3318 5138
734 341 798 410 roo
931 420 933 430 ,

156 533 292 616 ὥσπερ
316 533 393 616 rep
417 534 453 601 τὸ
478 531 613 615 ἄχόεται
635 537 706 618 τρός
730 535 765 600 τό
787 534 925 617 ἄχνυται
947 530 1015 615 ἔχει
1036 531 1362 615 περιττεύουσαν

159 642 479 721 ἄγανᾶκτητιν,
504 641 602 709 οὕτω
625 641 663 707 τό
685 644 822 723 χᾶετόαι
847 640 919 722 τρός
943 640 979 706 τό
1002 641 1182 721 χολοῦοόαι.
1229 639 1292 706 Pro
1311 639 1363 706 his

158 753 269 816 nostri
296 749 396 816 Oodd.
427 749 594 836 praebent,
628 752 769 816 ornatius
792 749 943 815 fortasse:
971 743 1158 830 irreptio
1183 748 1255 836 (hoc
1279 753 1364 814 cerie

160 877 266 944 prava
288 877 344 943 pro
367 855 461 941 γὰρ)
484 854 520 921 τό
543 855 680 937 ἄχόεται
705 857 777 937 πρὸς
800 855 835 921 τό
863 851 1001 935 ἄχνυται
1028 851 1095 935 ἔχει
1120 858 1362 935 περιττεῦον

161 974 217 1045 τῆ
240 965 553 1048 ἄγοινακτῆοει,
580 968 699 1029 τοῦτο
724 964 790 1030 καὶ
815 963 850 1028 τό
874 963 1010 1043 χώετόαι
1035 962 1107 1045 τρός
1127 961 1163 1027 τό
1182 963 1361 1045 χολοῆοόαι.

162 1069 259 1136 Haec
294 1075 367 1156 apte
401 1075 594 1156 sequuntur,
633 1069 733 1136 simut
767 1072 853 1136 enim
889 1089 969 1155 quae
1003 1070 1167 1168 hucusque
1197 1070 1237 1135 de
1267 1069 1364 1136 verbo

163 1177 306 1260 χόεοόαι
341 1177 427 1244 dicte
458 1183 532 1242 aunt
561 1175 750 1244 confirmant
778 1198 814 1244 ao
843 1197 962 1244 novum
993 1177 1071 1262 quid
1100 1176 1233 1242 afferunt
1256 1181 1364 1242 contra

165 1285 389 1353 Aristarcheos
408 1285 630 1364 observatum,
650 1292 687 1349 ut
704 1288 833 1371 apparet
853 1305 892 1350 ex
909 1281 1037 1349 Scholio
1056 1282 1230 1349 Aristonici
1242 1293 1284 1361 Ψ,
1298 1280 1363 1348 603

165 1397 205 1458 et
227 1390 350 1456 Lehrsii
374 1390 556 1457 Aristarcho
580 1412 610 1477 p.
641 1390 704 1455 145
731 1390 792 1478 (ed.
817 1389 889 1474 2⁸⁰).
937 1389 980 1455 At
1003 1389 1078 1456 vide
1101 1389 1179 1476 quid
1201 1392 1236 1454 in
1258 1394 1365 1456 nostra

107 1526 117 1540 ·
167 1501 311 1584 epitome
334 1501 487 1582 postrato
507 1493 643 1571 ’Ἕλλησι
662 1503 829 1583 sequatur:
853 1496 1003 1562 ταύτὸν
1026 1491 1091 1562 οὖν
1110 1493 1366 1581 (stuttmanni

167 1603 410 1689 emendatione,
441 1607 515 1681 γοῦν
547 1608 596 1670 est
624 1607 658 1670 in
688 1603 727 1690 lt)
754 1603 841 1669 ἐστι
873 1604 994 1681 όυμὸς
1020 1602 1087 1668 καὶ
1111 1601 1251 1683 χόλος·
1276 1610 1365 1682 μῆνις

168 1710 205 1776 δὲ
230 1710 281 1775 καὶ
306 1709 394 1787 μένος
419 1710 493 1792 όργῆ
517 1710 697 1784 ἐνατόόετος
719 1710 771 1776 καὶ
796 1708 937 1790 ἓμμονος.
984 1709 1167 1776 Bellissima
1190 1730 1264 1776 eane
1293 1730 1366 1776 cou-

166 1816 290 1885 elusio:
321 1815 435 1882 multis
459 1818 527 1907 egit
550 1823 660 1884 auctor
683 1817 722 1885 de
745 1839 819 1886 vera
845 1823 939 1903 atque
963 1821 1111 1883 accurata
1135 1816 1367 1906 significatione

167 1925 264 1992 verbi
293 1923 447 2011 χόεοόαι,
475 1927 578 2011 iisque
602 1925 642 1992 ad
664 1923 766 2014 finem
785 1924 944 2010 perductis
967 1945 1086 2012 magna
1110 1945 1184 1990 cum
1208 1927 1367 2014 gravitme

167 2030 277 2098 addit:
309 2031 423 2096 ταύτὸν
453 2028 502 2098 οὖν
530 2029 595 2096 ἐστὶ
626 2032 718 2110 όυμός
750 2032 802 2096 καὶ
826 2031 932 2111 χόλος.
981 2033 1048 2098 Aut
1070 2031 1131 2099 hoe
1155 2039 1204 2098 est
1226 2034 1365 2098 insanire

167 2140 230 2204 aut
259 2139 365 2203 nescio
396 2137 473 2223 qnid
505 2140 559 2204 sit.
606 2137 667 2204 Sed
698 2139 794 2205 huius
824 2139 899 2206 vitii
927 2159 1012 2204 nunc
1035 2139 1165 2224 quidem
1189 2141 1295 2206 insons
1320 2143 1368 2204 est

167 2243 388 2330 Porphyrius,
421 2247 476 2330 qui
506 2245 558 2310 his
590 2245 697 2312 verbis
728 2267 838 2312 revera
860 2266 936 2312 usus
960 2250 1008 2312 est
1031 2245 1086 2312 sed
1110 2245 1173 2312 alio
1197 2267 1369 2333 argumen-

170 2352 305 2417 tationis
337 2350 420 2429 loco,
454 2353 511 2417 ubi
543 2357 612 2418 tarn
642 2358 716 2438 apta
746 2358 820 2420 suut
851 2373 948 2439 quum
979 2374 1064 2419 nuno
1096 2352 1209 2419 aliena.
1256 2353 1368 2419 Nostro

171 2457 246 2524 loco
274 2461 309 2522 in
337 2456 523 2539 ζητημάτων
546 2459 684 2526 editione
708 2465 773 2527 est:
799 2461 838 2526 ἐν
862 2459 1021 2536 κινῆοει
1046 2461 1102 2538 μὲν
1127 2454 1176 2525 οὖν
1199 2459 1293 2541 χόλος
1315 2459 1368 2526 καὶ

175 2562 287 2643 όυμό·
331 2563 520 2652 (sequnntur
562 2565 666 2634 multe
706 2587 785 2652 quae
819 2567 866 2634 ibi
901 2587 1025 2654 quoque
1059 2574 1129 2632 οοόο
1161 2567 1238 2633 haec
1272 2568 1370 2635 verba

176 2670 359 2738 collocanda
392 2671 523 2758 iudico.)
556 2671 594 2738 ἐν
627 2672 666 2738 δὲ
698 2672 844 2754 σχέσει
873 2684 981 2760 μῆνις,
1004 2673 1094 2753 μόνος
1117 2673 1169 2739 καὶ
1193 2673 1289 2742 κότος.
1315 2674 1369 2741 καὶ

176 2783 266 2856 μῆνις
301 2778 359 2856 μὲν
390 2777 441 2843 καὶ
480 2777 569 2857 μένος
608 2779 682 2860 όργῆ
722 2781 901 2854 ἒνατόόετος
937 2780 988 2846 καὶ
1025 2779 1172 2860 ἔμμονος·
1209 2780 1304 2848 τᾶλιν
1340 2781 1372 2848 δὲ

176 2893 267 2962 μῆνις
308 2889 534 2967 προσειληφυῖα
576 2885 612 2950 τό
655 2885 864 2968 ἔτιτηρητικόν
908 2886 989 2966 μετ’
1029 2889 1275 2965 ἄγανακτῆτεοις
1317 2889 1371 2956 καὶ

176 2991 357 3058 κακοποιΐας
380 2991 467 3065 κότος
498 2991 664 3072 γίγνεται,
703 3013 783 3079 quae
817 2999 1009 3081 quantopere
1044 2996 1102 3079 iis,
1138 3016 1218 3081 quae
1250 3017 1289 3062 ex
1323 3017 1376 3062 co·

177 3099 302 3164 uicibus
340 3099 457 3164 nostris
499 3098 584 3166 edita
625 3106 701 3166 sunt
740 3105 918 3186 praestent,
953 3121 1049 3167 nemo
1082 3101 1165 3166 mihi
1199 3103 1376 3169 monendus

178 3209 239 3270 est.
286 3203 399 3289 Neque
440 3207 546 3293 magis
588 3209 751 3292 sequentia
793 3211 958 3274 cohaerent
997 3207 1081 3295 apud
1113 3211 1374 3294 epitomatorem:

179 3311 227 3379 ἄτι
260 3312 291 3378 δὲ
328 3311 363 3376 τό
394 3309 481 3389 μένος
515 3312 613 3387 οόόνος
650 3313 795 3392 »τᾶντοις
827 3310 885 3380 οἷον
916 3315 990 3394 ὲμόν
1019 3339 1059 3393 γε
1080 3315 1170 3394 μόνος
1194 3316 1247 3382 καὶ
1270 3325 1375 3399 χεῖρες

179 3417 318 3484 ἄαττοι”
348 3419 406 3502 (Θ,
437 3416 537 3501 450)·
568 3419 620 3484 nai
644 3421 716 3500 τρός
740 3420 792 3486 τὸν
816 3421 898 3488 Δόα·
924 3418 979 3501 »εὖ
1003 3445 1036 3486 νυ
1060 3421 1112 3488 καὶ
1138 3423 1227 3500 ῆμεῒς
1251 3419 1381 3502 όδμενᾶ

181 3549 228 3592 τοι
259 3523 359 3597 οόόνος
391 3525 444 3590 οὐκ
476 3525 655 3592 ἐπιεικτόν.”
677 3529 736 3613 (Θ,
762 3525 816 3593 32.
839 3529 893 3594 cfr.
918 3549 965 3596 vs.
992 3527 1081 3617 463.)
1107 3523 1377 3612 cretenach

182 3634 226 3699 τὸ
262 3631 399 3704 τόένος
434 3630 572 3710 μένος,
607 3631 705 3699 οὕτω
741 3636 809 3700 καὶ
845 3633 969 3716 χόλος
1001 3635 1130 3714 μένυν
1163 3635 1284 3714 μόνος
1308 3637 1376 3704 καὶ

183 3747 319 3819 μῆνις,
354 3737 408 3802 sed
432 3743 538 3804 tamen
562 3740 608 3805 ita
630 3743 705 3805 sunt
727 3742 844 3826 scripta
867 3746 904 3806 ut
928 3741 966 3808 ad
990 3743 1090 3828 ipsius
1114 3742 1287 3830 Porphyrii
1309 3749 1378 3810 tex·
1442 3759 1444 3766 ⁴

183 3851 257 3913 tum
281 3844 505 3932 corrigendum
529 3849 561 3910 et
583 3846 635 3912 hic
659 3847 781 3932 aliquid
804 3847 941 3914 afferant.
975 3848 1098 3934 Nempe
1122 3852 1212 3935 pouit
1233 3850 1378 3938 Porphy-

182 3957 271 4037 rius,
295 3959 385 4030 μῆνις
409 3956 441 4016 et
463 3951 552 4030 μόνος
575 3974 755 4041 synonyma
776 3975 843 4020 esse
862 3973 881 4020 a
901 3955 997 4021 verbo
1016 3955 1097 4033 μένοι
1118 3956 1271 4043 derivate,
1283 3958 1379 4045 idque

184 4077 330 4145 operose,
359 4062 397 4123 ut
421 4078 564 4144 semper,
589 4059 794 4126 demonstrat.
821 4061 881 4126 Καὶ
905 4066 940 4128 τὸ
963 4060 1052 4140 μόνος
1076 4062 1107 4128 δὲ
1133 4099 1174 4112 -
1198 4065 1312 4150 incipIt
1336 4103 1377 4115 --

185 4165 275 4244 παρὰ
299 4164 334 4228 τό
355 4163 467 4242 μένειν.
491 4163 591 4242 μένειν
615 4164 646 4231 δὲ
670 4165 810 4243 ἄκόνητον
834 4161 953 4252 (εἶναι
976 4165 1073 4254 inst)
1096 4168 1148 4233 xci
1170 4166 1302 4251 ἄτρομον
1325 4171 1378 4238 καὶ

186 4275 233 4354 μῆ
265 4269 407 4354 φεύγειν.
441 4271 491 4354 ,ἐν
519 4269 581 4352 γᾶρ
612 4295 657 4338 τοι
687 4273 831 4348 οτῆόεστι
855 4274 944 4352 μένος
968 4278 1119 4355 τατρόιόν
1142 4271 1202 4350 ῆκκ
1225 4275 1380 4360 ἄτρομον”

189 4383 248 4467 (E,
264 4379 353 4465 125).
377 4371 423 4442 ότι
447 4379 511 4459 γόιρ
534 4379 621 4459 ταρᾶ
644 4380 679 4446 τό
702 4379 821 4459 μένειν,
847 4381 913 4460 ,,ἔτι
937 4405 988 4460 μοι
1012 4385 1101 4461 μένος
1126 4381 1258 4461 ἔμπεδόν
1279 4385 1379 4452 εὀτι.”

193 4492 244 4577 (E,
265 4481 365 4572 254.).
386 4485 438 4549 καὶ
460 4485 547 4564 μένος
567 4482 616 4552 οὖν
634 4488 744 4570 χειρῶν
763 4488 799 4553 τὸ
818 4487 948 4569 ἔμμονον
960 4489 1046 4572 ἔργον
1059 4493 1130 4574 τρός
1143 4491 1177 4558 τό
1192 4489 1380 4574 δρᾶξαοόαι·
