3242 5140
694 309 758 378 409

131 538 172 548 -
197 500 289 568 lacile
317 501 526 590 intellegitur.
576 499 629 566 An
653 504 788 590 cogitari
811 503 910 588 possit
934 505 951 578 ή
977 501 1071 582 περί
1094 525 1201 575 τινος
1226 498 1316 582 δόξει,

128 612 219 694 quasi
248 609 334 675 idem
358 617 439 676 esset
462 629 498 674 ac
522 609 538 683 ή
564 608 630 687 περὶ
656 611 750 674 κὺτοῦ
772 613 884 695 Φήμη,
906 611 964 676 hoc
982 629 1106 695 quoqne
1126 611 1159 673 in
1181 609 1317 676 dubium

129 737 241 782 vocare
270 716 390 782 licebit.
438 717 566 782 Dicitur
599 717 616 790 ή
648 718 726 787 τινὸς
761 715 854 795 δόξει,
883 717 974 783 cuius
997 715 1135 782 solennis
1159 723 1206 782 est
1228 737 1320 802 para-

129 821 253 908 phrasis
288 829 382 908 atque
414 825 447 886 in
478 823 595 888 nostris
625 843 778 907 perquam
810 823 974 910 frequens,
1007 845 1101 910 quam
1133 826 1276 910 reposui,
1302 828 1318 902 ή

129 929 215 1009 περθ
237 951 330 995 τινα
357 927 442 1004 δόξαν.

175 1164 203 1218 ι,
228 1139 304 1208 267.
353 1139 464 1206 Ulixes
496 1140 682 1226 suppliciter
709 1139 946 1228 Polyphemum
971 1138 1154 1206 adlocutus:
1182 1142 1270 1220 ήμεῑι
1294 1143 1320 1206 δ’

130 1243 206 1311 οοῦτε
232 1285 272 1296 -
297 1248 402 1332 inquit
427 1286 468 1295 —
494 1247 690 1326 κιχανόμενοι
726 1247 770 1310 τοὶ
805 1247 846 1312 σοὶ
881 1249 979 1324 γοῦνοο
1013 1259 1030 1332 Η
1066 1247 1195 1322 ἱκόμεθ’,
1233 1247 1260 1312 εἴ
1290 1270 1320 1309 τι

130 1353 229 1434 πθροις
255 1352 392 1430 ξεινήϊον.
439 1351 635 1420 Obmovetur
658 1355 812 1439 quaestio:
840 1353 892 1418 eal
917 1355 949 1418 rt
970 1351 1063 1428 ξένιον
1086 1353 1230 1436 ήλπιζεν;
1252 1377 1320 1434 προ-

130 1461 231 1539 βιθτου
264 1461 350 1541 δορὰν
372 1460 455 1533 leur.
478 1461 564 1525 ἀλλὰ
590 1464 641 1526 τὸν
664 1462 706 1532 εἰς
729 1460 798 1533 τοὺς
822 1457 923 1536 ξένους
946 1461 1120 1534 καθήκοντα
1144 1457 1226 1528 ἔλεον
1250 1485 1320 1540 πρε-

130 1568 247 1640 πθνπιος
285 1616 384 1633 .....
421 1567 749 1643 οθποπεπλιινημένον
786 1563 841 1644 ἔξω
873 1576 928 1640 τῆς
960 1569 1134 1644 οἰκουμένης
1166 1567 1217 1632 διὰ
1252 1573 1320 1633 τοῦ

128 1676 253 1752 ἀγνοεῖν
278 1674 346 1740 xci
371 1675 638 1754 πορκπεμφθήνιιι
662 1675 893 1752 βοθλετθοιι
919 1672 970 1738 drab
994 1682 1048 1747 τής
1072 1673 1229 1752 μηνύσεως
1253 1673 1320 1739 τθν

129 1781 258 1848 τόπον.
282 1780 335 1868 (Τ)
362 1777 589 1867 Coniungenda
617 1785 691 1845 sunt
713 1779 808 1854 haec,
833 1785 870 1846 ut
893 1780 927 1843 in
950 1778 1049 1845 altera
1072 1788 1161 1866 parte
1191 1782 1319 1848 uberius

130 1893 318 1974 exponetur,
366 1907 438 1952 cnm
483 1888 523 1951 iis
570 1907 649 1971 quae
697 1885 736 1950 ad
785 1908 829 1953 vs.
874 1883 939 1950 229
984 1907 1022 1951 ax
1066 1883 1093 1968 Q
1135 1889 1319 1974 prodierunt

129 1995 174 2080 (p.
208 1992 285 2069 425,
317 1991 340 2058 1.
375 1989 475 2077 1-8)
512 1997 543 2056 et
574 1991 652 2078 ipsis
684 1991 931 2079 flagitiosissime
963 1997 1136 2079 corruptis,
1161 2016 1179 2060 a
1203 1995 1319 2080 quibus

129 2105 235 2166 tamen
260 2099 393 2171 θνιιθτος
418 2097 540 2180 ἔχουσιν
564 2119 696 2164 manum
716 2098 871 2183 abstinui,
892 2120 1030 2185 cumque
1049 2100 1164 2166 horum
1177 2103 1320 2167 breviore

129 2210 267 2293 epitome
302 2228 340 2272 ex
375 2205 474 2287 HQT.
509 2211 550 2293 (p.
585 2205 651 2270 424
682 2205 704 2270 l.
737 2204 898 2290 26-29.)
934 2206 1050 2272 Nostra
1073 2228 1214 2294 quoque,
1240 2229 1319 2293 quae

129 2335 223 2399 supra
267 2314 434 2398 exscripsi,
477 2315 652 2400 aegerrime
687 2316 718 2377 in
754 2313 947 2379 editionibus
983 2313 1189 2380 obambulare
1226 2334 1320 2380 nemo

129 2425 233 2506 potest
255 2440 319 2485 non
343 2420 459 2486 videre.
492 2419 656 2484 Lacunam
678 2423 750 2505 post
774 2417 947 2498 aperturae
971 2420 1126 2486 indicavit
1149 2417 1319 2500 Prellerqs.

128 2527 192 2594 Fac
215 2547 286 2592 eam
308 2525 515 2612 probabiliter
538 2525 715 2611 expletam,
741 2561 782 2572 -
808 2524 891 2610 quod
914 2546 976 2591 non
1002 2529 1050 2592 est
1073 2525 1150 2592 adeo
1175 2525 1321 2612 difficile,

130 2671 171 2683 -
196 2638 230 2698 at
252 2632 335 2699 nihil
358 2632 559 2719 proiecimus.
606 2629 699 2696 Unde
722 2632 808 2696 enim
832 2633 1031 2699 accusativus
1054 2631 1321 2710 θπιπεπλιιιημέ-

128 2743 201 2805 aas?
231 2739 321 2805 Unde
353 2737 532 2804 infinitivus
554 2734 745 2817 βούλεοθυιθ
769 2736 840 2804 Nou
863 2743 965 2816 certe,
989 2738 1073 2824 qnod
1096 2739 1226 2806 fortasse
1248 2740 1320 2826 quis

127 2847 232 2933 primo
264 2847 379 2912 obtutu
411 2843 588 2930 putaverit,
619 2865 638 2910 a
668 2843 873 2930 praecedente
905 2842 964 2909 διθ.
1012 2842 1212 2912 Bellissimns
1247 2866 1321 2910 sane

128 2955 228 3032 foret,
253 2956 280 3017 ai
305 2955 377 3038 quis
400 2953 627 3017 οὶποπλκνᾶτοιι
651 2955 719 3017 sive
744 2951 794 3016 θινὶ
819 2955 891 3036 τοῦ,
915 2953 982 3017 sive
1006 2952 1055 3016 aa
1080 2955 1134 3038 rb,
1154 2976 1322 3033 παραπερι-

129 3063 243 3144 φθήνιιι
275 3059 451 3138 βοθλετθοιι.
499 3057 609 3144 Neque
633 3058 739 3145 magis
765 3059 837 3143 quis
863 3058 1026 3143 expediat,
1051 3058 1128 3145 qnid
1151 3061 1193 3124 sit
1218 3061 1235 3134 ή
1259 3062 1322 3140 μή·

129 3190 212 3235 νυτιο
238 3167 290 3231 τὸν
319 3165 423 3232 τόπον.
470 3164 551 3230 Sunt
573 3165 671 3232 rerba
696 3185 735 3229 ac
758 3182 867 3239 voces,
891 3169 1113 3252 praetoresque
1135 3164 1229 3231 nihil.
1277 3164 1323 3231 At

129 3273 214 3360 qnod
238 3276 271 3338 in
295 3275 456 3358 superiore
478 3271 598 3336 scholio
624 3269 676 3359 (ad
700 3291 746 3338 vs.
773 3267 839 3335 229
846 3283 852 3345 t
878 3269 963 3336 mibi
986 3277 1140 3358 negatum
1165 3277 1249 3349 erat,
1269 3271 1322 3337 hic
1372 3348 1382 3370 ,

129 3380 212 3445 milri
247 3385 357 3464 sponte
392 3377 545 3466 contigit,
579 3383 617 3443 ut
638 3376 825 3450 ⁴minutulis
861 3377 1052 3462 quibusdam
1077 3378 1322 3444 correctionibus

130 3484 364 3552 tralaticiorum
393 3486 546 3550 vitiorum
571 3483 723 3550 adhibitis
746 3482 835 3548 locus
858 3485 1038 3570 integritati
1061 3487 1188 3551 restitui
1211 3488 1320 3571 possit.

129 3593 253 3677 Nempe
287 3591 460 3657 scribatur:
497 3590 549 3655 κοιθ
586 3591 618 3655 πή
646 3587 740 3664 ξένιον
770 3589 914 3670 ήλπιζεν;
947 3589 1105 3669 προβάτου
1129 3591 1215 3672 δορὰν
1240 3591 1322 3667 ἴσως.
1427 3579 1429 3584 ,

130 3699 220 3764 ιὶλλθο
250 3699 300 3764 τὸν
332 3701 375 3770 εἷς
407 3699 476 3768 τοὺς
509 3677 609 3772 ξὲνους
636 3697 805 3771 κκθήκοντκ
831 3695 913 3761 ἔλεον
937 3697 1108 3776 πρεπόντως
1133 3698 1322 3783 (προβάλ-

130 3806 284 3890 λετοιι),
317 3801 648 3882 οὶποπεπλοονημὲνος
679 3800 733 3878 ἔξω
764 3811 819 3878 τῆς
853 3802 1026 3882 οἰκουμένης
1059 3804 1108 3870 tut
1133 3805 1175 3870 τὸ
1199 3809 1323 3884 ἀγνοεῖν

131 3913 184 3978 κιο)
208 3915 475 3993 πυροπεμφθήνοιι
501 3910 721 3986 βουληθεὶς
745 3909 796 3975 διὰ
820 3917 875 3984 τῆς
902 3910 1057 3987 μηνύσεως
1082 3917 1156 3975 τῶν
1180 3909 1321 3976 τθπων.

131 4017 226 4083 Nunc
250 4018 335 4084 clara
356 4017 428 4083 luce
450 4016 577 4103 dulgent
601 4021 734 4100 atquae
759 4015 905 4100 deinceps
930 4022 1123 4101 sequuntur:
1148 4023 1237 4082 τοῦτο
1260 4017 1323 4099 γὰρ

130 4126 184 4193 nal
217 4127 294 4198 εθκὸς
325 4124 530 4200 διανοούμενος
569 4123 621 4186 οὐκ
653 4119 774 4194 ἐπεθοθη
808 4129 870 4192 τοῖς
903 4121 1030 4204 ἕτοιθροις
1061 4119 1140 4186 ὅστε
1170 4123 1320 4206 φεύγειν,

130 4233 221 4299 ἀλλὰ
256 4235 297 4313 τῷ
333 4231 455 4311 κινδύνῳ
491 4227 723 4310 προτεβοὶλλετο
761 4229 907 4306 aaaron
939 4226 1058 4305 ἀξιῶν
1090 4226 1208 4312 ὁποίῳ
1240 4233 1322 4312 πλῷ

129 4338 324 4417 τεύξετιιι
348 4343 415 4404 τοῦ
440 4337 587 4403 νθττου.
623 4333 798 4400 simillime
821 4335 855 4400 in
876 4335 986 4400 eodem
1006 4335 1034 4400 Τ
1054 4357 1147 4422 supra
1167 4336 1323 4424 adscripta

131 4457 207 4516 sunt
239 4448 277 4514 ad
311 4467 340 4512 v.
368 4447 442 4522 174,
476 4445 628 4510 obicum
651 4441 762 4507 Ulixes
786 4441 919 4509 dixisset
939 4441 1025 4508 τῶνδ’
1051 4441 1160 4528 ἀνδρῶν
1184 4444 1322 4530 πειρήσο-
