3220 5144
786 405 789 412 ,
862 331 928 402 464

296 519 488 598 ἀλληγορίας
519 521 769 598 θεολογήσαντας.
818 523 961 590 Pessime
992 526 1070 592 hoco
1102 525 1135 590 in
1166 523 1330 592 codicibus
1355 524 1489 602 cnon,

297 648 372 692 cum
396 633 428 693 et
448 626 583 704 μέμηνεν
607 635 640 695 et
663 630 865 710 παρεισάγειν
888 631 927 704 de
950 632 1090 698 Homero
1115 633 1199 698 dicta
1223 633 1406 716 oportebat,
1426 651 1490 696 nou

298 734 336 800 de
371 733 434 801 alio
465 735 603 820 quodem
636 737 717 802 henc
751 736 912 804 fictionem
945 747 982 806 ut
1014 741 1148 824 impiam
1180 737 1348 824 culpante,
1373 739 1490 822 quint

296 846 425 926 propter
465 841 547 907 hanc
587 845 841 910 criminationem
879 847 1047 924 μεμηνέναι
1084 847 1215 912 fortasse
1249 845 1289 910 eb
1324 843 1489 910 Heraclito

297 952 446 1028 φορτικῶς
478 947 627 1034 loquente
658 950 721 1016 dici
757 954 882 1037 potuit,
915 959 949 1018 et
980 959 1065 1018 certe
1096 973 1158 1018 non
1183 954 1265 1024 θεοὺς
1290 953 1489 1032 μαχομένους

295 1055 444 1129 ἀλληλοις
483 1059 696 1135 παρεισάγειν.
743 1059 854 1144 Neque
889 1058 1072 1124 Mehlerum
1106 1057 1208 1146 fugit,
1246 1057 1490 1136 „Heraclitum‚

296 1163 453 1246 siquidem
477 1163 639 1248 sapiebat,
665 1168 712 1231 ite
741 1167 876 1231 scribere
906 1186 968 1232 nou
992 1169 1141 1252 potuisse.
1190 1161 1251 1231 Oui
1274 1165 1334 1229 hoc
1357 1165 1489 1230 fortasse
1546 1197 1553 1210 ·

296 1273 344 1334 eet
378 1269 631 1335 restituendum:
667 1272 770 1338 οὕαανν
806 1269 882 1339 οὕτω
919 1274 1071 1350 μέμηνεν,
1105 1274 1143 1344 ἀς
1179 1307 1197 1322 -
1212 1307 1230 1320 -
1263 1273 1487 1356 παρεισάγειν,

293 1372 449 1455 Ὅμηρος,
464 1384 597 1458 φνσιιεῦς
619 1380 712 1444 ταῦτ’
735 1382 831 1446 αὐτοῦ
853 1383 890 1446 δι’
912 1382 986 1446 ἀλλ.
1008 1379 1276 1457 cerotem?
1300 1379 1336 1444 ln
1355 1378 1488 1446 eandem

268 1465 487 1549 ‘sententiam
522 1483 589 1569 ipse
624 1489 829 1552 correxerim:
868 1488 925 1556 Τές
958 1483 1006 1552 οὖν
1039 1483 1113 1551 οὕτω
1146 1484 1363 1570 μεμηνέν(α
1372 1486 1415 1570 ι),
1448 1488 1486 1558 ἀς

296 1589 378 1658 θεοὺς
408 1592 608 1668 μαχομένους
640 1591 788 1665 ἀλληλοις
813 1593 1033 1677 παρεισάγειν,
1059 1593 1201 1678 (λέγει)
1223 1592 1403 1675 Ὅμηρον,
1427 1599 1486 1674 φν-

294 1698 408 1768 σιιιῶς
434 1697 493 1784 (ita
520 1697 623 1782 codd.)
646 1703 751 1763 ταῦτα
776 1699 814 1764 δι’
838 1699 1032 1778 ἀλληγορίας
1058 1701 1310 1778 donatricem
1336 1699 1389 1764 Ita
1412 1721 1484 1765 v-e.

293 1825 325 1890 p.
351 1803 388 1868 4:
413 1803 461 1876 τές
486 1801 512 1867 δ’
537 1803 585 1868 ἐπὶ
610 1803 728 1876 τούτοις
748 1807 904 1886 Ὅμηρον
924 1805 1155 1885 ἀσεβῆλέγειν
1175 1811 1296 1889 ταλμρῖρ
1311 1805 1486 1893 eademque

241 1971 248 1980 .
293 1910 397 1978 forme
418 1910 635 1998 interrogandi
659 1916 769 1978 auctor
792 1915 918 1998 saepius
941 1915 1055 1979 utitur.

339 2122 374 2192 (l.
399 2125 459 2190 ΙιΧ
484 2125 527 2212 (p.
556 2122 650 2204 122):
677 2123 748 2190 ’Eri
773 2126 827 2197 την
853 2127 953 2200 tireio
982 2126 1176 2204 μεταβῶμεν
1201 2124 1395 2222 Ὀξύτσειαν.
1419 2126 1484 2192 οὐδὲ

293 2231 356 2312 γάρ
389 2231 469 2307 αὕτη
500 2234 625 2305 τελείας
658 2233 909 2310 ἀφιλοσόφητος·
944 2234 1020 2298 ἀλλ’
1052 2234 1082 2296 έν
1115 2233 1266 2313 ἑκατέροις
1291 2241 1354 2306 τοῖς
1379 2256 1483 2310 onaa-

292 2339 366 2412 τέαις
385 2335 484 2414 ὅμοιον
504 2339 678 2420 εὑρίσκομεν
688 2339 845 2423 Ὅμηρον,
859 2337 952 2416 μηδὲν
973 2341 1041 2419 περὶ
1063 2341 1131 2404 θεῶν
1152 2341 1287 2419 ἀπρεπὲς
1306 2342 1483 2420 ἱστοροῦντα

185 2448 187 2458 ’
293 2447 385 2534 [δέκα
422 2447 453 2511 δέ
486 2454 541 2518 τῆς
575 2447 719 2520 τοιαύτης
757 2446 917 2526 ἐμπειρίας
956 2447 1190 2533 αἰνιττόμενον]
1239 2446 1327 2528 Quae
1359 2450 1483 2514 uncinis
1589 2519 1590 2526 η

290 2553 414 2620 incluse
446 2554 576 2619 exhibui
608 2553 762 2619 vocabule
793 2575 854 2620 non
888 2555 1101 2620 meoiudicio
1126 2556 1229 2621 textui
1254 2553 1481 2632 detrahuntur,

290 2663 345 2728 sed
376 2660 515 2727 Mehlcri
548 2663 594 2726 sic
618 2661 830 2745 disputantis:
856 2659 1019 2738 „eiusdem
1044 2661 1146 2744 (haec)
1170 2661 1322 2726 videntur
1344 2682 1411 2726 esse
1435 2661 1481 2726 ie·

289 2770 393 2845 rinae,
427 2771 516 2832 cuius
548 2769 613 2832 iem
649 2767 742 2853 plure
771 2787 828 2852 per
860 2773 984 2831 textum
1010 2765 1228 2832 Heracliteum
1257 2751 1482 2834 demonstrent.

289 2877 364 2941 Sunt
394 2875 637 2957 interpolatoris,
670 2895 727 2939 uec
758 2874 967 2939 inveniuntur
997 2875 1030 2938 in
1061 2876 1183 2959 optimo
1213 2875 1280 2940 cod.
1311 2873 1357 2952 D,
1382 2895 1483 2960 neque

289 2982 375 3067 apud
396 2979 626 3058 Scholiastam,
649 2983 703 3065 qui
729 3002 747 3045 a
771 2978 936 3046 vocabulis
960 2981 1084 3050 τελείας
1108 2977 1342 3061 ἀφιλοσόφητος
1365 2973 1480 3066 raptim

289 3088 405 3153 transit
427 3085 466 3150 ad
493 3106 547 3161 ea,
573 3106 653 3170 quae
678 3093 752 3150 sunt
776 3086 851 3151 inde
875 3108 893 3150 a
917 3087 1020 3171 cupite
1042 3084 1116 3150 61.‘’
1140 3087 1184 3151 At
1204 3107 1283 3170 quae
1303 3087 1381 3152 haec
1402 3089 1481 3152 ratio

288 3201 354 3278 set,
385 3213 465 3278 queo
495 3193 640 3278 expedire
672 3212 825 3277 nequens,
861 3213 895 3258 ea
928 3197 1094 3277 propterea
1126 3193 1230 3258 delore
1262 3198 1299 3258 ut
1321 3189 1481 3260 insiticia?

290 3301 359 3382 Quo
393 3300 521 3365 tandem
558 3298 690 3364 consilio
720 3299 797 3364 haec
829 3319 922 3364 sensu
954 3319 1042 3364 cassa
1064 3299 1231 3366 adiecisset
1254 3297 1480 3384 interpolatori

288 3409 332 3475 At
356 3407 469 3472 desunt
494 3407 527 3469 iu
551 3425 611 3469 uno
636 3405 760 3480 codice,
787 3412 943 3488 quantum
966 3405 1113 3490 equidem
1136 3407 1228 3474 video
1248 3408 1379 3471 caeteris
1399 3403 1477 3469 nihil

289 3513 351 3580 fide
375 3513 533 3600 digniore,
559 3517 590 3576 et
615 3511 698 3596 apud
724 3510 947 3578 Scholiastnm.
987 3510 1098 3595 Itaque
1123 3511 1340 3577 antecedentia
1358 3529 1479 3597 quoque

288 3622 377 3708 (ἀλλ’
402 3620 432 3684 έν
455 3619 606 3698 ἑκατέροις
622 3653 674 3670 --
695 3619 833 3696 ἀπρεπὲς
858 3619 1050 3704 ἱστοροῦντα)
1073 3617 1237 3684 Heraclito
1261 3618 1478 3684 abiudicemus

288 3747 414 3794 necesse
438 3732 500 3810 est,
525 3727 675 3811 quonism
701 3725 785 3811 opud
810 3725 945 3790 eundem
967 3723 1176 3790 Scholiastcm
1196 3725 1321 3790 desunt.
1343 3723 1479 3790 Moleste

288 3837 384 3905 verba
411 3839 486 3900 sunt
517 3841 550 3900 et
582 3834 667 3898 haud
700 3833 796 3897 dubie
827 3838 994 3918 corrupte,
1020 3833 1053 3897 in
1081 3831 1197 3917 quibus
1221 3833 1426 3896 restituendis
1448 3835 1479 3896 et

288 3940 448 4010 Gesnerus
477 3948 509 4005 et
540 3939 704 4004 Schowius
736 3939 948 4014 desudarunt,
972 3937 1026 4004 hic
1050 3940 1192 4018 ἀπειρίας
1215 3939 1404 4022 conficiens,
1426 3937 1479 4004 ille

288 4047 473 4128 ἀπρεπείας.
498 4045 547 4111 De
571 4045 688 4132 quibus
712 4045 771 4110 hoc
795 4044 931 4110 Hehleri
952 4045 1108 4110 iudicium
1131 4049 1196 4109 est:
1220 4051 1378 4129 „praestet
1397 4044 1478 4108 haud

288 4155 384 4221 dubie
420 4151 557 4218 Schowii
594 4155 774 4216 coniectare
812 4149 1049 4216 Gesneriense.”
1091 4149 1246 4236 Equidem
1283 4159 1315 4214 et
1354 4153 1388 4214 in
1423 4150 1479 4216 heo

289 4261 507 4328 aestimatione
532 4261 578 4323 ite
603 4259 642 4324 eb
667 4259 736 4322 eius
759 4257 854 4323 effato
875 4257 1026 4322 dissentio
1046 4263 1083 4322 ut
1102 4263 1248 4322 neutram
1269 4257 1477 4324 coniecturam
1587 4281 1588 4296 ι

289 4367 438 4455 probem,
470 4365 641 4449 locumque
673 4362 786 4430 lacuna
817 4365 905 4431 hiere
937 4364 1043 4449 potius
1075 4366 1250 4430 censuerim
1276 4366 1322 4430 sic
1342 4365 1407 4430 fere
1430 4387 1478 4430 er·

289 4472 421 4566 plende:
456 4508 475 4523 ·
491 4507 509 4522 ·
543 4468 641 4550 ὅμοιον
667 4469 842 4551 εὑρίσκομεν
863 4469 1021 4558 Ὅμηρον,
1044 4471 1139 4551 μηδὲν
1160 4471 1228 4552 περὶ
1253 4471 1323 4536 θεῶν
1345 4471 1478 4553 ἀπρεπὲς
