<?xml version="1.0" encoding="UTF-8"?>
<!DOCTYPE html PUBLIC "-//W3C//DTD XHTML 1.0 Transitional//EN"
    "http://www.w3.org/TR/xhtml1/DTD/xhtml1-transitional.dtd">
<html xmlns="http://www.w3.org/1999/xhtml" xml:lang="en" lang="en">
 <head>
  <title>
</title>
<meta http-equiv="Content-Type" content="text/html;charset=utf-8" />
  <meta name='ocr-system' content='tesseract 3.04.00' />
  <meta name='ocr-capabilities' content='ocr_page ocr_carea ocr_par ocr_line ocrx_word'/>
</head>
<body>
  <div class='ocr_page' id='page_1' title='image "./adodysseameiusq01polagoog_0114.png"; bbox 0 0 3318 5138; ppageno 0'>
   <div class='ocr_carea' id='block_1_1' title="bbox 769 363 811 432">
    <p class='ocr_par' dir='ltr' id='par_1_1' title="bbox 769 363 811 432">
     <span class='ocr_line' id='line_1_1' title="bbox 769 363 811 432; baseline 0 0"><span class='ocrx_word' id='word_1_1' title='bbox 769 363 811 432; x_wconf 86' lang='lat'>99</span> 
     </span>
    </p>
   </div>
   <div class='ocr_carea' id='block_1_2' title="bbox 193 547 1384 738">
    <p class='ocr_par' dir='ltr' id='par_1_2' title="bbox 193 547 1384 738">
     <span class='ocr_line' id='line_1_2' title="bbox 194 547 1384 650; baseline 0.011 -35"><span class='ocrx_word' id='word_1_2' title='bbox 194 547 295 637; x_wconf 78' lang='grc' dir='ltr'><strong><em>ἔσκεν,</em></strong></span> <span class='ocrx_word' id='word_1_3' title='bbox 320 554 394 634; x_wconf 78' lang='grc' dir='ltr'><strong><em>οὶρθρν</em></strong></span> <span class='ocrx_word' id='word_1_4' title='bbox 417 553 480 620; x_wconf 74' lang='lat' dir='ltr'>cirri</span> <span class='ocrx_word' id='word_1_5' title='bbox 505 551 583 618; x_wconf 77' lang='lat' dir='ltr'>circeo</span> <span class='ocrx_word' id='word_1_6' title='bbox 608 555 736 633; x_wconf 80' lang='grc' dir='ltr'><strong><em>οὶμῦνοον.</em></strong></span> <span class='ocrx_word' id='word_1_7' title='bbox 770 554 912 635; x_wconf 78' lang='lat' dir='ltr'>Quorum</span> <span class='ocrx_word' id='word_1_8' title='bbox 935 561 1044 624; x_wconf 84' lang='lat' dir='ltr'>eutem</span> <span class='ocrx_word' id='word_1_9' title='bbox 1067 555 1199 638; x_wconf 67' lang='grc' dir='ltr'><strong><em>πατέρες</em></strong></span> <span class='ocrx_word' id='word_1_10' title='bbox 1222 557 1384 650; x_wconf 75' lang='lat' dir='ltr'>cogitandi</span> 
     </span>
     <span class='ocr_line' id='line_1_3' title="bbox 193 659 631 738; baseline 0.009 -14"><span class='ocrx_word' id='word_1_11' title='bbox 193 661 270 738; x_wconf 88' lang='lat' dir='ltr'>sint,</span> <span class='ocrx_word' id='word_1_12' title='bbox 295 659 426 728; x_wconf 88' lang='lat' dir='ltr'>difficile</span> <span class='ocrx_word' id='word_1_13' title='bbox 449 662 539 728; x_wconf 89' lang='lat' dir='ltr'>dictu</span> <span class='ocrx_word' id='word_1_14' title='bbox 561 664 631 728; x_wconf 83' lang='lat' dir='ltr'>erit.</span> 
     </span>
    </p>
   </div>
   <div class='ocr_carea' id='block_1_3' title="bbox 188 867 1386 1926">
    <p class='ocr_par' dir='ltr' id='par_1_3' title="bbox 188 867 1386 1926">
     <span class='ocr_line' id='line_1_4' title="bbox 236 867 1384 965; baseline 0.006 -26"><span class='ocrx_word' id='word_1_15' title='bbox 236 872 287 940; x_wconf 79' lang='lat' dir='ltr'>Ac</span> <span class='ocrx_word' id='word_1_16' title='bbox 312 876 447 942; x_wconf 86' lang='lat' dir='ltr'>eundem</span> <span class='ocrx_word' id='word_1_17' title='bbox 471 897 598 942; x_wconf 86' lang='lat' dir='ltr'>versum</span> <span class='ocrx_word' id='word_1_18' title='bbox 621 867 782 943; x_wconf 82' lang='lat' dir='ltr'>odhotetio</span> <span class='ocrx_word' id='word_1_19' title='bbox 802 879 914 943; x_wconf 77' lang='lat' dir='ltr'>critica</span> <span class='ocrx_word' id='word_1_20' title='bbox 931 878 1087 964; x_wconf 72' lang='lat' dir='ltr'>pertinet,</span> <span class='ocrx_word' id='word_1_21' title='bbox 1108 899 1146 944; x_wconf 86' lang='lat' dir='ltr'>er</span> <span class='ocrx_word' id='word_1_22' title='bbox 1166 878 1384 965; x_wconf 82' lang='lat' dir='ltr'>compluribus</span> 
     </span>
     <span class='ocr_line' id='line_1_5' title="bbox 194 976 1386 1072; baseline 0.006 -26"><span class='ocrx_word' id='word_1_23' title='bbox 194 976 363 1048; x_wconf 81' lang='lat' dir='ltr'>Godieibns</span> <span class='ocrx_word' id='word_1_24' title='bbox 390 981 571 1070; x_wconf 79' lang='lat' dir='ltr'>(HMQRT)</span> <span class='ocrx_word' id='word_1_25' title='bbox 597 981 699 1062; x_wconf 84' lang='lat' dir='ltr'>edito,</span> <span class='ocrx_word' id='word_1_26' title='bbox 726 1003 806 1068; x_wconf 86' lang='lat' dir='ltr'>ques</span> <span class='ocrx_word' id='word_1_27' title='bbox 829 991 866 1049; x_wconf 90' lang='lat' dir='ltr'>nt</span> <span class='ocrx_word' id='word_1_28' title='bbox 888 983 1023 1072; x_wconf 86' lang='lat' dir='ltr'><strong>Didymi</strong></span> <span class='ocrx_word' id='word_1_29' title='bbox 1047 987 1105 1063; x_wconf 90' lang='lat' dir='ltr'>sit,</span> <span class='ocrx_word' id='word_1_30' title='bbox 1128 1021 1170 1034; x_wconf 90' lang='lat'>—</span> <span class='ocrx_word' id='word_1_31' title='bbox 1190 986 1274 1052; x_wconf 89' lang='lat' dir='ltr'>inter</span> <span class='ocrx_word' id='word_1_32' title='bbox 1294 990 1386 1054; x_wconf 87' lang='lat' dir='ltr'>coins</span> 
     </span>
     <span class='ocr_line' id='line_1_6' title="bbox 192 1085 1384 1177; baseline 0.008 -26"><span class='ocrx_word' id='word_1_33' title='bbox 192 1085 342 1172; x_wconf 74' lang='lat' dir='ltr'>reliquias</span> <span class='ocrx_word' id='word_1_34' title='bbox 365 1088 565 1156; x_wconf 80' lang='lat' dir='ltr'>Schmidtins</span> <span class='ocrx_word' id='word_1_35' title='bbox 589 1109 660 1155; x_wconf 82' lang='lat' dir='ltr'>eom</span> <span class='ocrx_word' id='word_1_36' title='bbox 684 1088 826 1164; x_wconf 88' lang='lat' dir='ltr'>rettulit,</span> <span class='ocrx_word' id='word_1_37' title='bbox 839 1126 882 1140; x_wconf 95' lang='lat'><em>-</em></span> <span class='ocrx_word' id='word_1_38' title='bbox 897 1096 980 1156; x_wconf 89' lang='lat' dir='ltr'>certe</span> <span class='ocrx_word' id='word_1_39' title='bbox 1003 1111 1064 1157; x_wconf 91' lang='lat' dir='ltr'>non</span> <span class='ocrx_word' id='word_1_40' title='bbox 1089 1113 1128 1158; x_wconf 85' lang='lat' dir='ltr'>ex</span> <span class='ocrx_word' id='word_1_41' title='bbox 1146 1091 1280 1177; x_wconf 90' lang='lat' dir='ltr'>limpido</span> <span class='ocrx_word' id='word_1_42' title='bbox 1298 1093 1384 1161; x_wconf 82' lang='lat' dir='ltr'>fonte</span> 
     </span>
     <span class='ocr_line' id='line_1_7' title="bbox 194 1191 1384 1278; baseline 0.007 -22"><span class='ocrx_word' id='word_1_43' title='bbox 194 1191 307 1260; x_wconf 75' lang='lat' dir='ltr'>hausto</span> <span class='ocrx_word' id='word_1_44' title='bbox 331 1203 388 1261; x_wconf 87' lang='lat' dir='ltr'>est.</span> <span class='ocrx_word' id='word_1_45' title='bbox 413 1202 477 1267; x_wconf 76' lang='grc' dir='ltr'>πῶς</span> <span class='ocrx_word' id='word_1_46' title='bbox 499 1198 571 1269; x_wconf 77' lang='grc' dir='ltr'>τοὺς</span> <span class='ocrx_word' id='word_1_47' title='bbox 595 1204 771 1274; x_wconf 74' lang='grc' dir='ltr'><em>μνηστῆρας</em></span> <span class='ocrx_word' id='word_1_48' title='bbox 796 1197 908 1276; x_wconf 61' lang='lat' dir='ltr'>oleove</span> <span class='ocrx_word' id='word_1_49' title='bbox 932 1205 1038 1275; x_wconf 80' lang='grc' dir='ltr'>κολεῖ;</span> <span class='ocrx_word' id='word_1_50' title='bbox 1066 1197 1118 1273; x_wconf 70' lang='lat' dir='ltr'>il</span> <span class='ocrx_word' id='word_1_51' title='bbox 1143 1197 1265 1275; x_wconf 72' lang='grc' dir='ltr'><strong><em>λόγος</em></strong></span> <span class='ocrx_word' id='word_1_52' title='bbox 1289 1200 1384 1278; x_wconf 78' lang='grc' dir='ltr'>πρὸς</span> 
     </span>
     <span class='ocr_line' id='line_1_8' title="bbox 193 1299 1384 1388; baseline 0.008 -26"><span class='ocrx_word' id='word_1_53' title='bbox 193 1300 284 1373; x_wconf 77' lang='grc' dir='ltr'>τοὺς</span> <span class='ocrx_word' id='word_1_54' title='bbox 318 1303 591 1388; x_wconf 80' lang='grc' dir='ltr'><strong><em>Ἰθονηησθους,</em></strong></span> <span class='ocrx_word' id='word_1_55' title='bbox 624 1299 682 1368; x_wconf 73' lang='grc' dir='ltr'><strong><em>οἷον</em></strong></span> <span class='ocrx_word' id='word_1_56' title='bbox 713 1303 899 1384; x_wconf 80' lang='grc' dir='ltr'><strong><em>οὶντθσχεοθέ</em></strong></span> <span class='ocrx_word' id='word_1_57' title='bbox 922 1329 993 1381; x_wconf 83' lang='grc' dir='ltr'><strong><em>μου.</em></strong></span> <span class='ocrx_word' id='word_1_58' title='bbox 1017 1304 1059 1369; x_wconf 77' lang='lat' dir='ltr'>te</span> <span class='ocrx_word' id='word_1_59' title='bbox 1084 1305 1135 1370; x_wconf 78' lang='lat' dir='ltr'>ccci</span> <span class='ocrx_word' id='word_1_60' title='bbox 1159 1305 1384 1387; x_wconf 68' lang='grc' dir='ltr'>Ἀριστοφάνης</span> 
     </span>
     <span class='ocr_line' id='line_1_9' title="bbox 193 1407 1382 1490; baseline 0.004 -17"><span class='ocrx_word' id='word_1_61' title='bbox 193 1407 311 1490; x_wconf 72' lang='grc' dir='ltr'><strong><em>γράφει</em></strong></span> <span class='ocrx_word' id='word_1_62' title='bbox 344 1411 409 1487; x_wconf 78' lang='grc' dir='ltr'>,μθ</span> <span class='ocrx_word' id='word_1_63' title='bbox 440 1410 478 1489; x_wconf 81' lang='grc' dir='ltr'>μ’</span> <span class='ocrx_word' id='word_1_64' title='bbox 511 1408 568 1476; x_wconf 80' lang='grc' dir='ltr'><strong><em>οἷον</em></strong></span> <span class='ocrx_word' id='word_1_65' title='bbox 599 1409 750 1488; x_wconf 78' lang='grc' dir='ltr'><strong><em>έοὶσοντε”,</em></strong></span> <span class='ocrx_word' id='word_1_66' title='bbox 781 1409 798 1474; x_wconf 79' lang='grc' dir='ltr'><em>ὅ</em></span> <span class='ocrx_word' id='word_1_67' title='bbox 824 1413 889 1475; x_wconf 83' lang='grc' dir='ltr'><strong><em>ἕστο</em></strong></span> <span class='ocrx_word' id='word_1_68' title='bbox 921 1411 973 1476; x_wconf 78' lang='lat' dir='ltr'>cccl</span> <span class='ocrx_word' id='word_1_69' title='bbox 1013 1411 1099 1488; x_wconf 77' lang='grc' dir='ltr'><strong><em>ὑμεῖς</em></strong></span> <span class='ocrx_word' id='word_1_70' title='bbox 1135 1413 1382 1490; x_wconf 63' lang='lat' dir='ltr'>secretalem.</span> 
     </span>
     <span class='ocr_line' id='line_1_10' title="bbox 194 1515 1384 1598; baseline 0.006 -19"><span class='ocrx_word' id='word_1_71' title='bbox 194 1515 397 1597; x_wconf 73' lang='grc' dir='ltr'><strong><em>Ἀρίσταρχος</em></strong></span> <span class='ocrx_word' id='word_1_72' title='bbox 433 1518 465 1583; x_wconf 78' lang='grc' dir='ltr'>δὲ</span> <span class='ocrx_word' id='word_1_73' title='bbox 500 1520 554 1592; x_wconf 67' lang='grc' dir='ltr'>σὺν</span> <span class='ocrx_word' id='word_1_74' title='bbox 586 1517 642 1595; x_wconf 78' lang='grc' dir='ltr'>μέν</span> <span class='ocrx_word' id='word_1_75' title='bbox 674 1519 801 1598; x_wconf 79' lang='grc' dir='ltr'><strong><em>χροοφην</em></strong></span> <span class='ocrx_word' id='word_1_76' title='bbox 832 1519 885 1583; x_wconf 83' lang='grc' dir='ltr'>οὐκ</span> <span class='ocrx_word' id='word_1_77' title='bbox 916 1517 1063 1597; x_wconf 80' lang='grc' dir='ltr'><strong><em>οὶροεθβεν,</em></strong></span> <span class='ocrx_word' id='word_1_78' title='bbox 1087 1519 1121 1583; x_wconf 85' lang='grc' dir='ltr'>σθ</span> <span class='ocrx_word' id='word_1_79' title='bbox 1145 1519 1176 1582; x_wconf 72' lang='grc' dir='ltr'>δέ</span> <span class='ocrx_word' id='word_1_80' title='bbox 1201 1515 1257 1584; x_wconf 82' lang='grc' dir='ltr'><strong><em>οἷον</em></strong></span> <span class='ocrx_word' id='word_1_81' title='bbox 1281 1520 1384 1586; x_wconf 74' lang='grc' dir='ltr'><strong><em>ἀκούει</em></strong></span> 
     </span>
     <span class='ocr_line' id='line_1_11' title="bbox 193 1623 1383 1707; baseline 0.005 -21"><span class='ocrx_word' id='word_1_82' title='bbox 193 1623 264 1702; x_wconf 74' lang='grc' dir='ltr'>πρὸς</span> <span class='ocrx_word' id='word_1_83' title='bbox 301 1625 337 1690; x_wconf 82' lang='grc' dir='ltr'>τὸ</span> <span class='ocrx_word' id='word_1_84' title='bbox 369 1623 474 1696; x_wconf 79' lang='grc' dir='ltr'><strong><em>πένθος</em></strong></span> <span class='ocrx_word' id='word_1_85' title='bbox 504 1631 558 1690; x_wconf 80' lang='grc' dir='ltr'>σοῦ</span> <span class='ocrx_word' id='word_1_86' title='bbox 588 1623 715 1704; x_wconf 82' lang='grc' dir='ltr'><strong><em>οσοντρθς.</em></strong></span> <span class='ocrx_word' id='word_1_87' title='bbox 854 1625 870 1701; x_wconf 76' lang='grc' dir='ltr'><strong><em>ἢ</em></strong></span> <span class='ocrx_word' id='word_1_88' title='bbox 904 1624 955 1690; x_wconf 72' lang='grc' dir='ltr'>καὶ</span> <span class='ocrx_word' id='word_1_89' title='bbox 987 1626 1040 1706; x_wconf 77' lang='grc' dir='ltr'>ἐφ’</span> <span class='ocrx_word' id='word_1_90' title='bbox 1067 1626 1175 1690; x_wconf 74' lang='grc' dir='ltr'><strong><em>ἑαυτοῦ</em></strong></span> <span class='ocrx_word' id='word_1_91' title='bbox 1199 1630 1303 1707; x_wconf 84' lang='grc' dir='ltr'><strong><em>Φησον.</em></strong></span> <span class='ocrx_word' id='word_1_92' title='bbox 1327 1628 1383 1704; x_wconf 75' lang='grc' dir='ltr'>ἐμὲ</span> 
     </span>
     <span class='ocr_line' id='line_1_12' title="bbox 191 1728 1382 1814; baseline 0.005 -21"><span class='ocrx_word' id='word_1_93' title='bbox 191 1728 281 1808; x_wconf 76' lang='grc' dir='ltr'><strong><em>μόνον</em></strong></span> <span class='ocrx_word' id='word_1_94' title='bbox 306 1731 423 1796; x_wconf 71' lang='lat' dir='ltr'>idoare</span> <span class='ocrx_word' id='word_1_95' title='bbox 448 1729 618 1814; x_wconf 73' lang='grc' dir='ltr'><em>σχολάζειν</em></span> <span class='ocrx_word' id='word_1_96' title='bbox 641 1735 682 1812; x_wconf 58' lang='lat' dir='ltr'>‘rei</span> <span class='ocrx_word' id='word_1_97' title='bbox 706 1731 805 1796; x_wconf 82' lang='grc' dir='ltr'><strong><em>οεένθεν</em></strong></span> <span class='ocrx_word' id='word_1_98' title='bbox 830 1733 881 1796; x_wconf 74' lang='lat' dir='ltr'>eet</span> <span class='ocrx_word' id='word_1_99' title='bbox 906 1733 951 1809; x_wconf 74' lang='grc' dir='ltr'>μη</span> <span class='ocrx_word' id='word_1_100' title='bbox 975 1731 1152 1813; x_wconf 76' lang='grc' dir='ltr'><strong><em>ε’πνφύεσθε.</em></strong></span> <span class='ocrx_word' id='word_1_101' title='bbox 1178 1748 1248 1799; x_wconf 84' lang='grc' dir='ltr'><strong>κτλ.</strong></span> <span class='ocrx_word' id='word_1_102' title='bbox 1296 1732 1382 1800; x_wconf 88' lang='lat' dir='ltr'>Hinc</span> 
     </span>
     <span class='ocr_line' id='line_1_13' title="bbox 188 1836 1379 1926; baseline 0.001 -23"><span class='ocrx_word' id='word_1_103' title='bbox 188 1843 335 1923; x_wconf 84' lang='lat' dir='ltr'>excerpto</span> <span class='ocrx_word' id='word_1_104' title='bbox 367 1838 521 1926; x_wconf 83' lang='lat' dir='ltr'>leguntur</span> <span class='ocrx_word' id='word_1_105' title='bbox 555 1841 588 1903; x_wconf 93' lang='lat' dir='ltr'>in</span> <span class='ocrx_word' id='word_1_106' title='bbox 623 1836 702 1904; x_wconf 78' lang='lat' dir='ltr'>STV</span> <span class='ocrx_word' id='word_1_107' title='bbox 737 1839 913 1904; x_wconf 89' lang='lat' dir='ltr'>eiusmodi:</span> <span class='ocrx_word' id='word_1_108' title='bbox 950 1840 1137 1915; x_wconf 71' lang='grc' dir='ltr'><strong><em>βοηθήσετε.</em></strong></span> <span class='ocrx_word' id='word_1_109' title='bbox 1165 1839 1379 1926; x_wconf 79' lang='lat' dir='ltr'>(aliquantum</span> 
     </span>
    </p>
   </div>
   <div class='ocr_carea' id='block_1_4' title="bbox 187 1942 1498 2032">
    <p class='ocr_par' dir='ltr' id='par_1_4' title="bbox 187 1942 1498 2032">
     <span class='ocr_line' id='line_1_14' title="bbox 187 1942 1498 2032; baseline 0.003 -24"><span class='ocrx_word' id='word_1_110' title='bbox 187 1942 313 2030; x_wconf 88' lang='lat' dir='ltr'>plenius</span> <span class='ocrx_word' id='word_1_111' title='bbox 335 1943 379 2008; x_wconf 84' lang='lat' dir='ltr'>T:</span> <span class='ocrx_word' id='word_1_112' title='bbox 404 1943 594 2026; x_wconf 71' lang='grc' dir='ltr'><strong><em>ἀντέχεσθε,</em></strong></span> <span class='ocrx_word' id='word_1_113' title='bbox 620 1943 819 2032; x_wconf 69' lang='grc' dir='ltr'>βοηθήσαιτε.)</span> <span class='ocrx_word' id='word_1_114' title='bbox 841 1945 874 2008; x_wconf 81' lang='grc' dir='ltr'>σθ</span> <span class='ocrx_word' id='word_1_115' title='bbox 892 1945 955 2025; x_wconf 74' lang='grc' dir='ltr'><strong><em>χεὶρ</em></strong></span> <span class='ocrx_word' id='word_1_116' title='bbox 975 1947 1062 2026; x_wconf 73' lang='grc' dir='ltr'><strong><em>φθλοο</em></strong></span> <span class='ocrx_word' id='word_1_117' title='bbox 1082 1943 1274 2023; x_wconf 79' lang='grc' dir='ltr'><strong><em>οὶνοθρμοστον</em></strong></span> <span class='ocrx_word' id='word_1_118' title='bbox 1296 1949 1382 2012; x_wconf 74' lang='grc' dir='ltr'><strong><em>κοντοὶ</em></strong></span> <span class='ocrx_word' id='word_1_119' title='bbox 1496 2019 1498 2024; x_wconf 54' lang='grc'><strong><em>,</em></strong></span> 
     </span>
    </p>
   </div>
   <div class='ocr_carea' id='block_1_5' title="bbox 183 2049 1383 4164">
    <p class='ocr_par' dir='ltr' id='par_1_5' title="bbox 183 2049 1383 4164">
     <span class='ocr_line' id='line_1_15' title="bbox 186 2049 1383 2133; baseline 0.002 -17"><span class='ocrx_word' id='word_1_120' title='bbox 186 2058 245 2116; x_wconf 80' lang='grc' dir='ltr'>τῶν</span> <span class='ocrx_word' id='word_1_121' title='bbox 276 2053 464 2133; x_wconf 72' lang='grc' dir='ltr'><strong><em>μνηστήρων,</em></strong></span> <span class='ocrx_word' id='word_1_122' title='bbox 496 2051 532 2119; x_wconf 76' lang='grc' dir='ltr'>ἵν’</span> <span class='ocrx_word' id='word_1_123' title='bbox 565 2049 582 2132; x_wconf 71' lang='grc' dir='ltr'><strong><em>ᾖ</em></strong></span> <span class='ocrx_word' id='word_1_124' title='bbox 607 2051 798 2132; x_wconf 83' lang='grc' dir='ltr'><strong><em>οὶσθσχεσθε.</em></strong></span> <span class='ocrx_word' id='word_1_125' title='bbox 845 2050 934 2117; x_wconf 75' lang='lat' dir='ltr'>Haeo</span> <span class='ocrx_word' id='word_1_126' title='bbox 957 2053 991 2116; x_wconf 88' lang='lat' dir='ltr'>in</span> <span class='ocrx_word' id='word_1_127' title='bbox 1014 2051 1086 2117; x_wconf 83' lang='lat' dir='ltr'>luoe</span> <span class='ocrx_word' id='word_1_128' title='bbox 1110 2052 1265 2118; x_wconf 87' lang='lat' dir='ltr'>uberioris</span> <span class='ocrx_word' id='word_1_129' title='bbox 1289 2051 1383 2118; x_wconf 85' lang='lat' dir='ltr'>adno-</span> 
     </span>
     <span class='ocr_line' id='line_1_16' title="bbox 187 2157 1381 2245; baseline 0 -21"><span class='ocrx_word' id='word_1_130' title='bbox 187 2158 318 2224; x_wconf 75' lang='lat' dir='ltr'>tationis</span> <span class='ocrx_word' id='word_1_131' title='bbox 340 2157 494 2224; x_wconf 84' lang='lat' dir='ltr'>collocete</span> <span class='ocrx_word' id='word_1_132' title='bbox 517 2157 610 2224; x_wconf 80' lang='lat' dir='ltr'>focile</span> <span class='ocrx_word' id='word_1_133' title='bbox 633 2157 876 2245; x_wconf 82' lang='lat' dir='ltr'>intelleguntur.</span> <span class='ocrx_word' id='word_1_134' title='bbox 923 2158 1047 2243; x_wconf 84' lang='lat' dir='ltr'>Nempe</span> <span class='ocrx_word' id='word_1_135' title='bbox 1069 2159 1128 2224; x_wconf 92' lang='lat' dir='ltr'>hoc</span> <span class='ocrx_word' id='word_1_136' title='bbox 1141 2158 1224 2225; x_wconf 85' lang='lat' dir='ltr'>&#39;volt</span> <span class='ocrx_word' id='word_1_137' title='bbox 1246 2161 1381 2244; x_wconf 88' lang='lat' dir='ltr'>quicun-</span> 
     </span>
     <span class='ocr_line' id='line_1_17' title="bbox 186 2261 1381 2352; baseline 0.001 -22"><span class='ocrx_word' id='word_1_138' title='bbox 186 2287 249 2352; x_wconf 87' lang='lat' dir='ltr'>que</span> <span class='ocrx_word' id='word_1_139' title='bbox 271 2265 350 2332; x_wconf 83' lang='lat' dir='ltr'>hoec</span> <span class='ocrx_word' id='word_1_140' title='bbox 374 2261 547 2351; x_wconf 83' lang='lat' dir='ltr'>excerpsit:</span> <span class='ocrx_word' id='word_1_141' title='bbox 581 2262 693 2344; x_wconf 87' lang='grc' dir='ltr'><strong><em>σχέσθε</em></strong></span> <span class='ocrx_word' id='word_1_142' title='bbox 716 2263 768 2328; x_wconf 90' lang='lat' dir='ltr'>hic</span> <span class='ocrx_word' id='word_1_143' title='bbox 792 2263 934 2330; x_wconf 88' lang='lat' dir='ltr'>locorum</span> <span class='ocrx_word' id='word_1_144' title='bbox 958 2265 1231 2350; x_wconf 75' lang='lat' dir='ltr'>interpretandum</span> <span class='ocrx_word' id='word_1_145' title='bbox 1255 2272 1303 2331; x_wconf 86' lang='lat' dir='ltr'>est</span> <span class='ocrx_word' id='word_1_146' title='bbox 1326 2287 1381 2352; x_wconf 87' lang='lat' dir='ltr'>per</span> 
     </span>
     <span class='ocr_line' id='line_1_18' title="bbox 186 2365 1377 2456; baseline 0 -18"><span class='ocrx_word' id='word_1_147' title='bbox 186 2372 376 2456; x_wconf 72' lang='grc' dir='ltr'><strong><em>ἀντέχεσθε,</em></strong></span> <span class='ocrx_word' id='word_1_148' title='bbox 408 2371 601 2448; x_wconf 70' lang='grc' dir='ltr'><strong><em>βοηθήσετε,</em></strong></span> <span class='ocrx_word' id='word_1_149' title='bbox 639 2374 677 2435; x_wconf 80' lang='lat' dir='ltr'>ut</span> <span class='ocrx_word' id='word_1_150' title='bbox 710 2371 797 2449; x_wconf 80' lang='grc' dir='ltr'><strong><em>Φθλον</em></strong></span> <span class='ocrx_word' id='word_1_151' title='bbox 833 2370 872 2436; x_wconf 92' lang='lat' dir='ltr'>de</span> <span class='ocrx_word' id='word_1_152' title='bbox 907 2369 1126 2437; x_wconf 78' lang='lat' dir='ltr'>ithacensibus</span> <span class='ocrx_word' id='word_1_153' title='bbox 1161 2371 1285 2436; x_wconf 87' lang='lat' dir='ltr'>dictum</span> <span class='ocrx_word' id='word_1_154' title='bbox 1305 2365 1377 2449; x_wconf 79' lang='lat' dir='ltr'>&#39;sit;</span> 
     </span>
     <span class='ocr_line' id='line_1_19' title="bbox 186 2475 1382 2562; baseline -0.001 -18"><span class='ocrx_word' id='word_1_155' title='bbox 186 2485 297 2545; x_wconf 84' lang='lat' dir='ltr'>contro</span> <span class='ocrx_word' id='word_1_156' title='bbox 328 2498 365 2544; x_wconf 84' lang='lat' dir='ltr'>es</span> <span class='ocrx_word' id='word_1_157' title='bbox 397 2479 425 2542; x_wconf 87' lang='lat' dir='ltr'>si</span> <span class='ocrx_word' id='word_1_158' title='bbox 456 2478 650 2543; x_wconf 80' lang='lat' dir='ltr'>adiectirum</span> <span class='ocrx_word' id='word_1_159' title='bbox 683 2475 723 2541; x_wconf 84' lang='lat' dir='ltr'>ed</span> <span class='ocrx_word' id='word_1_160' title='bbox 745 2495 855 2560; x_wconf 92' lang='lat' dir='ltr'>procos</span> <span class='ocrx_word' id='word_1_161' title='bbox 876 2476 1064 2562; x_wconf 82' lang='lat' dir='ltr'>pertineret,</span> <span class='ocrx_word' id='word_1_162' title='bbox 1089 2476 1172 2562; x_wconf 90' lang='lat' dir='ltr'>quod</span> <span class='ocrx_word' id='word_1_163' title='bbox 1196 2483 1304 2544; x_wconf 85' lang='lat' dir='ltr'>temen</span> <span class='ocrx_word' id='word_1_164' title='bbox 1327 2478 1382 2543; x_wconf 81' lang='lat' dir='ltr'>oh·</span> 
     </span>
     <span class='ocr_line' id='line_1_20' title="bbox 186 2582 1382 2669; baseline -0.001 -18"><span class='ocrx_word' id='word_1_165' title='bbox 186 2605 321 2662; x_wconf 88' lang='lat' dir='ltr'>sonum,</span> <span class='ocrx_word' id='word_1_166' title='bbox 359 2583 472 2664; x_wconf 87' lang='grc' dir='ltr'><strong><em>σχέσθε</em></strong></span> <span class='ocrx_word' id='word_1_167' title='bbox 507 2605 564 2669; x_wconf 90' lang='lat' dir='ltr'>per</span> <span class='ocrx_word' id='word_1_168' title='bbox 599 2582 778 2664; x_wconf 80' lang='grc' dir='ltr'><strong><em>οὶσθσχεσθε</em></strong></span> <span class='ocrx_word' id='word_1_169' title='bbox 811 2582 1034 2668; x_wconf 79' lang='lat' dir='ltr'>explicandum</span> <span class='ocrx_word' id='word_1_170' title='bbox 1066 2584 1155 2650; x_wconf 87' lang='lat' dir='ltr'>foret.</span> <span class='ocrx_word' id='word_1_171' title='bbox 1176 2634 1182 2648; x_wconf 39' lang='grc' dir='ltr'><strong><em>η</em></strong></span> <span class='ocrx_word' id='word_1_172' title='bbox 1202 2583 1276 2649; x_wconf 87' lang='lat' dir='ltr'>Non</span> <span class='ocrx_word' id='word_1_173' title='bbox 1306 2589 1382 2650; x_wconf 91' lang='lat' dir='ltr'>sunt</span> 
     </span>
     <span class='ocr_line' id='line_1_21' title="bbox 187 2691 1380 2776; baseline -0.002 -18"><span class='ocrx_word' id='word_1_174' title='bbox 187 2694 265 2760; x_wconf 83' lang='lat' dir='ltr'>hese</span> <span class='ocrx_word' id='word_1_175' title='bbox 297 2691 471 2758; x_wconf 71' lang='lat' dir='ltr'>admodum</span> <span class='ocrx_word' id='word_1_176' title='bbox 500 2692 600 2776; x_wconf 84' lang='lat' dir='ltr'>perite</span> <span class='ocrx_word' id='word_1_177' title='bbox 623 2694 800 2773; x_wconf 79' lang='lat' dir='ltr'>contrecta,</span> <span class='ocrx_word' id='word_1_178' title='bbox 825 2691 872 2755; x_wconf 86' lang='lat' dir='ltr'>its</span> <span class='ocrx_word' id='word_1_179' title='bbox 895 2695 1002 2756; x_wconf 82' lang='lat' dir='ltr'>temen</span> <span class='ocrx_word' id='word_1_180' title='bbox 1025 2695 1063 2755; x_wconf 86' lang='lat' dir='ltr'>ut</span> <span class='ocrx_word' id='word_1_181' title='bbox 1086 2691 1115 2755; x_wconf 91' lang='lat' dir='ltr'>si</span> <span class='ocrx_word' id='word_1_182' title='bbox 1139 2693 1255 2756; x_wconf 90' lang='lat' dir='ltr'>mentis</span> <span class='ocrx_word' id='word_1_183' title='bbox 1279 2693 1380 2758; x_wconf 79' lang='lat' dir='ltr'>eciem</span> 
     </span>
     <span class='ocr_line' id='line_1_22' title="bbox 186 2794 1379 2884; baseline 0 -20"><span class='ocrx_word' id='word_1_184' title='bbox 186 2799 350 2866; x_wconf 89' lang='lat' dir='ltr'>intendere</span> <span class='ocrx_word' id='word_1_185' title='bbox 372 2799 466 2875; x_wconf 79' lang='lat' dir='ltr'>velis,</span> <span class='ocrx_word' id='word_1_186' title='bbox 494 2796 640 2884; x_wconf 77' lang='lat' dir='ltr'>intellegi</span> <span class='ocrx_word' id='word_1_187' title='bbox 663 2799 793 2882; x_wconf 79' lang='lat' dir='ltr'>possint.</span> <span class='ocrx_word' id='word_1_188' title='bbox 841 2794 904 2862; x_wconf 78' lang='lat' dir='ltr'>Sed</span> <span class='ocrx_word' id='word_1_189' title='bbox 926 2797 1019 2883; x_wconf 84' lang='lat' dir='ltr'>plene</span> <span class='ocrx_word' id='word_1_190' title='bbox 1043 2801 1183 2864; x_wconf 81' lang='lat' dir='ltr'>amentis</span> <span class='ocrx_word' id='word_1_191' title='bbox 1206 2805 1280 2864; x_wconf 89' lang='lat' dir='ltr'>sunt</span> <span class='ocrx_word' id='word_1_192' title='bbox 1300 2819 1379 2884; x_wconf 83' lang='lat' dir='ltr'>ques</span> 
     </span>
     <span class='ocr_line' id='line_1_23' title="bbox 185 2901 1380 2990; baseline 0.001 -19"><span class='ocrx_word' id='word_1_193' title='bbox 185 2904 434 2971; x_wconf 74' lang='lat' dir='ltr'>Mediolanensis</span> <span class='ocrx_word' id='word_1_194' title='bbox 466 2903 493 2968; x_wconf 93' lang='lat' dir='ltr'><strong>B</strong></span> <span class='ocrx_word' id='word_1_195' title='bbox 528 2923 567 2967; x_wconf 87' lang='lat' dir='ltr'>ex</span> <span class='ocrx_word' id='word_1_196' title='bbox 596 2908 746 2987; x_wconf 87' lang='lat' dir='ltr'>utroque,</span> <span class='ocrx_word' id='word_1_197' title='bbox 770 2906 808 2967; x_wconf 87' lang='lat' dir='ltr'>ut</span> <span class='ocrx_word' id='word_1_198' title='bbox 831 2901 975 2979; x_wconf 83' lang='lat' dir='ltr'>videtur,</span> <span class='ocrx_word' id='word_1_199' title='bbox 999 2903 1154 2990; x_wconf 82' lang='lat' dir='ltr'>ampliore</span> <span class='ocrx_word' id='word_1_200' title='bbox 1177 2902 1323 2983; x_wconf 77' lang='lat' dir='ltr'>Scholia,</span> <span class='ocrx_word' id='word_1_201' title='bbox 1348 2911 1380 2972; x_wconf 85' lang='lat' dir='ltr'>ot</span> 
     </span>
     <span class='ocr_line' id='line_1_24' title="bbox 185 3007 1378 3099; baseline 0.001 -23"><span class='ocrx_word' id='word_1_202' title='bbox 185 3011 404 3099; x_wconf 75' lang='lat' dir='ltr'>Porphyrli&#39;et</span> <span class='ocrx_word' id='word_1_203' title='bbox 416 3012 536 3092; x_wconf 80' lang='lat' dir='ltr'>oritioO,</span> <span class='ocrx_word' id='word_1_204' title='bbox 549 3009 683 3075; x_wconf 77' lang='lat' dir='ltr'>conflata</span> <span class='ocrx_word' id='word_1_205' title='bbox 695 3007 867 3075; x_wconf 74' lang='lat' dir='ltr'>derivavit:</span> <span class='ocrx_word' id='word_1_206' title='bbox 887 3009 958 3088; x_wconf 78' lang='grc' dir='ltr'><strong><em>σρθς</em></strong></span> <span class='ocrx_word' id='word_1_207' title='bbox 972 3009 1042 3082; x_wconf 78' lang='grc' dir='ltr'>τοὺς</span> <span class='ocrx_word' id='word_1_208' title='bbox 1057 3009 1245 3085; x_wconf 69' lang='grc' dir='ltr'><strong><em>Ἰθακησίους</em></strong></span> <span class='ocrx_word' id='word_1_209' title='bbox 1263 3007 1378 3084; x_wconf 74' lang='grc' dir='ltr'><strong><em>ὅλους</em></strong></span> 
     </span>
     <span class='ocr_line' id='line_1_25' title="bbox 187 3113 1377 3205; baseline -0.002 -21"><span class='ocrx_word' id='word_1_210' title='bbox 187 3121 369 3205; x_wconf 77' lang='lat' dir='ltr'>(scripserat</span> <span class='ocrx_word' id='word_1_211' title='bbox 391 3117 487 3183; x_wconf 89' lang='lat' dir='ltr'>homo</span> <span class='ocrx_word' id='word_1_212' title='bbox 510 3117 581 3194; x_wconf 79' lang='grc' dir='ltr'><strong><em>πρὸς</em></strong></span> <span class='ocrx_word' id='word_1_213' title='bbox 606 3139 635 3180; x_wconf 82' lang='grc' dir='ltr'>τ.</span> <span class='ocrx_word' id='word_1_214' title='bbox 661 3115 847 3190; x_wconf 79' lang='grc' dir='ltr'><strong><em>Ίθοοκησθουο</em></strong></span> <span class='ocrx_word' id='word_1_215' title='bbox 871 3115 884 3180; x_wconf 83' lang='lat' dir='ltr'>o‘</span> <span class='ocrx_word' id='word_1_216' title='bbox 908 3118 1051 3194; x_wconf 77' lang='grc' dir='ltr'><strong><em>λόγος,</em></strong></span> <span class='ocrx_word' id='word_1_217' title='bbox 1066 3113 1092 3204; x_wconf 79' lang='lat'>¹)</span> <span class='ocrx_word' id='word_1_218' title='bbox 1117 3119 1263 3204; x_wconf 88' lang='lat' dir='ltr'>opinor.)·</span> <span class='ocrx_word' id='word_1_219' title='bbox 1288 3119 1342 3184; x_wconf 72' lang='grc' dir='ltr'>ἐὰν</span> <span class='ocrx_word' id='word_1_220' title='bbox 1363 3119 1377 3182; x_wconf 87' lang='grc' dir='ltr'><strong><em>θ</em></strong></span> 
     </span>
     <span class='ocr_line' id='line_1_26' title="bbox 185 3217 1379 3307; baseline 0.001 -18"><span class='ocrx_word' id='word_1_221' title='bbox 185 3227 289 3307; x_wconf 76' lang='grc' dir='ltr'><strong><em>σοιτθρ</em></strong></span> <span class='ocrx_word' id='word_1_222' title='bbox 320 3249 381 3304; x_wconf 82' lang='grc' dir='ltr'>μου</span> <span class='ocrx_word' id='word_1_223' title='bbox 410 3223 579 3301; x_wconf 75' lang='grc' dir='ltr'><strong><em>δυσμενέων</em></strong></span> <span class='ocrx_word' id='word_1_224' title='bbox 604 3222 655 3288; x_wconf 70' lang='grc' dir='ltr'>καὶ</span> <span class='ocrx_word' id='word_1_225' title='bbox 680 3222 911 3304; x_wconf 80' lang='grc' dir='ltr'><strong><em>έχθρουνθμενοε</em></strong></span> <span class='ocrx_word' id='word_1_226' title='bbox 936 3224 1008 3302; x_wconf 79' lang='grc' dir='ltr'><strong><em>ὑμῖν</em></strong></span> <span class='ocrx_word' id='word_1_227' title='bbox 1033 3217 1083 3303; x_wconf 75' lang='grc' dir='ltr'>ἦν,</span> <span class='ocrx_word' id='word_1_228' title='bbox 1110 3223 1226 3290; x_wconf 79' lang='grc' dir='ltr'><strong><em>ἐθσοτέ</em></strong></span> <span class='ocrx_word' id='word_1_229' title='bbox 1248 3249 1291 3302; x_wconf 79' lang='grc' dir='ltr'>με</span> <span class='ocrx_word' id='word_1_230' title='bbox 1314 3223 1379 3290; x_wconf 76' lang='grc' dir='ltr'><strong><em>ποθ-</em></strong></span> 
     </span>
     <span class='ocr_line' id='line_1_27' title="bbox 184 3328 1378 3415; baseline 0.001 -19"><span class='ocrx_word' id='word_1_231' title='bbox 184 3355 285 3414; x_wconf 82' lang='grc' dir='ltr'><strong><em>σχενν.</em></strong></span> <span class='ocrx_word' id='word_1_232' title='bbox 322 3333 357 3397; x_wconf 79' lang='grc' dir='ltr'>τὸ</span> <span class='ocrx_word' id='word_1_233' title='bbox 392 3332 423 3397; x_wconf 78' lang='grc' dir='ltr'>δὲ</span> <span class='ocrx_word' id='word_1_234' title='bbox 454 3332 498 3408; x_wconf 73' lang='grc' dir='ltr'>μή</span> <span class='ocrx_word' id='word_1_235' title='bbox 530 3328 704 3410; x_wconf 72' lang='grc' dir='ltr'><strong><em>παρέλυον,</em></strong></span> <span class='ocrx_word' id='word_1_236' title='bbox 737 3329 793 3395; x_wconf 88' lang='lat' dir='ltr'>uhi</span> <span class='ocrx_word' id='word_1_237' title='bbox 824 3351 863 3394; x_wconf 92' lang='lat' dir='ltr'>ne</span> <span class='ocrx_word' id='word_1_238' title='bbox 892 3329 975 3395; x_wconf 88' lang='lat' dir='ltr'>illud</span> <span class='ocrx_word' id='word_1_239' title='bbox 1005 3330 1135 3415; x_wconf 90' lang='lat' dir='ltr'>quidem</span> <span class='ocrx_word' id='word_1_240' title='bbox 1166 3336 1288 3397; x_wconf 88' lang='lat' dir='ltr'>certum</span> <span class='ocrx_word' id='word_1_241' title='bbox 1312 3337 1378 3411; x_wconf 87' lang='lat' dir='ltr'>est,</span> 
     </span>
     <span class='ocr_line' id='line_1_28' title="bbox 184 3435 1377 3524; baseline -0.003 -19"><span class='ocrx_word' id='word_1_242' title='bbox 184 3447 293 3514; x_wconf 73' lang='lat' dir='ltr'>utrum</span> <span class='ocrx_word' id='word_1_243' title='bbox 324 3441 369 3518; x_wconf 74' lang='grc' dir='ltr'>μή</span> <span class='ocrx_word' id='word_1_244' title='bbox 402 3436 560 3504; x_wconf 78' lang='lat' dir='ltr'>abundare</span> <span class='ocrx_word' id='word_1_245' title='bbox 594 3435 778 3523; x_wconf 82' lang='lat' dir='ltr'>intelleget,</span> <span class='ocrx_word' id='word_1_246' title='bbox 803 3436 887 3521; x_wconf 89' lang='lat' dir='ltr'>quod</span> <span class='ocrx_word' id='word_1_247' title='bbox 911 3437 950 3501; x_wconf 82' lang='lat' dir='ltr'>ab</span> <span class='ocrx_word' id='word_1_248' title='bbox 974 3435 1189 3524; x_wconf 81' lang='lat' dir='ltr'>Aristophane</span> <span class='ocrx_word' id='word_1_249' title='bbox 1212 3459 1377 3524; x_wconf 81' lang='lat' dir='ltr'>perperam</span> 
     </span>
     <span class='ocr_line' id='line_1_29' title="bbox 184 3542 1377 3632; baseline -0.002 -21"><span class='ocrx_word' id='word_1_250' title='bbox 184 3546 360 3632; x_wconf 85' lang='lat' dir='ltr'>repositum</span> <span class='ocrx_word' id='word_1_251' title='bbox 382 3549 429 3610; x_wconf 90' lang='lat' dir='ltr'>est</span> <span class='ocrx_word' id='word_1_252' title='bbox 452 3563 508 3629; x_wconf 90' lang='lat' dir='ltr'>pro</span> <span class='ocrx_word' id='word_1_253' title='bbox 532 3544 606 3627; x_wconf 74' lang='lat' dir='ltr'>ccl,</span> <span class='ocrx_word' id='word_1_254' title='bbox 631 3561 671 3607; x_wconf 86' lang='lat' dir='ltr'>sn</span> <span class='ocrx_word' id='word_1_255' title='bbox 695 3543 720 3606; x_wconf 73' lang='grc' dir='ltr'>εἰ</span> <span class='ocrx_word' id='word_1_256' title='bbox 745 3545 789 3619; x_wconf 76' lang='grc' dir='ltr'>μη</span> <span class='ocrx_word' id='word_1_257' title='bbox 811 3542 870 3606; x_wconf 79' lang='grc' dir='ltr'>ποθ</span> <span class='ocrx_word' id='word_1_258' title='bbox 894 3566 923 3607; x_wconf 80' lang='grc' dir='ltr'>τε</span> <span class='ocrx_word' id='word_1_259' title='bbox 948 3557 1017 3608; x_wconf 73' lang='grc' dir='ltr'><strong><em>κτλ.</em></strong></span> <span class='ocrx_word' id='word_1_260' title='bbox 1066 3542 1127 3609; x_wconf 84' lang='lat' dir='ltr'>Sed</span> <span class='ocrx_word' id='word_1_261' title='bbox 1150 3564 1299 3629; x_wconf 74' lang='lat' dir='ltr'>quaerere</span> <span class='ocrx_word' id='word_1_262' title='bbox 1325 3565 1377 3609; x_wconf 90' lang='lat' dir='ltr'>su·</span> 
     </span>
     <span class='ocr_line' id='line_1_30' title="bbox 184 3648 1378 3739; baseline 0.001 -20"><span class='ocrx_word' id='word_1_263' title='bbox 184 3652 421 3739; x_wconf 83' lang='lat' dir='ltr'>persedecmus,</span> <span class='ocrx_word' id='word_1_264' title='bbox 458 3670 532 3716; x_wconf 91' lang='lat' dir='ltr'>oum</span> <span class='ocrx_word' id='word_1_265' title='bbox 567 3650 729 3716; x_wconf 85' lang='lat' dir='ltr'>utrumvis</span> <span class='ocrx_word' id='word_1_266' title='bbox 766 3648 854 3714; x_wconf 81' lang='lat' dir='ltr'>letne</span> <span class='ocrx_word' id='word_1_267' title='bbox 885 3651 929 3714; x_wconf 90' lang='lat' dir='ltr'>sit</span> <span class='ocrx_word' id='word_1_268' title='bbox 959 3652 1027 3715; x_wconf 85' lang='lat' dir='ltr'>rive</span> <span class='ocrx_word' id='word_1_269' title='bbox 1057 3653 1275 3739; x_wconf 79' lang='lat' dir='ltr'>excogitatum</span> <span class='ocrx_word' id='word_1_270' title='bbox 1310 3653 1378 3720; x_wconf 84' lang='lat' dir='ltr'>eivs</span> 
     </span>
     <span class='ocr_line' id='line_1_31' title="bbox 184 3754 1376 3846; baseline 0.001 -21"><span class='ocrx_word' id='word_1_271' title='bbox 184 3767 379 3846; x_wconf 84' lang='lat' dir='ltr'>excerptum.</span> <span class='ocrx_word' id='word_1_272' title='bbox 404 3757 473 3823; x_wconf 85' lang='lat' dir='ltr'>lem</span> <span class='ocrx_word' id='word_1_273' title='bbox 484 3759 519 3820; x_wconf 90' lang='lat' dir='ltr'>in</span> <span class='ocrx_word' id='word_1_274' title='bbox 532 3755 747 3842; x_wconf 86' lang='lat' dir='ltr'>superioribus</span> <span class='ocrx_word' id='word_1_275' title='bbox 759 3761 877 3827; x_wconf 82' lang='lat' dir='ltr'>sutem,</span> <span class='ocrx_word' id='word_1_276' title='bbox 889 3777 965 3821; x_wconf 91' lang='lat' dir='ltr'>oum</span> <span class='ocrx_word' id='word_1_277' title='bbox 977 3754 1214 3823; x_wconf 81' lang='lat' dir='ltr'>Herodicneum</span> <span class='ocrx_word' id='word_1_278' title='bbox 1227 3757 1376 3826; x_wconf 81' lang='lat' dir='ltr'>Scholion</span> 
     </span>
     <span class='ocr_line' id='line_1_32' title="bbox 184 3841 1376 3950; baseline 0.001 -20"><span class='ocrx_word' id='word_1_279' title='bbox 184 3865 222 3930; x_wconf 82' lang='lat' dir='ltr'>sd</span> <span class='ocrx_word' id='word_1_280' title='bbox 245 3890 277 3944; x_wconf 89' lang='grc' dir='ltr'>ν,</span> <span class='ocrx_word' id='word_1_281' title='bbox 302 3864 369 3930; x_wconf 81' lang='grc'>405</span> <span class='ocrx_word' id='word_1_282' title='bbox 392 3863 552 3950; x_wconf 74' lang='grc' dir='ltr'><strong><em>(ἐπίουρος)</em></strong></span> <span class='ocrx_word' id='word_1_283' title='bbox 577 3883 652 3928; x_wconf 89' lang='lat' dir='ltr'>cum</span> <span class='ocrx_word' id='word_1_284' title='bbox 676 3861 818 3928; x_wconf 88' lang='lat' dir='ltr'>eiusdem</span> <span class='ocrx_word' id='word_1_285' title='bbox 843 3862 1005 3928; x_wconf 82' lang='lat' dir='ltr'>uberrime</span> <span class='ocrx_word' id='word_1_286' title='bbox 1027 3841 1066 3928; x_wconf 83' lang='lat' dir='ltr'>e⁰x</span> <span class='ocrx_word' id='word_1_287' title='bbox 1092 3861 1230 3940; x_wconf 75' lang='grc' dir='ltr'>Ἰλνοοκῆς</span> <span class='ocrx_word' id='word_1_288' title='bbox 1264 3888 1376 3948; x_wconf 79' lang='grc' dir='ltr'><strong><em>προσῳ-</em></strong></span> 
     </span>
     <span class='ocr_line' id='line_1_33' title="bbox 183 3967 1376 4054; baseline 0.003 -20"><span class='ocrx_word' id='word_1_289' title='bbox 183 3970 250 4044; x_wconf 64' lang='lat' dir='ltr'>tiae</span> <span class='ocrx_word' id='word_1_290' title='bbox 285 3977 361 4037; x_wconf 83' lang='lat' dir='ltr'>noto</span> <span class='ocrx_word' id='word_1_291' title='bbox 393 3970 610 4046; x_wconf 80' lang='lat' dir='ltr'>conferebam,</span> <span class='ocrx_word' id='word_1_292' title='bbox 646 3967 832 4054; x_wconf 80' lang='lat' dir='ltr'>exemplum</span> <span class='ocrx_word' id='word_1_293' title='bbox 862 3967 935 4034; x_wconf 83' lang='lat' dir='ltr'>dedi</span> <span class='ocrx_word' id='word_1_294' title='bbox 968 3969 1248 4036; x_wconf 77' lang='lat' dir='ltr'>enimedversionis</span> <span class='ocrx_word' id='word_1_295' title='bbox 1272 3992 1376 4038; x_wconf 85' lang='lat' dir='ltr'>excer-</span> 
     </span>
     <span class='ocr_line' id='line_1_34' title="bbox 184 4074 1376 4164; baseline 0.002 -20"><span class='ocrx_word' id='word_1_296' title='bbox 184 4078 284 4164; x_wconf 88' lang='lat' dir='ltr'>pendo</span> <span class='ocrx_word' id='word_1_297' title='bbox 316 4083 499 4163; x_wconf 82' lang='lat' dir='ltr'>corruptos,</span> <span class='ocrx_word' id='word_1_298' title='bbox 528 4078 579 4142; x_wconf 89' lang='lat' dir='ltr'>cui</span> <span class='ocrx_word' id='word_1_299' title='bbox 613 4096 697 4142; x_wconf 89' lang='lat' dir='ltr'>nunc</span> <span class='ocrx_word' id='word_1_300' title='bbox 721 4080 754 4140; x_wconf 91' lang='lat' dir='ltr'>et</span> <span class='ocrx_word' id='word_1_301' title='bbox 775 4074 853 4141; x_wconf 80' lang='lat' dir='ltr'>hoec</span> <span class='ocrx_word' id='word_1_302' title='bbox 877 4074 1026 4141; x_wconf 79' lang='lat' dir='ltr'>accedent</span> <span class='ocrx_word' id='word_1_303' title='bbox 1049 4080 1082 4142; x_wconf 87' lang='lat' dir='ltr'>et</span> <span class='ocrx_word' id='word_1_304' title='bbox 1106 4075 1194 4142; x_wconf 83' lang='lat' dir='ltr'>eliud</span> <span class='ocrx_word' id='word_1_305' title='bbox 1217 4097 1234 4144; x_wconf 90' lang='lat' dir='ltr'>e</span> <span class='ocrx_word' id='word_1_306' title='bbox 1257 4080 1376 4147; x_wconf 81' lang='lat' dir='ltr'>vicinis</span> 
     </span>
    </p>
   </div>
   <div class='ocr_carea' id='block_1_6' title="bbox 185 4251 330 4262">
    <p class='ocr_par' dir='ltr' id='par_1_6' title="bbox 185 4251 330 4262">
     <span class='ocr_line' id='line_1_35' title="bbox 185 4251 330 4262; baseline 0.014 -2"><span class='ocrx_word' id='word_1_307' title='bbox 185 4251 330 4262; x_wconf 79' lang='lat'>—-—.</span> 
     </span>
    </p>
   </div>
   <div class='ocr_carea' id='block_1_7' title="bbox 188 4339 1378 4594">
    <p class='ocr_par' dir='ltr' id='par_1_7' title="bbox 188 4339 1378 4594">
     <span class='ocr_line' id='line_1_36' title="bbox 218 4339 1376 4411; baseline 0.005 -19"><span class='ocrx_word' id='word_1_308' title='bbox 218 4343 242 4402; x_wconf 89' lang='grc'>1)</span> <span class='ocrx_word' id='word_1_309' title='bbox 259 4344 298 4393; x_wconf 78' lang='lat' dir='ltr'>Sic</span> <span class='ocrx_word' id='word_1_310' title='bbox 315 4361 367 4394; x_wconf 72' lang='grc' dir='ltr'>νε.</span> <span class='ocrx_word' id='word_1_311' title='bbox 386 4345 415 4394; x_wconf 77' lang='lat' dir='ltr'>cd</span> <span class='ocrx_word' id='word_1_312' title='bbox 431 4359 466 4404; x_wconf 78' lang='grc' dir='ltr'>χ,</span> <span class='ocrx_word' id='word_1_313' title='bbox 485 4341 579 4394; x_wconf 69' lang='grc' dir='ltr'><strong><em>231εθ</em></strong></span> <span class='ocrx_word' id='word_1_314' title='bbox 604 4343 704 4404; x_wconf 63' lang='lat' dir='ltr'>cipue</span> <span class='ocrx_word' id='word_1_315' title='bbox 723 4339 749 4392; x_wconf 72' lang='lat' dir='ltr'>il</span> <span class='ocrx_word' id='word_1_316' title='bbox 768 4341 810 4392; x_wconf 73' lang='lat' dir='ltr'>nai</span> <span class='ocrx_word' id='word_1_317' title='bbox 828 4341 841 4391; x_wconf 83' lang='grc' dir='ltr'><strong><em>θ</em></strong></span> <span class='ocrx_word' id='word_1_318' title='bbox 859 4343 910 4401; x_wconf 73' lang='grc' dir='ltr'><strong><em>νοῦς</em></strong></span> <span class='ocrx_word' id='word_1_319' title='bbox 929 4341 1044 4401; x_wconf 66' lang='lat' dir='ltr'>uiroc·</span> <span class='ocrx_word' id='word_1_320' title='bbox 1064 4340 1138 4408; x_wconf 62' lang='lat' dir='ltr'>hulpa</span> <span class='ocrx_word' id='word_1_321' title='bbox 1157 4341 1376 4411; x_wconf 53' lang='lat' dir='ltr'>faraonem.</span> 
     </span>
     <span class='ocr_line' id='line_1_37' title="bbox 188 4429 1378 4509; baseline 0.009 -29"><span class='ocrx_word' id='word_1_322' title='bbox 188 4429 282 4496; x_wconf 52' lang='grc' dir='ltr'>(ΝΤ)</span> <span class='ocrx_word' id='word_1_323' title='bbox 306 4433 341 4484; x_wconf 81' lang='lat' dir='ltr'>Ex</span> <span class='ocrx_word' id='word_1_324' title='bbox 360 4433 492 4484; x_wconf 79' lang='lat' dir='ltr'>lintribus</span> <span class='ocrx_word' id='word_1_325' title='bbox 510 4435 575 4483; x_wconf 85' lang='lat' dir='ltr'>codd.</span> <span class='ocrx_word' id='word_1_326' title='bbox 595 4433 659 4483; x_wconf 85' lang='lat' dir='ltr'>solus</span> <span class='ocrx_word' id='word_1_327' title='bbox 676 4433 696 4482; x_wconf 88' lang='grc' dir='ltr'><strong>Τ</strong></span> <span class='ocrx_word' id='word_1_328' title='bbox 713 4449 797 4483; x_wconf 82' lang='lat' dir='ltr'>rernm</span> <span class='ocrx_word' id='word_1_329' title='bbox 814 4433 923 4500; x_wconf 86' lang='lat' dir='ltr'>prsebct,</span> <span class='ocrx_word' id='word_1_330' title='bbox 941 4433 985 4502; x_wconf 73' lang='lat' dir='ltr'>EQ</span> <span class='ocrx_word' id='word_1_331' title='bbox 1006 4431 1078 4494; x_wconf 81' lang='grc' dir='ltr'><strong><em>θΑες</em></strong></span> <span class='ocrx_word' id='word_1_332' title='bbox 1103 4434 1117 4483; x_wconf 85' lang='grc' dir='ltr'><strong><em>θ</em></strong></span> <span class='ocrx_word' id='word_1_333' title='bbox 1140 4439 1200 4496; x_wconf 74' lang='grc' dir='ltr'><strong><em>νοῦς.</em></strong></span> <span class='ocrx_word' id='word_1_334' title='bbox 1234 4438 1312 4489; x_wconf 86' lang='lat' dir='ltr'>Simul</span> <span class='ocrx_word' id='word_1_335' title='bbox 1334 4457 1378 4509; x_wconf 86' lang='lat' dir='ltr'>pro</span> 
     </span>
     <span class='ocr_line' id='line_1_38' title="bbox 188 4515 700 4594; baseline -0.004 -24"><span class='ocrx_word' id='word_1_336' title='bbox 188 4517 261 4583; x_wconf 66' lang='grc' dir='ltr'><strong><em>οὕτως</em></strong></span> <span class='ocrx_word' id='word_1_337' title='bbox 277 4537 292 4571; x_wconf 80' lang='grc' dir='ltr'>ι</span> <span class='ocrx_word' id='word_1_338' title='bbox 308 4523 328 4574; x_wconf 83' lang='grc' dir='ltr'>Τ</span> <span class='ocrx_word' id='word_1_339' title='bbox 345 4522 459 4574; x_wconf 85' lang='lat' dir='ltr'>omissum</span> <span class='ocrx_word' id='word_1_340' title='bbox 475 4527 581 4594; x_wconf 71' lang='lat' dir='ltr'>praestet</span> <span class='ocrx_word' id='word_1_341' title='bbox 598 4515 700 4582; x_wconf 79' lang='grc' dir='ltr'><strong><em>οθτος.</em></strong></span> 
     </span>
    </p>
   </div>
   <div class='ocr_carea' id='block_1_8' title="bbox 0 0 1664 5138">
    <p class='ocr_par' dir='ltr' id='par_1_8' title="bbox 0 0 1664 5138">
     <span class='ocr_line' id='line_1_39' title="bbox 0 0 1664 5138; baseline 0 2"><span class='ocrx_word' id='word_1_342' title='bbox 0 0 1664 5138; x_wconf 95' lang='lat' dir='ltr'> </span> 
     </span>
    </p>
   </div>
  </div>
 </body>
</html>
