3330 5144
723 299 789 368 20³

156 493 303 558 nostrum
326 488 365 556 de
389 487 504 554 Orione
528 493 683 571 revertat,
709 492 849 574 primum
874 492 907 555 in
931 491 971 556 iis
993 511 1136 579 qnoque,
1162 515 1241 582 quaa
1263 509 1351 578 prae·

156 597 276 662 cedunt
318 618 371 674 aa,
409 617 542 681 quorum
577 615 672 680 supra
708 597 931 662 correctionem
968 604 1182 686 tentavimus,
1217 619 1350 688 parvum

155 706 310 772 mendum
343 704 513 769 eluendum
545 711 602 768 est.
650 701 810 787 Iuppiter,
842 703 1031 789 Neptunus,
1063 707 1244 774 Mercurius
1268 705 1352 792 apud

154 811 281 899 Hyriea
304 812 523 877 devertuntur.
547 809 560 872 θ
585 809 617 872 δέ
641 808 765 885 ἐδέξοοτο
789 811 841 874 κιο)
863 811 949 876 ἐθνοε
970 813 1046 889 βοῦν
1068 817 1119 880 axi
1143 816 1272 894 ἐξένισεν
1294 814 1351 878 οιύ-

154 919 240 992 τούς.
264 917 448 994 ξενισθέντες
472 913 522 981 οὖν
545 915 598 980 κοιί
624 915 839 994 ἐρχόμενον
863 919 888 982 οί
913 919 970 983 θεοί
991 916 1069 986 εἶδον
1088 925 1142 996 την
1163 923 1283 1002 βύρσοον
1296 925 1349 986 τοῦ

154 1024 337 1106 σφαγέντος
367 1025 437 1101 βοὸς
468 1021 608 1099 κειμένην
640 1025 724 1085 κοίτω
755 1037 825 1086 κτλ.
874 1021 1009 1090 Credam
1034 1027 1145 1094 fecisse
1168 1029 1241 1094 deos
1266 1028 1350 1113 quod

154 1133 301 1198 fecerunt
332 1131 481 1196 convivio
511 1131 628 1214 recepti
658 1130 784 1213 iamque
815 1129 971 1194 obeuntes:
994 1130 1178 1208 ξενισθέντες
1203 1134 1254 1198 aa}
1279 1139 1352 1198 οἰοι-

155 1239 328 1318 ερχθμενοι.
353 1237 477 1302 Deinde
500 1235 673 1301 notandum
699 1255 778 1319 quae
803 1235 841 1300 dc
864 1233 989 1302 Orionis
1011 1239 1171 1306 nataliciis
1194 1247 1226 1305 ab
1249 1247 1350 1306 morte

154 1349 192 1410 in
227 1347 343 1410 uostris
378 1343 539 1409 codicibus
573 1342 689 1428 (ΗΡΘ)
726 1341 844 1408 tradita
874 1350 966 1418 sunt,
998 1346 1108 1411 eadem
1140 1347 1255 1412 iisdem
1287 1347 1352 1412 fere

155 1451 284 1520 verbis.
315 1454 362 1517 ita
393 1459 429 1514 ub
458 1452 639 1516 communie
662 1451 752 1536 origo
776 1447 869 1514 facile
891 1449 1068 1535 polluceat,
1094 1453 1163 1541 legi
1185 1456 1217 1518 in
1240 1453 1351 1519 codem

155 1558 243 1644 quod
276 1579 371 1642 supra
400 1557 545 1622 dicebam
575 1555 733 1622 Eudociae
757 1554 895 1622 Violeto.
943 1556 1034 1637 Quod
1060 1567 1097 1624 ui
1120 1560 1236 1626 clarius
1259 1567 1385 1647 appa·'

54 1751 55 1754 Ἴ
154 1670 244 1748 real,
269 1671 300 1728 eb
325 1663 539 1748 Imperatricis
564 1661 659 1727 verba
684 1667 715 1728 et
739 1660 989 1728 Scholiaslarum
1012 1667 1103 1731 iuxta
1126 1666 1294 1733 collocabo.

156 1877 290 1942 Scholia
313 1876 353 1940 ad
376 1875 434 1940 Od.
460 1900 474 1939 ε
502 1875 576 1940 121.
601 1873 727 1960 (ΗΜ)
756 1819 759 1919 ί
787 1815 1071 1994 Endoegzefflgssll}
1095 1822 1350 1997 ἓῖᾇέῧθίωνθς·

248 2001 252 2011 ·
756 1982 759 2023 ι

208 2057 350 2130 Οίνεὺς
371 2067 427 2132 τῆς
449 2060 591 2130 Βοιωτίοις
614 2053 646 2130 ἦν
667 2057 728 2136 βοο-
757 2026 759 2047 ί
834 2059 948 2138 Ὠρίων
970 2057 1057 2140 ν’ίριος·
1079 2062 1093 2125 θ
1111 2063 1145 2126 ἐκ
1162 2067 1215 2126 τοῦ
1228 2065 1351 2144 οίιρῆσοοι

156 2167 272 2236 σιλεὺς.
306 2162 331 2229 cl
364 2157 412 2230 οὖν
442 2165 498 2229 θεοί
526 2164 726 2241 βουληθέντες
756 2146 758 2227 ί
786 2165 856 2237 τοὺς
877 2163 958 2239 θεοὺς
980 2166 1010 2230 ἐν
1030 2178 1068 2250 τῇ
1088 2167 1187 2250 βύρση
1207 2175 1260 2234 τοῦ
1278 2171 1350 2248 βοὸς
1417 2213 1424 2228 .

156 2271 232 2337 ideis
267 2259 297 2336 εί
327 2270 480 2352 φιλόξενοι
516 2273 541 2336 οί
581 2270 726 2349 οίνθριοοτοι

156 2375 248 2452 ἦλθον
279 2378 351 2458 πρὸς
382 2379 474 2443 αὐτὸν
496 2381 535 2449 ὡς
559 2375 727 2454 ξενισθησό-

156 2510 244 2564 μενοι
277 2485 331 2550 ὑπ’
363 2487 469 2550 αὐτοῦ.
502 2485 515 2549 θ
549 2484 579 2550 δὲ
603 2481 727 2560 έθέξοιτο

156 2595 213 2658 nal
239 2592 324 2657 ἐθυσε
348 2593 425 2670 βοῦν
448 2593 499 2657 κοιί
527 2591 655 2670 ἐξένισεν
674 2593 728 2655 οὐ·

157 2698 242 2770 τούς.
267 2696 450 2774 ξενισθέντες
475 2692 523 2762 οὖν
547 2697 614 2761 sal·
630 2698 664 2783 (οξ
674 2704 728 2777 τι)-

157 2805 319 2888 ερχθμενοι
344 2807 368 2868 οί
393 2805 450 2869 θεοί
475 2799 553 2868 εἶδον
577 2807 630 2880 την
654 2805 729 2884 βύρ·

159 2937 221 2979 σοον
239 2917 293 2978 τοῦ
311 2910 489 2993 σφαγέντος
508 2911 578 2988 βοὸς
591 2912 730 2988 κειμένην

49 3021 58 3030 ’”
159 3021 266 3096 κοίτου,
292 3021 344 3082 zai
369 3019 549 3097 οὐρέοιιντες
570 3020 612 3091 είς
633 3021 729 3092 οιύτην

159 3127 195 3203 ἐξ
219 3129 313 3192 αὐτοῦ
337 3131 389 3189 τοῦ
410 3125 495 3203 οὔρου
515 3126 566 3190 κοοί
588 3133 642 3200 τῆς
656 3126 729 3202 βύρ·

157 3259 215 3309 σης
241 3235 386 3307 ἐποίησοιν
405 3235 456 3296 τὸν
477 3234 624 3313 Ὠρίωνος.
645 3230 729 3302 οὗτος

49 3387 50 3390 ’
160 3337 730 3429 (ἆνῆρ)γενίμενοςῆροίσθητιῑς

158 3447 348 3526 Ἀρτέμιδος.
395 3445 474 3517 οιῦτη
518 3446 549 3510 δέ
592 3447 730 3525 σκορπίον

159 3557 254 3628 ἀνῆκε
273 3556 345 3617 κοτ’
367 3555 478 3629 αὐτοῦ,
503 3551 555 3615 κοιί
580 3554 728 3631 κρουσθείς

159 3659 281 3732 οὕτως
315 3661 344 3724 ἐν
376 3661 417 3738 τῷ
451 3661 555 3738 σφυρῷ
580 3660 730 3733 τέθνηκεν.

50 3843 51 3846 ¹
160 3771 186 3834 οί
210 3763 259 3832 οὖν
283 3767 339 3832 θεοί
366 3766 550 3840 έλενίσοοντες
577 3765 669 3828 οούτθν
689 3763 729 3829 δι’

160 3875 280 3953 ἄστρων
306 3872 577 3954 ιἰτεζυγροίφησκν
598 3874 655 3958 [ao
666 3895 684 3932 τ
695 3873 731 3935 ὸν

161 3981 200 4046 ἐν
220 3983 269 4062 τῷ
285 3981 448 4064 οὖροινῷ]
471 3979 555 4054 μετὰ
576 3983 629 4043 τοῦ
644 4001 730 4056 σκορ-

162 4090 245 4154 τοίου.

786 2277 839 2337 τοῦ
864 2272 1042 2353 σφαγέντος
1068 2275 1124 2339 ὑπὸ
1148 2283 1202 2341 τοῖν
1223 2276 1369 2358 Ὤριέ-Ι

786 2401 907 2462 υς,-
927 2381 1035 2444 κοντοὶ
1061 2380 1099 2445 δέ
1123 2406 1257 2466 τινος,
1279 2383 1351 2447 orl

787 2489 854 2549 τοῦ
888 2485 1055 2564 Οίνέιος,
1087 2526 1129 2536 -
1154 2493 1208 2553 τοῦ
1240 2491 1352 2566 Θηβῶν

786 2590 959 2668 βασιλέως,
985 2593 1035 2657 ἐντί
1057 2603 1095 2674 τῇ
1114 2595 1276 2678 φιλοξενίᾳ
1294 2602 1352 2660 τῶν

788 2700 876 2774 θεῶν,
911 2699 949 2770 ὥς
986 2701 1016 2764 έν
1047 2703 1088 2781 τῷ
1121 2703 1187 2782 περί
1220 2699 1352 2781 Ὠριέοις

788 2803 915 2884 είρητοιι.
949 2807 1174 2885 γενόμενος
1207 2808 1236 2872 δὲ
1269 2803 1353 2879 οὗτος

788 2912 802 2978 ί
834 2913 948 2991 Ὠρίων
977 2915 1029 2977 κοιί
1054 2913 1091 2976 ἐον
1115 2915 1274 2992 θηρολέτης
1300 2914 1351 2979 καί

789 3017 958 3096 κυνηγέτης
991 3019 1111 3100 ἄριστος
1145 3022 1197 3085 κοιί
1224 3022 1274 3086 ἐπί
1299 3022 1352 3086 οἰν-
1423 3085 1426 3092 ,

789 3125 871 3208 δρείρι
895 3149 930 3189 τε
955 3127 1007 3189 κοιί
1033 3127 1144 3190 κοίλλει
1174 3127 1354 3205 τεριβθητοὲ

789 3231 901 3310 ἠροίσθη
934 3239 988 3303 τῆς
1024 3235 1212 3312 Ἀρτέμιδος.
1242 3231 1353 3308 εἶτοιὴ

790 3340 852 3410 θεὸς
886 3339 1058 3418 θργιοθεῖσκ
1095 3341 1187 3414 οίνιῑκε
1216 3343 1355 3421 σκορπίον

789 3446 861 3509 κοτ’
893 3445 1007 3509 αὐτοῦ·
1040 3446 1092 3509 aa}
1125 3449 1273 3526 κρουσθείς
1299 3444 1354 3512 οὗ·

790 3574 856 3622 τος
881 3551 1027 3615 οὶτιέθοονε.
1048 3555 1132 3626 μετοὶ
1154 3554 1184 3617 δέ
1203 3555 1258 3627 την
1279 3555 1355 3619 οὶοιο-

789 3656 896 3733 βίυοιν
909 3658 1090 3742 οίστροθεσίρι
1105 3669 1166 3732 τοῖς
1180 3661 1353 3739 γεννιίτορσι

790 3767 968 3839 τετίμηται.
1005 3765 1048 3830 διὸ
1080 3765 1162 3831 ἐστιν
1187 3767 1217 3830 ἐν
1240 3770 1282 3848 τῷ
1306 3770 1355 3832 οὐ·

789 3875 877 3950 ροονιρ,
901 3872 939 3941 τίς
961 3872 986 3935 οί
1007 3875 1092 3947 μῦθοι
1114 3874 1249 3965 λέγουσι,
1269 3877 1355 3950 μετίο

790 3981 842 4040 τοῦ
875 3976 1035 4060 σκορπίου,
1067 3975 1175 4058 ἄστρον
1208 3979 1357 4057 μέγιστον

791 4087 842 4147 sai
876 4083 1100 4164 λοιμοτρθτοοτον
1134 4087 1290 4164 ίμώνυμον
1313 4089 1356 4168 τῷ

791 4189 872 4268 ίίριοί.

160 4331 371 4415 Perspicuum
408 4338 456 4396 est
490 4351 529 4396 ax
560 4329 671 4395 eodem
702 4326 789 4394 fonte
820 4327 897 4394 haec
926 4327 1033 4394 omnia
1062 4349 1224 4408 manasse,
1256 4353 1357 4417 neque

50 4466 55 4478 .
162 4459 244 4524 quae
274 4437 415 4504 Eudocia
443 4437 585 4523 pleniora
608 4434 722 4502 habore
746 4434 874 4501 videtur
898 4455 936 4500 ax
959 4435 1066 4502 codice
1089 4437 1262 4523 integriore
1284 4461 1358 4526 pro-
