3232 5136
842 289 885 374 θθ

262 512 317 560 mo
350 493 395 560 sit
428 493 494 573 περὶ
526 496 580 558 τοῦ
612 493 660 578 τί,
692 515 776 560 nuuc
806 495 873 576 περὶ
909 499 963 561 ποῦ
988 495 1069 573 πῶς,
1095 513 1131 561 ac
1153 489 1298 581 primum
1321 495 1459 580 ponatur

264 603 416 679 tantum,
430 599 660 666 Telemachum
679 603 724 666 sic
745 599 914 680 simulare,
935 601 1024 688 quasi
1044 601 1179 667 Antinoi
1204 600 1457 687 depravationem

264 727 372 775 revere
406 728 444 772 ex
474 705 618 794 maligno
650 709 757 774 animo
789 708 965 794 profectam
999 710 1101 774 amice
1131 706 1251 774 dietam
1287 710 1459 794 acciperet,

265 814 382 898 quibus
403 834 486 879 nunc
510 812 714 902 adiungitur,
740 814 899 902 quomodo
924 812 1015 881 fictae
1038 814 1276 882 benevolentiae
1299 820 1376 882 uota
1399 817 1460 879 iro-

172 1001 173 1006 *
264 923 336 986 nica
360 918 570 1006 explicatione
594 918 709 986 callide
727 919 918 1007 exploserit,
937 926 975 985 ut
994 921 1099 988 dicat:
1119 927 1196 988 tune
1208 924 1311 1010 igitur
1321 941 1459 1010 regnum

143 1110 145 1115 .
266 1031 393 1092 tantum
422 1025 547 1092 malum
578 1027 762 1111 existimas,
794 1033 832 1092 nt
861 1049 913 1093 me
936 1025 1107 1114 parvulum
1134 1029 1202 1093 eius
1226 1029 1329 1094 onena
1351 1048 1461 1113 exper-

266 1139 333 1200 tem
365 1132 431 1199 fore
458 1129 589 1218 cupias?
612 1132 695 1198 mihi
720 1140 827 1198 contra
850 1154 913 1199 non
936 1134 1013 1200 adeo
1035 1134 1183 1219 improba
1205 1155 1295 1200 merx
1318 1155 1385 1200 cese
1409 1136 1461 1200 ui-

266 1241 369 1308 detur.
390 1237 530 1327 Operose
554 1239 826 1332 sone„siquidem
850 1239 1029 1327 Porphyrio
1048 1242 1460 1329 nonsinsmagnosemper

268 1348 429 1437 cogitandi
451 1345 702 1432 enunciandique
726 1345 893 1412 molimine
917 1347 956 1412 ab
981 1368 1045 1413 nna
1064 1349 1351 1435 argumentationis
1370 1350 1461 1432 parte

267 1455 308 1522 ad
342 1452 475 1521 alteram
511 1454 644 1518 transire
675 1473 745 1518 mos
776 1459 834 1518 est.
881 1451 960 1520 Mox
991 1456 1103 1520 incisio
1135 1456 1240 1519 minor
1264 1453 1461 1519 desideratur

267 1568 340 1648 post
369 1560 575 1642 παραίτησιν,
609 1579 666 1624 nec
689 1561 804 1625 reticeo
829 1562 1061 1646 suspicionem,
1085 1560 1242 1626 ultimum
1265 1561 1401 1626 verbum
1425 1561 1460 1624 in

270 1667 451 1748 aecclesiolas
482 1673 776 1747 προσποιεῖται
809 1666 892 1732 mihi
921 1665 1051 1753 qnidam
1082 1668 1202 1733 vitium
1234 1664 1317 1732 alere
1347 1665 1460 1733 videri.

266 1773 380 1860 ¹Neque
403 1776 488 1840 enim
513 1771 770 1859 Porphyrianum
794 1779 843 1838 est
866 1778 916 1838 ter
938 1775 1110 1858 repetitum
1134 1772 1216 1839 illud
1238 1780 1461 1856 προσποιεῖται,

269 1880 537 1962 προσποιούμενος,
570 1886 781 1958 προσποιεῖται
815 1879 903 1946 brevi
932 1881 1035 1965 spatio
1066 1881 1232 1944 interiecto
1244 1927 1252 1958 ,
1276 1901 1377 1966 nequa
1401 1879 1461 1944 hoc

266 1988 400 2055 uerbum
421 1985 537 2052 ultimo
555 1985 624 2051 loco
644 1987 817 2051 sententiae
830 1991 951 2071 aptum.
977 1985 1134 2072 Fingebat
1153 1983 1379 2064 Telemachus,
1398 2006 1461 2071 quo

268 2093 528 2180 animoAntinoi
553 2092 697 2172 νί-πεοχίιν
722 2091 839 2157 factam
861 2103 1011 2178 censeret,
1032 2095 1133 2179 ipsius
1153 2090 1337 2160 Telemachi
1348 2098 1460 2159 sotum

270 2199 376 2266 hercle
406 2219 508 2284 neque
539 2196 650 2264 lictum
681 2219 783 2284 neque
806 2198 995 2266 simulatum
1019 2205 1097 2264 erat.
1144 2197 1358 2278 Quamobrem
1382 2198 1461 2265 Por·

270 2308 424 2395 phyrium
448 2306 570 2371 dedisse
593 2306 752 2390 suspicor:
777 2303 987 2372 Telemachus
1010 2304 1197 2372 simulatam
1217 2307 1350 2372 Antinoi
1370 2307 1461 2372 bene

179 2460 184 2472 .
271 2414 446 2480 volentiam
466 2411 503 2478 δι’
523 2413 621 2494 εὐχῆς
640 2411 821 2494 διορθοῦσθαι
841 2435 866 2477 π
873 2415 1122 2491 ροθνμεῖπαι.
1147 2411 1293 2498 Denique
1312 2411 1461 2480 voculam

271 2520 303 2586 δέ
333 2527 404 2607 post
434 2515 479 2584 irs
512 2517 679 2584 delendam
708 2539 775 2585 esec
808 2522 905 2584 etiam
938 2517 1138 2584 Dindorfium
1153 2517 1155 2522 ’
1169 2521 1318 2585 statuisse
1349 2519 1462 2604 video,

269 2629 304 2692 in
335 2626 535 2692 adnotatione
565 2624 741 2691 dicentem:
777 2625 827 2708 ,δὲ
859 2630 914 2690 aut
937 2623 1107 2690 delendum
1132 2633 1188 2691 aut
1211 2625 1323 2691 saltem
1351 2626 1384 2690 in
1409 2627 1461 2690 καί

271 2732 461 2798 mutandum
469 2730 496 2815 ,”
519 2752 655 2816 quorum
679 2730 761 2796 illud
785 2736 818 2797 et
841 2732 907 2816 ipse
931 2728 1122 2816 amplector,
1145 2732 1205 2796 hoc
1226 2733 1382 2797 absonum
1404 2739 1461 2798 est.

270 2838 395 2924 Nempe
417 2839 448 2902 δέ
471 2839 505 2902 in
527 2838 587 2903 hac
609 2837 807 2925 paragrapho
835 2837 1044 2904 errabundam
1071 2841 1175 2904 vitam
1199 2841 1269 2926 agit
1289 2839 1339 2904 bis
1359 2841 1460 2904 otiose

271 2944 418 3028 illatum,
452 2949 485 3009 et
514 2949 585 3029 post
616 2939 679 3020 ίτι,
710 2951 747 3008 ut
776 2965 860 3008 nunc
887 2943 1042 3022 vidimus,
1073 2950 1106 3010 et
1129 2965 1224 3031 snpra
1249 2943 1283 3032 (l.
1311 2947 1365 3032 13)
1391 2952 1463 3031 post

271 3052 466 3134 Τηλέμαχος
472 3097 481 3130 ,
514 3050 570 3115 nbi
593 3047 776 3115 Dindorfiue
799 3050 989 3136 particulam
1013 3048 1105 3136 plane
1129 3055 1319 3138 suppressit,
1344 3051 1461 3119 lectore

273 3165 382 3225 tamen
402 3161 435 3222 in
456 3156 721 3223 Adnotationibus
741 3159 873 3223 monito.

318 3262 490 3350 Sequentia
523 3283 586 3328 non
619 3264 728 3328 minus
761 3262 914 3330 laborant.
962 3263 1090 3353 Pergit:
1124 3260 1194 3330 εἶτα
1226 3265 1292 3347 περί
1325 3267 1382 3343 μὲν
1407 3274 1488 3340 τῆς

274 3371 440 3452 βασιλείας
472 3370 549 3448 Φησὶ
579 3370 624 3447 μὴ
656 3369 891 3455 ἀμφισβητεῖν,
923 3374 990 3452 περί
1022 3372 1125 3450 μέντοι
1149 3377 1203 3437 τοῦ
1228 3373 1338 3438 ἑαυτοῦ
1362 3371 1460 3438 οῖκου·

386 3481 425 3548 sic
456 3484 511 3550 πῆς
540 3475 709 3555 βασιλείας
738 3481 823 3553 μετὰ
855 3477 889 3542 πθ
921 3479 1083 3542 οίποθανεῖν
1108 3477 1158 3542 ris
1181 3477 1321 3558 βασιλέα
1348 3481 1398 3545 ἐπὶ
1424 3491 1463 3564 τῇ

274 3587 358 3670 τείχη
389 3582 547 3663 κειμένης,
579 3590 637 3648 τῶν
669 3583 700 3647 δὲ
724 3585 890 3662 κσηρςοίποον
914 3581 952 3649 ὧν
972 3577 1138 3650 δέδωκεν
1164 3587 1177 3650 ὁ
1200 3586 1353 3664 βασιλεὺς
1374 3588 1463 3669 ὀφεί-

205 3688 208 3706 '
275 3709 370 3760 λοντα
400 3692 495 3772 κύριον
519 3684 595 3755 εἶναι
620 3683 641 3770 ᾧ
671 3689 828 3758 δέδωκε.
875 3689 935 3758 Rei
959 3703 1090 3777 natura,
1113 3693 1225 3770 credo,
1250 3694 1382 3760 suadet:
1407 3699 1467 3760 τῶν

275 3799 443 3880 κτημθταν
474 3795 511 3864 ὦν
549 3797 783 3863 λέλοιπενθ
818 3797 970 3876 βασιλεὺς
1001 3799 1169 3882 ὀφείλοντα
1202 3801 1298 3882 κύριον
1331 3795 1410 3866 εἶναι
1442 3796 1464 3882 ᾧ

276 3909 454 3975 λέλοιπε.

321 4147 350 4199 α,
368 4119 444 4186 394.
464 4119 555 4201 Quod
566 4120 631 4186 lere
644 4119 768 4204 accidit,
781 4125 857 4186 snnt
868 4131 900 4188 et
911 4122 1007 4190 huius
1019 4127 1213 4211 quaestionis
1226 4125 1465 4213 Porphyriones

276 4230 408 4296 disiecta
442 4226 588 4292 membra
619 4229 653 4292 in
683 4229 780 4292 variis
812 4227 974 4296 codicibus
1004 4233 1101 4298 variis
1125 4233 1270 4298 uersibus
1294 4231 1467 4318 adscripta.

274 4335 366 4403 Siout
384 4334 424 4400 ad
447 4353 586 4412 sarsum,
611 4353 707 4420 quem
731 4353 826 4421 supra
848 4338 959 4420 posui,
982 4338 1060 4404 haec
1084 4343 1158 4403 sunt
1182 4341 1216 4403 in
1236 4333 1349 4419 Hin
1375 4337 1465 4417 λέγει

276 4440 408 4512 ποιοῦπθν
440 4442 523 4506 ἐστι·
554 4441 698 4520 βασιλεῖς
731 4441 788 4506 είσι
821 4442 929 4507 πολλοὶ
956 4444 984 4506 ἐν
1009 4452 1047 4527 τῇ
1069 4441 1225 4527 οῖ’ροφιθλῳ
1252 4444 1374 4531 Ἰθοθκη,
1399 4445 1467 4520 ἤτοι
