3318 5138
709 292 803 398 Ινιν
886 353 888 358 ,

174 505 303 592 porcat,
333 495 389 572 ubi
420 503 689 585 ἀνεστραμμένον,
721 505 979 587 ἀνεστραμμένως
1003 505 1280 591 θιερθοέκτιιωηε,
1306 521 1363 588 pro

176 614 291 678 ι’κοισεο
321 612 444 696 στάδιοι,
471 619 662 695 praepostere
694 611 799 680 dicere
823 611 875 680 vel
899 607 1052 678 collocare
1076 609 1128 676 vel
1153 631 1255 700 agere.
1281 609 1365 674 Uace

177 725 225 786 est
256 719 317 785 hoc
347 718 442 786 modo
470 715 591 784 Rhetor
612 717 805 806 Anonymue
828 719 895 800 τερ)
920 717 1095 799 σχημάτων
1120 719 1182 804 (ορ.
1206 715 1366 782 Walaium

177 824 246 894 Vol.
279 823 356 890 VIII
385 847 416 911 p.
451 823 536 910 654,
570 823 628 898 10,
658 824 862 914 inlflpengel.
887 825 964 892 edit.
990 831 1012 890 t.
1038 823 1084 890 111
1109 845 1140 910 p.
1168 823 1266 908 146),
1289 823 1368 908 ipsis

177 931 398 1022 grammaticis
432 929 536 998 multo
567 931 803 1017 ληροδέστερος,
836 935 891 1018 qni
921 935 1005 997 inter
1029 930 1098 996 alia
1115 933 1184 1018 egit
1208 929 1274 1009 περὶ
1300 931 1368 994 τοῦ

177 1039 470 1121 ἐπιστρέφειν
502 1038 544 1103 τά
574 1035 755 1119 πράγματα
779 1039 830 1106 καὶ
862 1037 912 1104 τά
942 1037 1115 1118 δεύτεροι
1145 1039 1283 1117 πρῶτον
1311 1019 1368 1100 λέ-Ι

178 1169 286 1226 γειν,
311 1145 485 1232 eodemque
508 1145 603 1210 modo
626 1143 822 1211 Scholiastae
845 1145 946 1212 nostri
965 1145 1098 1210 verbnm
1116 1143 1283 1216 adhibent,
1297 1161 1327 1208 v.
1343 1163 1369 1206 c.

151 1253 215 1320 ’κώ
239 1280 262 1320 α
288 1251 349 1332 o&
374 1277 388 1318 e
414 1251 496 1318 315:

266 1413 267 1416 ¹
358 1367 435 1434 τῆλε
459 1359 486 1424 δ’
509 1357 572 1424 cirri
596 1358 722 1441 σχεδίης
747 1360 841 1432 αὐτὸς
866 1358 960 1437 πέσε,
985 1357 1134 1435 πηδάλιον
1157 1356 1188 1424 δέ
1234 1401 1236 1406 ,

359 1468 393 1532 ἐκ
415 1472 524 1546 χειρῶν
547 1467 688 1545 προέηκε,

176 1573 216 1640 ad
250 1593 330 1660 quoa
353 1593 471 1640 ¹verane
497 1577 683 1639 adnotatum
706 1577 739 1639 in
763 1573 897 1654 BHPQ:
923 1572 1197 1653 ἀντιστρόφως
1221 1569 1253 1635 δέ
1278 1571 1371 1650 ἡρμή-

174 1704 288 1746 νευσεη
316 1681 339 1765 Ι)
364 1681 406 1746 ὀὐ
437 1681 501 1760 γάρ
529 1680 668 1760 άτρώτερσν
691 1679 800 1746 ἔπεσεν
809 1729 818 1758 ,
844 1677 913 1746 εἶτα
938 1683 1043 1763 άφῆιιε
1067 1679 1101 1744 τδ
1125 1679 1283 1752 τηδάλιον.
1307 1673 1372 1742 Ne·

176 1807 237 1874 que
264 1784 367 1880 ¹elitei·
400 1787 440 1852 ad
474 1787 491 1851 δ
522 1784 607 1863 802,
640 1787 679 1852 ad
710 1787 807 1854 verba
838 1787 924 1864 τοιρά
958 1786 1085 1862 κληῖδος
1109 1783 1229 1862 ἱμάντα
1251 1783 1372 1870 legitur

175 1896 321 1980 primum
353 1892 542 1978 simplicIter
566 1895 600 1958 in
624 1892 677 1958 H:
701 1895 1006 1973 άντιστρέφος,
1031 1899 1100 1957 tum
1126 1889 1315 1976 explicatius
1337 1891 1371 1955 in

177 1999 281 2066 BEV:
307 1999 574 2080 άντιστρσφη.
610 1999 696 2080 παρά
721 2003 776 2063 τάν
800 2001 932 2076 κλεῖδα,
958 1997 1023 2075 ἥτις
1047 1997 1166 2077 ἱμάντα
1191 1993 1261 2078 εἶχε
1285 1997 1372 2076 παρά

177 2105 212 2172 τδ
245 2108 397 2186 κλεῐάρον,
431 2112 463 2170 et
495 2129 518 2183 γ
551 2105 616 2170 408
648 2105 688 2171 ad
718 2101 760 2176 οἷς
784 2103 850 2170 ἔπιε
878 2107 1154 2187 ἀντίστροφον
1180 2104 1214 2168 τδ
1238 2113 1370 2186 σχῆμα,

176 2211 227 2280 ἵνα
261 2211 279 2296 ᾖ
311 2212 363 2293 ἐφ’
393 2207 448 2286 σάς.
478 2211 542 2278 Sed
573 2214 629 2297 qni
652 2232 708 2298 pro
732 2233 768 2279 eo
792 2213 875 2299 quod
899 2211 994 2279 alicui
1018 2215 1064 2278 rei
1088 2211 1281 2278 contrarium
1306 2215 1370 2287 eet,

176 2320 384 2401 doctoralem
408 2323 440 2384 et
460 2318 719 2399 ἀνεστραμμένως
743 2321 813 2384 iure
837 2319 968 2397 dixerit,
994 2321 1069 2386 nori
1092 2321 1264 2385 neminem.

221 2527 325 2595 Plena
355 2547 495 2594 errorum
525 2532 600 2593 ennt
631 2548 712 2612 quae
740 2533 916 2614 sequuntur
944 2529 984 2594 ad
1015 2529 1111 2594 verba
1140 2527 1244 2602 κοίλην
1266 2537 1371 2592 Λακε-

178 2637 311 2713 δαίμονα
343 2633 533 2712 κητώεσσαν,
566 2655 641 2698 cnm
672 2636 863 2720 scriptorum
893 2633 987 2721 culpa
1010 2640 1081 2700 tum
1104 2633 1274 2699 editorum.
1312 2633 1371 2700 Lc-

177 2745 269 2832 gitnr
300 2743 334 2806 in
364 2740 407 2807 E:
436 2742 556 2815 κοίλην,
580 2744 635 2816 την
658 2741 754 2819 μέσην
779 2741 917 2819 κειμένην
940 2740 1083 2806 κοίλων
1106 2741 1159 2806 καὶ
1183 2737 1372 2818 βαθυτάτων

178 2850 297 2928 τάττει,
330 2848 416 2923 ἤτοι
449 2848 504 2921 την
531 2849 689 2925 μεγάλην.
721 2848 900 2923 κητώεσσαν
924 2847 955 2914 δέ
980 2847 1014 2911 έκ
1036 2850 1218 2930 μεταφοραῖς
1244 2851 1298 2912 τοῦ
1322 2847 1374 2922 κά-

179 2981 262 3029 τονς.
297 2954 384 3033 λέγει
415 2956 447 3022 δέ
478 2957 533 3030 την
564 2953 722 3036 Σπάρτην.
755 2955 905 3020 Primum
928 2953 1046 3020 falsum
1073 2959 1122 3019 eat
1145 2954 1263 3019 κοίλων.
1288 2953 1371 3034 Quid

180 3060 289 3132 enimi
305 3061 401 3165 ‘Num
425 3061 644 3128 Lacedaemon
664 3060 751 3137 neten
771 3061 874 3138 audit,
896 3064 1046 3148 qnoniam
1064 3059 1171 3127 media
1187 3063 1270 3127 iacet
1289 3063 1373 3128 inter

181 3171 345 3242 κοίλους
376 3167 508 3241 cicccc?
536 3169 638 3236 Nemo
669 3190 731 3236 non
763 3170 852 3236 videt
880 3169 1054 3258 legendum
1088 3188 1171 3235 esce:
1199 3171 1255 3244 την
1276 3171 1373 3248 μέσην

181 3277 321 3356 κειμένην
354 3277 509 3354 ὑψηλῶν
532 3277 584 3342 καὶ
609 3276 794 3356 βαάντάτισν
817 3275 927 3341 τάτονν.
950 3275 983 3343 Si
1008 3278 1079 3362 quia
1102 3277 1205 3342 adhuc
1229 3277 1373 3363 dubitat,

181 3383 279 3452 fidem
310 3387 340 3450 ei
369 3385 463 3450 faciet
495 3384 620 3452 brevior
649 3381 819 3469 explicatio
849 3385 882 3447 in
913 3381 957 3447 V:
991 3383 1056 3447 ἕτεὶ
1091 3381 1372 3463 ὑψηλοτάτοις

182 3493 259 3574 ὄρεσι
289 3491 547 3572 τερικέκλεισται.
577 3491 699 3558 Deinde
729 3511 791 3556 non
823 3488 916 3556 facile
946 3489 1037 3575 quis,
1070 3489 1154 3574 qnod
1176 3490 1229 3555 hic
1253 3489 1374 3556 sactum

183 3601 329 3675 videtur,
363 3597 426 3674 ἤτοι
451 3619 507 3684 pro
531 3598 548 3674 ἥ
573 3597 696 3664 dictum
719 3599 870 3684 reperiet,
895 3618 934 3662 ne
958 3597 1061 3662 dicam
1085 3595 1136 3662 vel
1160 3596 1244 3682 apud
1268 3617 1375 3684 gram·

183 3709 329 3774 maticoa.
347 3708 464 3772 miram
496 3723 606 3772 sonare
628 3707 922 3790 interpretationem
945 3703 1062 3781 κοίλην,
1087 3703 1122 3768 id
1145 3708 1193 3768 eet
1215 3701 1372 3781 μεγάλην.

183 3812 218 3880 si
259 3816 332 3900 quia
372 3813 450 3879 haec
490 3811 676 3900 intellegere
719 3811 804 3889 vuit,
846 3817 918 3897 post
952 3809 1052 3874 τόκων
1087 3811 1242 3876 maiorem
1277 3817 1374 3895 ponet

184 3919 440 4002 distinctionem,
479 3924 511 3984 et
552 3920 616 3995 ἤτοι
658 3921 713 3993 την
748 3915 895 3997 μεγάλην
930 3921 1000 4002 post
1035 3917 1212 3991 κητώεσσαν
1246 3915 1277 3982 δέ
1312 3916 1375 3983 col·

183 4025 282 4097 locet,
313 4045 390 4092 narn.
422 4025 462 4092 ad
492 4025 589 4090 hcine
619 4025 751 4092 demum
782 4021 931 4090 vocabuli
961 4023 1255 4107 interpretationem
1278 4025 1375 4109 perti·

184 4139 271 4199 nent.
306 4131 368 4199 Sed
402 4152 464 4196 non
495 4137 542 4196 eat
573 4130 633 4197 hoc
664 4133 752 4196 satia.
785 4129 848 4210 Qui
880 4131 1109 4217 grammaticos
1141 4135 1173 4196 et
1200 4129 1375 4196 lexicorum

185 4239 360 4305 conditores
383 4235 521 4305 Graecos
543 4239 717 4317 triverunt,
744 4239 850 4303 sciunt
872 4235 936 4312 ἤτοι
959 4233 1148 4322 plerumque
1167 4237 1215 4303 ita
1232 4235 1376 4303 adhiberi

191 4404 358 4420 m

152 4535 153 4539 ,
192 4569 206 4597 ⁴
219 4490 246 4556 1)
263 4493 298 4540 De
314 4493 385 4572 poete
401 4489 493 4541 dictum
508 4486 654 4554 έρμηνεάειν,
673 4491 701 4540 de
717 4507 765 4555 qno
783 4507 826 4540 nau
845 4489 943 4556 posthac
960 4493 1051 4556 agetur.
