3318 5138
825 241 889 321 136

359 509 360 512 ,
420 436 459 515 ὣς
483 441 496 506 ὃ
521 439 577 519 μὲν
601 437 671 505 ἔνθα
695 439 791 521 πολὺν
813 443 916 519 βίοτον
940 444 994 509 zoi
1017 444 1131 525 χρυοδν
1154 441 1284 524 eostam

420 552 519 624 ηλῐοτο
542 545 596 622 ξὺν
619 549 702 622 νηυοδ
726 548 798 611 κατ’
821 549 999 630 ἀλλοθρόους
1024 549 1203 628 ἀνθρώπους.

306 654 359 721 Ad
387 658 493 741 prima
522 653 620 720 verba
650 653 819 718 adnotatur
846 657 878 718 in
909 654 980 735 Qu:
1005 657 1091 720 κοντοὶ
1115 657 1149 722 τδ
1178 657 1256 728 εἲκδς
1281 659 1351 721 τοῦ
1376 664 1454 720 Με-

262 759 408 826 υελοὶου
441 761 602 837 ἥκοντος
636 759 807 838 διηγγέλθη
839 760 905 839 περὶ
939 766 991 826 τοῦ
1022 763 1153 838 πλήθους
1188 769 1247 826 τῶν
1281 761 1454 843 χρημάτων

263 864 343 947 ἅπερ
374 867 429 931 ἀπ’
462 867 626 945 Αἰγύπτου
657 867 789 942 ἥγιογεν.
819 866 965 932 Abaurda
995 875 1070 934 eunt
1092 870 1190 936 verba
1212 874 1265 933 τοῦ
1290 867 1455 934 Μενελάου

264 973 403 1051 ἥκοντος,
434 971 511 1038 lieet
539 976 574 1036 in
603 979 737 1056 utroque
767 971 873 1037 codiee
904 973 971 1061 legi
1006 975 1182 1041 videantur.
1232 974 1316 1056 Quid
1346 971 1455 1040 enim?

262 1082 313 1146 An
337 1081 406 1144 iura
429 1083 522 1164 poeta
544 1077 713 1143 Nestorem
737 1076 877 1144 Menelai
900 1097 974 1164 opes
997 1102 1036 1145 ex
1057 1081 1332 1169 Aegyptorelataa
1354 1080 1455 1146 extol-

261 1189 379 1252 lentem
411 1185 503 1261 faoit,
527 1193 627 1268 utpote
649 1185 788 1250 Menelao
812 1186 970 1250 veniente?
993 1185 1096 1252 Verba
1120 1187 1254 1254 absurda
1278 1208 1346 1252 ease
1373 1187 1455 1252 deei-

263 1299 339 1358 nent
364 1295 410 1358 eie
438 1298 592 1357 correcta:
617 1294 703 1356 κιοτδι
726 1293 760 1356 τὸ
784 1293 861 1362 εἰκὸς
886 1293 946 1376 (ὡς
971 1293 1078 1380 πρὸς)
1110 1293 1321 1359 Μενέλοιον
1353 1291 1454 1369 ἥκον-

219 1441 223 1450 ,
262 1423 326 1472 τος
348 1399 475 1485 (nempe
495 1398 706 1484 Τηλεμάχου)
725 1398 893 1477 διηγγέλθη
907 1399 1094 1485 (meliue'I'z
1116 1400 1454 1486 διαγγέλλεται,

267 1510 348 1592 App.
371 1527 400 1591 p
429 1503 509 1582 750)
536 1505 602 1584 περὶ
622 1510 675 1570 τοῦ
695 1506 827 1579 πληθους
848 1510 906 1568 τῶν
925 1505 1097 1587 χρημάτων
1117 1503 1196 1586 οἷπερ
1216 1509 1263 1570 olor
1266 1508 1454 1583 Ἀἰγύπτου

266 1614 400 1691 ηγοογεν.
431 1609 558 1698 Pergit:
590 1612 623 1674 οὑ
654 1610 724 1675 κατ’
755 1611 945 1692 ἀδολεσχίαν
976 1614 1007 1677 δὲ
1042 1613 1092 1676 ἐπὶ
1127 1618 1231 1676 τοιῦτοο
1262 1637 1332 1699 ηκεν
1356 1613 1370 1676 θ
1394 1611 1456 1676 Νέ-

245 1743 362 1800 ,στιιρ,
387 1719 462 1782 ἀλλ’
486 1711 670 1798 οὶποπληρῶν
694 1719 748 1792 την
774 1716 898 1798 ζητηοιν
922 1723 975 1782 τοῦ
999 1721 1172 1797 νεανίσκου,
1198 1721 1243 1792 ὥς
1268 1720 1321 1784 οὐκ
1346 1743 1379 1790 ην
1403 1718 1454 1783 ἐπὶ

236 1835 238 1840 ’
267 1853 324 1902 της
360 1825 456 1895 οθκθοος
492 1824 506 1887 θ
541 1825 716 1902 Μενέλαος,
751 1824 817 1887 οὐδὲ
850 1825 943 1897 αὐτὸς
977 1826 1185 1905 ἕτιμιορηοοιτο
1215 1825 1267 1890 τὸν
1300 1825 1454 1904 Λιγισθον.

267 1933 375 2000 Etiam
397 1932 448 1996 hie
470 1930 553 1994 inest
576 1933 694 1994 vitium
717 1951 733 1994 e
754 1929 930 1996 tralatieiis.
957 1929 1456 2010 Quaeaireratiuvenie‚nonde,

266 2040 321 2106 aed
344 2045 423 2111 πῶς
446 2037 500 2101 ονἰιι
525 2033 558 2111 ἦν
584 2037 634 2100 ἐπὶ
659 2044 712 2112 τῆς
737 2039 834 2110 ululae
860 2039 874 2100 θ
898 2041 1069 2110 Μενέλαος.
1105 2037 1289 2124 Sequuntur
1310 2040 1376 2102 iem
1401 2058 1454 2113 ea,

267 2139 410 2232 qnorum'
427 2163 521 2210 eausa
544 2143 620 2208 haee
644 2142 831 2222 attulimus,
855 2143 954 2208 simul
977 2151 1009 2209 et
1032 2147 1163 2210 eaeteria
1186 2147 1341 2229 corruptis
1364 2163 1456 2228 opem

185 2235 188 2240 .
266 2252 416 2320 lerentea:
455 2251 532 2316 οοθτδ
567 2249 599 2314 δὲ
633 2255 668 2316 τὸ
703 2252 877 2332 κεφάλαιον
912 2249 1022 2332 Φροθζει
1056 2252 1207 2338 (Nestor).
1241 2251 1275 2315 τὸ
1309 2251 1340 2316 δὲ
1372 2250 1457 2316 κατὰ

265 2359 355 2440 μέρος
380 2359 446 2437 περὶ
467 2356 611 2429 Εἱδοθέοις
634 2357 686 2422 nol
712 2357 856 2439 Πρωτέος
876 2359 927 2423 aa}
954 2367 1008 2434 τῆς
1029 2360 1160 2423 ἐνταῦθα
1181 2357 1342 2439 διατριβῆς
1363 2358 1458 2429 atrio

266 2465 411 2531 θποιθὼν
441 2464 632 2542 διηγήσεται.
662 2467 839 2536 πιθοινῶς
872 2464 911 2528 δὲ
940 2465 1278 2545 ουμμεμέριστοοι
1310 2465 1357 2529 τοὶ
1387 2472 1458 2537 τῆς

268 2572 507 2652 διηγήσεως.

313 2812 358 2872 γ,
383 2783 457 2851 195.
483 2785 712 2864 ἕπιτμυγερῶςε
738 2781 864 2864 περιοτδς
891 2784 908 2858 ἡ
932 2782 1003 2867 rot,
1027 2785 1065 2854 ὡς
1090 2783 1120 2847 ἐν
1144 2786 1185 2864 τῷ
1210 2766 1310 2861 „etei
1333 2785 1460 2863 ἐπιβου-

188 2929 189 2936 1
268 2891 383 2964 κθλος”.
416 2893 452 2975 (γ
477 2890 569 2975 422.)
602 2889 787 2978 (Hucusque
817 2896 864 2954 eet
888 2889 1029 2955 doctrina
1052 2888 1272 2968 Aristarchum
1298 2891 1354 2956 cfr.
1378 2894 1402 2957 i.
1429 2913 1459 2956 a.

269 2998 440 3065 Herodian.
472 2997 512 3063 ad
543 2997 570 3062 u
602 2995 691 3081 178.)
723 2996 957 3075 ομθχεοθοι’δὲ
981 2995 1046 3060 ἐστι
1071 2996 1106 3060 τὸ
1132 2996 1190 3061 ὑπὸ
1214 2997 1304 3076 πυρδς
1329 3000 1461 3062 evento-

269 3107 385 3171 κευθου.
398 3113 552 3181 μετῆκποοι
570 3103 600 3169 δὲ
616 3103 670 3186 (τὸ
684 3103 754 3169 add.
769 3087 843 3168 oum
857 3107 897 3188 H)
912 3103 1063 3182 ἐπίρρημα
1077 3104 1269 3188 (ε’γχεθρημοο
1283 3104 1461 3170 bellissime

268 3213 408 3296 oodioea,
444 3209 527 3296 qnod
561 3218 668 3275 tamen
701 3210 814 3295 probat
845 3207 1045 3286 Dindorfiue,
1078 3209 1181 3276 Praef.
1212 3231 1244 3296 p.
1269 3219 1362 3292 xum)
1395 3212 1460 3277 οὶπδ

268 3327 326 3386 τῶν
362 3315 633 3397 ἕπιτμυχομὲνων·
683 3316 749 3380 καὶ
788 3313 1041 3398 ,ε’πισμθξοιι
1079 3317 1148 3396 πυρὶ
1180 3316 1284 3389 νῆοις”.
1316 3316 1346 3403 (Ι
1378 3316 1459 3401 653)

268 3428 357 3504 δηλοῖ
385 3426 415 3489 δὲ
445 3425 480 3488 τὸ
512 3425 723 3505 ἐπισμυγερῶς
750 3425 785 3487 τὸ
810 3423 978 3500 ἐπιπόνως,
1003 3423 1134 3501 οὶξθυς.
1160 3423 1373 3509 (DBEHQT.)
1396 3423 1461 3490 Pru

268 3534 384 3600 ultimo
415 3530 568 3599 vocabulo
599 3529 857 3615 corruptissimo,
887 3529 971 3615 quod
1003 3535 1034 3594 et
1064 3528 1301 3596 Buttmannum
1325 3537 1357 3596 et
1379 3531 1461 3596 Din-

269 3638 405 3707 dorfinm
439 3637 524 3703 male
557 3637 730 3713 habuerat,
767 3639 833 3700 iam
864 3639 899 3700 in
932 3635 1109 3701 Observatl.
1142 3637 1359 3721 reponendum
1391 3638 1460 3702 dixi

269 3747 427 3816 οὶθλθως.
464 3745 632 3810 Praeterea
662 3744 831 3808 observatu
862 3743 1014 3828 dignum,
1046 3748 1078 3807 et
1107 3743 1158 3806 κοθ
1182 3744 1291 3809 abesae
1314 3745 1353 3809 ab
1377 3743 1461 3808 Har·

268 3854 429 3920 leianoet
458 3853 492 3916 in
515 3871 609 3916 versu
634 3871 672 3914 ex
695 3849 794 3948 lliade
818 3851 915 3914 uitato
938 3868 1000 3914 non
1024 3848 1195 3927 ἐπισμθξιιι
1219 3849 1300 3938 legi,
1328 3851 1383 3917 sed
1406 3851 1460 3916 ob·

269 3961 445 4028 servante
437 3978 503 4022 iam
526 3954 687 4021 Dindorfio
708 3955 794 4020 aurai
814 3981 848 4019 τε
870 3955 998 4031 σμυξοι.
1023 3954 1114 4021 Unde
1134 3955 1291 4022 mihit
1235 3979 1277 4022 na
1277 3959 1460 4084 tasuapioio

268 4076 332 4145 eet,
353 4072 444 4132 anet
430 4061 525 4129 talia
545 4061 711 4127 Homerici
731 4082 840 4127 verena
856 4061 1040 4126 leotioolim
1054 4062 1196 4127 fueritzi
1198 4047 1458 4144 πιομυχομένινν

270 4177 328 4263 (ὡς
351 4170 504 4261 ine.)xm
531 4166 755 4244 ἐπιομῡξοοι
776 4192 844 4248 πυρι
866 4193 950 4244 νηυς.
976 4167 1039 4234 Sed
1058 4169 1118 4235 hoc
1136 4171 1247 4236 obiter.
1261 4169 1458 4238 Peiuemul·

267 4289 338 4347 eata
356 4285 404 4345 eat
424 4279 527 4344 brevia
546 4274 746 4342 scholiorum
767 4273 984 4364 Vulgatorum
996 4274 1049 4361 (V)
1062 4276 1100 4341 de
1120 4276 1267 4343 haerooe
1279 4278 1457 4362 adnotatio,

267 4388 422 4456 saniorem
436 4382 677 4471 Etymologiem
690 4382 851 4458 exhibens,
865 4387 1045 4462 σμυγερῶςε
1066 4383 1112 4446 ἐπ
1122 4407 1131 4446 ι
1141 4407 1164 4446 π
1175 4382 1275 4457 θνως.
1295 4385 1330 4448 τὸ
1348 4385 1458 4468 μέτρον
