3278 5148
276 502 317 586 ἕξ
353 507 504 585 tropis
537 503 672 587 βραδέως
706 507 748 577 εἷς
779 505 897 572 δεῖπνον
923 505 1078 570 ---ιιοοὶ
1111 503 1264 579 οὶνὲσπη
1295 505 1373 570 aial
1399 509 1468 580 τῆς

275 615 441 694 aptata
478 613 562 694 Quid
586 620 694 678 autem
716 617 780 698 est,
799 613 883 698 quod
902 619 1028 678 tantum
1042 611 1129 678 dedit
1141 609 1331 678 turbarum?
1344 611 1470 698 Nempe

276 721 338 784 tn'a
361 741 444 785 nunc
466 719 588 785 scholia
611 722 645 784 in
668 741 768 784 unum
790 719 924 786 conflata
944 724 1037 796 sunt,
1059 719 1140 784 duaa
1158 719 1300 806 glossae,
1316 756 1357 768 -
1373 721 1470 784 iuter·

275 827 408 893 lineares
437 829 471 891 in
501 826 691 912 archetypo,
724 832 855 912 putem,
886 825 1028 909 fueraut,
1062 863 1102 874 -
1136 831 1168 891 et
1191 827 1413 912 paraphrasis,
1435 828 1470 890 in

278 932 361 998 huno
384 933 515 998 modum
539 933 801 999 reconcinnanda:

322 1037 399 1104 438.
445 1037 627 1124 ἐελδομένῳ]
653 1038 1031 1119 ἐπιδομοῡντισιοτηριάς.

321 1143 397 1212 439.
446 1139 520 1223 ἦμος
552 1144 580 1209 δ’
606 1145 656 1210 ἐπὶ
689 1144 806 1232 δύρπον]
835 1145 894 1229 (ὥς
920 1139 983 1210 ὅτε
1007 1143 1092 1229 add.)
1118 1139 1207 1218 ἦλύεν
1230 1146 1304 1225 drap
1328 1145 1468 1226 βραδέως

275 1253 340 1318 ἐπὶ
365 1253 501 1330 δεῖπνον,
528 1255 591 1330 ἤτοι
616 1251 651 1316 cd
675 1251 817 1330 δειλινόν,
843 1250 895 1316 καὶ
919 1251 1033 1326 doloro
1061 1251 1123 1317 οδπδ
1145 1259 1200 1326 τῆς
1226 1253 1359 1332 syriae.

445 1361 606 1445 ἀγορῆθεν]
633 1356 666 1435 ἐξ
688 1361 815 1438 οὶγοροῖς.

275 1465 365 1547 Quod
399 1467 432 1532 in
468 1467 667 1552 paraphrasis
697 1466 800 1531 fronte
831 1465 939 1531 addidi
971 1467 1008 1537 ὥς
1035 1462 1103 1544 ὅτε,
1130 1467 1190 1532 feci
1213 1488 1289 1532 oum
1311 1469 1469 1532 sententia

277 1573 374 1648 duca,
397 1578 467 1638 tum
491 1575 679 1639 auctoritate
703 1572 820 1638 codicis
843 1573 886 1646 Β,
912 1572 1022 1638 στᾶσαι
1046 1573 1110 1638 lere
1134 1574 1313 1658 praebentis
1337 1573 1368 1638 ἐν
1388 1573 1468 1654 τύσιρ

277 1679 437 1760 ἐφάνησαν
461 1681 502 1744 τοὶ
527 1679 617 1759 δοῦρα
641 1679 703 1746 aaa
728 1685 783 1752 τῆς
809 1677 1011 1760 Χαρύβδειος,
1037 1680 1075 1750 ὡς
1099 1676 1150 1744 ὅτε
1171 1679 1312 1759 ἐστράφη
1333 1704 1380 1750 τις
1394 1681 1467 1758 οδνηρ

277 1787 326 1852 ἐπὶ
351 1783 456 1864 δόρπον
479 1785 580 1867 κρύνιον
604 1785 688 1851 καπδ
713 1788 768 1860 την
791 1785 908 1865 οὶρορύν
933 1801 1018 1864 κτα,
1040 1791 1072 1852 ct
1092 1785 1194 1852 fusius
1211 1787 1266 1852 sad
1288 1791 1467 1852 accuratius

277 1892 323 1972 Q:
356 1895 393 1963 ὥς
424 1891 455 1956 δὲ
483 1892 670 1964 δικασπόλος
702 1893 946 1974 οὶνύρ---ὀψὲ
970 1894 1032 1958 απὸ
1058 1901 1112 1967 τῆς
1137 1895 1255 1973 οὶνσρέις
1279 1893 1392 1969 οὶνέστη
1417 1893 1466 1958 ἐπὶ

277 1999 394 2064 δεῖπνον
418 1999 524 2077 lalcis,
549 1998 646 2074 τῆμος
672 2036 712 2048 -
739 1999 768 2064 ἐν
793 1999 925 2079 τοσούτῳ
949 1998 984 2074 δύ
1006 2005 1048 2048 -“-
1069 1999 1111 2064 τοὶ
1131 1999 1214 2076 ξύλα
1231 2000 1364 2074 πῆςνηδς
1380 2035 1399 2050 ··
1417 2035 1435 2050 -
1448 2034 1468 2050 -

214 2097 216 2100 ¹
278 2106 440 2184 ἐφάνησαν
471 2104 658 2184 ἐξεμηύέντα
691 2112 745 2180 τῆς
778 2104 981 2187 Χαρύβδιος,
1016 2127 1095 2190 quaa
1119 2107 1226 2171 omnia
1249 2106 1468 2172 Aristarchum

279 2213 479 2300 paraphrasis
515 2215 705 2279 memoriam
741 2231 866 2277 servare
900 2212 984 2277 mihi
1018 2213 1177 2278 videntur.
1220 2211 1330 2277 Unum
1365 2213 1468 2279 adhuc

277 2321 421 2387 eiusdem
452 2325 527 2387 vitii
559 2319 743 2407 exemplum
776 2341 908 2405 ponam,
936 2319 1126 2385 adsertam
1151 2319 1468 2386 librumredirefe·

278 2433 408 2496 stinans.
440 2429 649 2495 Telemachus
672 2449 691 2494 a
713 2427 858 2493 Minerva
881 2449 936 2512 per
959 2431 1118 2494 somnium
1138 2427 1318 2494 admonitus
1338 2427 1468 2493 domum

277 2538 379 2604 redire
413 2544 570 2622 properat.
619 2535 724 2610 Quare
760 2537 853 2628 ocius
879 2537 1079 2600 vestimentis
1109 2535 1249 2619 indutis,
1281 2533 1467 2602 Menelaum

277 2644 315 2709 de
338 2643 472 2734 consiliq
493 2663 550 2708 suo
573 2643 650 2708 facit
673 2643 840 2706 certiorem
867 2640 893 2726 (ο
919 2639 961 2706 62
986 2644 1096 2726 sequ).

368 2748 420 2814 62.
514 2749 557 2826 βῆ
578 2748 610 2813 δὲ
633 2746 758 2827 ύύραζε,
786 2747 1016 2826 παριστάμενος
1042 2748 1073 2812 δὲ
1100 2747 1274 2828 προσηύδα·
1290 2785 1310 2798 -
1324 2785 1343 2799 -
1357 2785 1377 2801 -
1473 2809 1476 2814 ,

368 2853 419 2920 65.
470 2855 524 2932 ἤδη
550 2858 599 2918 νῦν
622 2853 656 2932 μ’
679 2855 853 2930 ἀπόπεμπε
878 2855 975 2930 alana
999 2855 1029 2924 ἐς
1053 2853 1189 2934 πατρίδα
1214 2863 1331 2933 γαῖαν·

467 2961 524 3037 ἤδη
548 2959 611 3040 γάρ
635 2985 684 3038 ροοι
711 2961 803 3036 dvala
827 2959 966 3025 ἐέλδεται
991 2959 1088 3025 οἴκαδ’
1114 2957 1239 3026 ἱκέσθαι.

274 3073 325 3140 Ad
355 3089 483 3138 versum
513 3065 556 3131 65
588 3065 756 3133 Oramarus
787 3073 820 3132 et
852 3065 1033 3132 Dindorfius
1064 3087 1102 3132 ex
1134 3067 1201 3134 solo
1234 3067 1268 3132 H
1290 3067 1469 3134 retulerunt

271 3180 366 3255 haec,
391 3175 505 3262 quibus
527 3172 655 3238 nullum
678 3173 797 3238 lemma
821 3173 978 3238 adiectum
1003 3172 1152 3239 videtur:
1177 3175 1243 3239 εἰπὲ
1263 3177 1347 3251 αύτιῖι
1368 3177 1469 3240 απελ-

274 3288 332 3352 trio
365 3283 434 3348 alca
466 3291 520 3355 τῆς
553 3281 708 3358 πατρίδος.
757 3279 837 3345 Sunt
869 3285 901 3344 et
931 3280 1009 3345 haec
1032 3282 1066 3343 in
1090 3301 1218 3345 summa
1241 3284 1468 3367 perspicuitate

271 3391 505 3459 obscurissima.
552 3387 636 3453 Nam
661 3389 695 3452 in
715 3391 782 3452 tcto
808 3407 900 3452 versu
926 3385 969 3450 65
992 3385 1074 3451 nihil
1098 3390 1270 3472 reperitur,
1295 3391 1467 3474 quodcum

273 3499 474 3586 paraphrasi,
498 3516 578 3581 quae
601 3494 664 3559 huc
683 3494 840 3578 pertinere
861 3493 992 3570 dicitur,
1017 3493 1138 3577 aliquid
1157 3515 1324 3560 commuue
1341 3497 1466 3561 habeat.

273 3605 383 3692 ltaque
406 3604 483 3669 haec
507 3605 540 3667 iu
564 3603 643 3667 duas
667 3599 839 3686 particulas
864 3599 1021 3683 discerpta
1045 3600 1162 3666 melius
1185 3601 1397 3689 intelligetur.

409 3710 461 3775 62.
510 3707 680 3792 προσηύδα]
706 3702 820 3771 εἶπεν
847 3707 920 3791 (non
946 3708 1024 3792 εἰπὲ)
1051 3708 1145 3786 αύτῷ.

408 3817 462 3884 66.
509 3816 604 3881 oleat·
630 3813 760 3898 διιέσύαι]
788 3815 935 3878 ἐπελθεῖν
959 3811 1028 3877 εἵσω
1053 3821 1108 3888 τῆς
1134 3815 1291 3893 πατρίδος.

269 3933 330 4007 At,
359 3925 463 4001 dices,
498 3923 576 4008 quid
604 3941 717 3986 causac
748 3926 796 3984 est
827 3941 883 3984 cur
906 3919 1225 4008 pervulgatissimum
1250 3921 1348 3988 illud:
1374 3947 1466 4003 πρισ-

270 4037 345 4110 ηύδα
375 4031 558 4119 paraphrasi
586 4023 782 4113 explicetur?
817 4025 974 4112 Equidem
1006 4026 1087 4094 hano
1117 4049 1247 4094 causam
1280 4029 1377 4096 fuisse
1401 4052 1467 4096 ore

269 4142 421 4216 diderim,
457 4136 541 4224 quod
577 4135 681 4202 verbis
715 4134 943 4211 παριστάμενος
979 4133 1009 4199 δὲ
1042 4135 1199 4214 προσηύδα
1231 4137 1264 4200 in
1296 4135 1406 4201 eodem
1431 4136 1466 4202 H

268 4249 521 4334 suprascriptum
553 4248 617 4308 est:
651 4241 723 4312 ἔπος
756 4238 851 4318 ηύδα,
885 4248 922 4307 ut
946 4243 1099 4328 primaria
1123 4241 1238 4308 scholii
1261 4241 1365 4306 forma
1388 4243 1466 4308 haec

268 4355 365 4420 fuisse
390 4354 553 4416 videatur:
577 4345 805 4429 παριστάμενος
826 4347 857 4412 δὲ
879 4349 1055 4426 προσηύδα·
1078 4345 1163 4415 εἶπεν
1177 4351 1273 4430 αύτῷ.
1290 4349 1466 4433 (γράφεται

270 4462 392 4546 δὲκαὶ)
419 4457 510 4536 „iace
536 4456 644 4532 ηύδοο.·’
691 4453 784 4520 Nunc
808 4457 847 4520 ad
872 4459 1071 4544 propositum
1097 4457 1201 4522 redeo,
