3278 5148
757 329 758 334 ’
836 313 902 382 ’302

277 511 314 574 ut
346 507 430 594 dixi,
463 515 512 572 est
541 509 574 572 iu
600 505 643 572 V:
670 509 687 581 οἱ
711 505 820 588 ποίχνη
845 509 931 575 κυσίν
955 508 1227 590 οίντίφροοσνν,
1253 509 1269 572 si
1293 509 1329 574 ri
1354 508 1467 574 ἑωίννίν

276 619 394 694 ψῦχος.
429 613 490 694 Qui
513 619 622 682 tamen
645 613 734 681 locus
759 614 822 682 alio
845 616 969 682 laborat
992 617 1091 692 vitio,
1114 635 1190 681 nam
1214 634 1295 701 quas
1313 614 1469 681 vocabulo

275 719 389 803 στίβη,
422 727 458 785 ut
488 720 614 802 τοίχνην
645 722 766 800 valeat,
799 726 881 788 inest
909 719 1114 804 οίντίφροοσοοί
1138 721 1243 787 Immo
1266 719 1362 799 στίβη
1387 722 1469 796 sassi

276 827 331 900 την
354 828 480 907 ποίχνην
504 829 651 917 designat
675 831 759 894 κοοτοὶ
785 853 833 894 πε
842 831 878 909 ρί
886 836 1057 910 φρονσνν,
1081 843 1118 894 ut
1141 850 1172 897 v.
1186 847 1212 894 c.
1234 826 1259 905 β
1279 826 1345 894 355
1367 829 1469 909 μέτρον

275 933 466 1013 μυληφάτου
498 936 636 1018 οὶλφίτου
668 937 764 1010 οὶκτῆς
796 939 830 1002 in
861 937 894 1002 H
927 937 1051 1002 dictum
1082 957 1151 1002 esse
1174 935 1359 1020 perhibetur
1382 936 1469 1000 κατὰ

277 1041 459 1120 περίφρασιν
492 1047 546 1106 τοῦ
578 1042 716 1124 ἀλφίτου
743 1043 1029 1122 ἕποκωτοοσσσμίνου
1061 1051 1117 1117 τῆς
1141 1044 1258 1124 scitis,
1283 1049 1315 1106 ei
1340 1040 1355 1120 ζ
1383 1041 1468 1126 197,

278 1149 416 1222 Φοινίκων
451 1148 561 1229 κοίρτοο
595 1173 630 1213 τε
663 1150 719 1227 βίη
753 1173 787 1214 τε
818 1153 852 1215 in
874 1149 919 1215 P:
943 1151 969 1216 οί
995 1149 1132 1221 Φοιίοοκες
1156 1149 1241 1214 κοντοὶ
1265 1149 1469 1232 περίφρασιν,

277 1260 309 1320 et
332 1257 378 1320 sic
400 1257 585 1342 saepissimo
609 1255 683 1322 aliis
707 1255 796 1323 locis.

322 1465 354 1550 ζ,
379 1467 410 1534 8.
435 1469 485 1534 Ad
509 1463 588 1534 εἷσον
611 1471 642 1534 δὲ
669 1469 786 1552 Σχερίη
810 1469 866 1550 EQ
890 1471 923 1534 in
952 1468 1091 1553 „scholio
1115 1469 1200 1536 male
1224 1473 1374 1553 concepto
1384 1466 1410 1551 ,’'
1430 1472 1468 1532 ut

275 1575 472 1640 Buttmanno
507 1595 632 1660 quoque
666 1579 774 1641 visum
810 1584 874 1640 est:
909 1573 1012 1649 ω’ίτη
1045 1575 1082 1640 δὲ
1116 1573 1275 1654 ἡΣχερίη
1301 1573 1385 1637 ἐστίν
1408 1570 1466 1647 ἔξω

275 1687 331 1753 τῆς
356 1684 425 1744 καθ’
451 1683 532 1759 ἡμᾶς
558 1681 743 1758 οἰκουμένης.
765 1684 988 1762 Ἀρίσποορχος,
1009 1679 1088 1746 είσεν
1110 1669 1142 1745 δὁ
1168 1683 1208 1745 ἐν
1232 1667 1390 1759 axella.
1415 1677 1470 1743 Ul·

198 1871 201 1877 ·
277 1789 395 1852 timum
409 1786 582 1852 mirificum
596 1809 670 1854 sane
682 1789 897 1854 Buttmannus
920 1795 1005 1854 certa
1025 1788 1246 1854 emendatione
1266 1787 1468 1871 procuravit:

276 1887 356 1958 εἷσεν
386 1893 416 1956 δὲ
448 1895 582 1976 Σχερίη,
614 1895 697 1980 quod
727 1901 759 1960 at
787 1895 914 1960 aliunde
945 1901 1068 1960 constat
1091 1893 1314 1960 Aristarchum
1338 1891 1467 1978 legisse.

276 1999 338 2065 Sed
382 2006 542 2085 praeterea
583 2003 798 2066 infantissime
842 2002 965 2066 dictum
1010 1999 1089 2076 adra
1133 2001 1165 2066 δὲ
1205 2001 1221 2073 η
1259 1999 1393 2078 Σχερίη,
1431 2005 1470 2064 ut

276 2114 463 2192 corruptum
498 2108 645 2173 videatur
681 2129 719 2172 ex
755 2108 876 2174 solenni
905 2109 999 2172 initio
1023 2113 1168 2174 notarum
1193 2106 1386 2178 Aristonici,
1413 2115 1471 2168 aut

233 2287 236 2291 ,
276 2213 383 2278 omitti
414 2220 470 2288 sut
502 2214 668 2299 depravari
698 2213 807 2288 solito,
845 2209 906 2277 ίτν
940 2215 955 2287 οἱ
989 2215 1105 2292 Σχερίη
1132 2212 1213 2277 ἐστίν
1238 2211 1293 2289 ἔξω
1318 2217 1374 2283 τῆς
1398 2211 1469 2274 κοί·

277 2321 361 2394 ημᾶς
393 2319 574 2396 οίκουμίνης.
624 2319 741 2388 Statim
766 2323 851 2385 enim
876 2324 1021 2405 sequitur
1043 2341 1082 2386 ex
1106 2321 1221 2385 iisdem
1244 2317 1406 2383 codicibus
1431 2337 1468 2382 ac

275 2431 436 2511 praeterea
460 2449 498 2492 ex
523 2425 568 2492 P:
597 2423 642 2492 ὅτι
667 2429 790 2506 Σχερίον
815 2427 971 2498 ὠνομάσθη
996 2429 1013 2500 ἡ
1037 2434 1095 2490 τῶν
1121 2425 1263 2491 Φοωοίκων
1286 2431 1329 2502 γῆ
1355 2423 1407 2517 κυνί
1432 2425 1466 2488 οὐ

277 2533 427 2612 Κέρκυρα,
465 2533 517 2597 καί
550 2530 596 2597 ὅτι
629 2531 685 2607 ἔξω
719 2531 813 2620 (ἔστιν
845 2531 902 2608 ἔξω
935 2531 1053 2621 erris
1077 2533 1147 2596 κοί
1170 2534 1253 2607 ἡμᾶς
1279 2529 1466 2605 οἰκουμένης.

276 2635 358 2704 Sunt
378 2659 506 2723 prorsus
517 2640 560 2704 rai
573 2640 656 2704 αὐτοὶ
671 2641 737 2720 περί
750 2647 809 2705 τῶν
820 2642 936 2724 αὐτῶν,
950 2643 1166 2725 repetiturque
1178 2638 1255 2704 haec
1268 2637 1466 2703 Aristonicus

274 2751 349 2810 nota
377 2747 396 2808 i.
419 2765 448 2810 a.
472 2747 556 2812 infra
579 2745 613 2830 (ζ
633 2746 729 2832 204),
757 2767 836 2832 qnos
858 2747 944 2812 locos
968 2767 1077 2812 omnes
1101 2745 1233 2832 collegit
1258 2744 1418 2810 Lehrsius.

319 2971 354 3052 ζ,
380 2973 432 3036 52.
467 2973 609 3039 Festinat
644 2975 818 3058 Nausicaa,
855 2985 892 3039 ut
926 2977 1088 3039 somnium
1119 2977 1226 3037 narret
1258 2973 1465 3056 parantibus,

273 3076 428 3159 zixilanes
460 3079 487 3142 δ’
521 3076 599 3144 ἔνδον
632 3081 747 3152 ἐόντως.
783 3081 881 3157 ἡμὲν
906 3079 954 3144 ἐπ’
979 3079 1097 3160 εὀχοίρη
1122 3075 1194 3153 ἧστο
1219 3094 1290 3142 κον..
1326 3079 1467 3147 Notatur

273 3203 343 3250 mos
372 3189 500 3270 politae:
534 3185 656 3250 πάλιν
689 3189 813 3258 odonis:
842 3189 926 3267 αὐτῷ
951 3185 1175 3264 πρυδνοοπυπσῡν
1198 3187 1253 3258 την
1278 3189 1466 3265 συναγωγὴν

273 3296 331 3354 τῶν
355 3293 527 3371 προσώπων.
552 3291 856 3379 (ΡΟ)Οι1τποίλννί
877 3291 912 3358 Si
935 3297 963 3358 ei
984 3293 1107 3366 σύνηθες
1128 3297 1191 3368 est,
1215 3297 1321 3356 ilerum
1341 3293 1464 3365 σύνηθες

274 3399 303 3462 ai
327 3417 393 3464 esse
416 3399 534 3484 nequit.
567 3399 684 3464 Procul
704 3399 801 3464 dubio
820 3398 989 3465 scholiasta
1010 3398 1114 3464 dedit:
1137 3398 1233 3461 τοίνυν
1248 3400 1319 3484 (ὡς)
1339 3397 1463 3473 ndentes

274 3507 358 3584 αὐτῷ
383 3506 600 3584 apelassonos
625 3507 680 3578 την
705 3507 889 3583 corcyra-siaa
914 3513 971 3569 τῶν
996 3506 1170 3582 προσώπων.
1203 3501 1361 3569 Similiter
1383 3507 1403 3569 i.
1433 3526 1463 3571 a.

274 3611 312 3676 ed
345 3623 366 3676 B
392 3611 456 3678 599
482 3614 520 3685 ὥς
545 3635 563 3678 a
586 3613 718 3679 Lehrsio
741 3611 947 3698 probantibus
970 3613 1119 3677 omnibus
1143 3611 1310 3676 reductum
1335 3618 1398 3688 est,
1423 3613 1462 3677 ad

274 3744 287 3784 ν
313 3715 378 3786 332
403 3740 421 3785 a
443 3717 614 3786 Dindorfio.

319 3927 353 4015 ζ,
394 3929 448 3996 60.
490 3935 528 3996 Ἡ
573 3932 630 4008 μὲν
673 3929 788 4004 ’Adorei
832 3928 922 4008 ἔλεγε
966 3930 1033 4010 περί
1074 3929 1144 4002 τοὺς
1180 3928 1303 4006 ydaros
1339 3929 1462 4008 οὶπωροο-

272 4037 440 4109 scalmos
467 4073 521 4088 ·-
546 4039 605 4121 (vs.
631 4037 705 4122 28),
730 4039 811 4111 aava
834 4038 866 4102 δὲ
890 4037 1075 4124 (Nausicaa)
1099 4038 1154 4112 την
1177 4039 1287 4116 χρείων
1310 4035 1464 4111 ἐνήλλαξε

272 4151 329 4209 πῶν
361 4144 557 4225 φορησοίντων
589 4146 640 4208 ἐπ’
669 4146 762 4210 adria
792 4145 996 4231 (Alcinoum)
1020 4144 1072 4207 κοιί
1097 4143 1166 4214 τοὺς
1192 4141 1361 4221 ἀδελφούς.
1386 4145 1463 4208 ἀλλ’

272 4249 340 4330 ἔχει
364 4252 505 4317 ὑπίνοοοον
529 4257 583 4324 τῆς
609 4251 757 4325 disicias
783 4252 797 4316 l
821 4251 914 4328 λόγος
939 4251 989 4316 iaci
1009 4253 1063 4324 την
1084 4251 1188 4326 sacac
1209 4259 1264 4324 τῆς
1285 4249 1462 4328 γομούσης.

273 4355 384 4444 (Por)
415 4357 477 4424 Res
513 4365 560 4424 est
592 4361 758 4444 perspicua
788 4357 828 4424 ab
852 4359 982 4444 ipsoque
1005 4361 1099 4443 poita
1122 4357 1312 4422 suavissime
1334 4361 1460 4422 notate:

272 4463 376 4530 uidero
411 4459 474 4544 ¹yolo
510 4467 632 4545 θολερὸν
668 4465 772 4544 ydaros
804 4461 1109 4546 ἕξονομῖηνκοίίπονπρί
1133 4463 1234 4546 Φίλῳ·
1259 4463 1273 4528 ί
1298 4461 1329 4528 di
1354 4461 1460 4528 πάντων
