3242 5140
828 263 894 336 stt

309 447 342 535 d,
378 457 452 524 191.
487 457 619 533 Φοίνικες
650 458 864 538 δολιχήρετμοι
892 459 1060 544 exponitur
1083 457 1159 543 quid
1182 455 1360 545 signifioet:
1389 481 1459 538 μοι·

263 573 349 644 κριοῖς
385 568 503 637 κοίτοιο
537 565 698 648 χρώμενοι.
735 569 752 641 ἦ
787 562 827 632 ὧν
862 570 877 640 ἡ
909 567 1096 640 κωπκλοισίοο
1126 566 1246 639 νεανικὴ
1280 566 1333 631 καὶ
1360 567 1458 647 μέχρι

263 677 408 756 ποταμοῦ
441 673 643 740 διοτείνονσοι.
675 671 757 760 (EQ)
783 673 965 739 Absurdum
988 678 1039 738 eet
1061 672 1156 753 μέχρι
1180 677 1336 750 ποτοιμοῡ.
1361 671 1459 740 Butt-

154 815 157 822 ·
263 797 400 846 mannus
428 782 562 846 eonieoit
593 780 688 862 μέχρι
722 779 929 860 πορρωτάτονι
955 779 1101 862 volebat,
1125 778 1234 856 eredo,
1260 779 1457 856 πορρωτάτω.

264 883 371 952 Possis
402 889 519 952 etiem:
551 885 646 964 μέχρι
676 889 863 952 άκεονσῦ.
898 885 999 952 Paulo
1029 884 1123 952 elitsr
1146 885 1230 952 idern
1255 885 1458 952 adieetivnm

264 994 433 1078 exponitur
454 986 539 1058 in'll
565 992 605 1058 ad
628 995 643 1058 ά
669 992 752 1072 369,
773 995 1005 1073 δολιχήρετμοιε
1027 992 1157 1072 δολιχάς
1177 992 1261 1064 stota
1282 993 1458 1068 διονύοντες

264 1099 317 1162 nal
350 1102 394 1175 ei
427 1099 669 1177 κάμνοντες,
695 1105 712 1175 ἢ
738 1102 847 1182 delexit
873 1102 972 1182 ἕρεοίρι
998 1100 1234 1175 κάμνοντες.
1282 1098 1458 1168 Monemur

263 1203 405 1270 codicem
430 1205 545 1272 hebere
568 1207 672 1289 εἰρεσίᾳ
696 1206 793 1292 (App.
816 1227 847 1290 p.
863 1203 957 1292 776),
979 1205 1062 1292 quod
1081 1204 1163 1270 nihil
1184 1203 1272 1270 eliud
1291 1213 1340 1270 est
1356 1227 1456 1291 quem

264 1313 419 1392 νρσιφικὸν
442 1311 584 1394 σφάλμα
605 1333 644 1380 ex
663 1314 874 1380 recentiorum
897 1313 1151 1397 pronuntiatione
1171 1311 1378 1396 repetendum
1399 1333 1457 1398 pro

264 1418 432 1500 είρεσίρ.
481 1418 602 1484 Utilius
637 1423 670 1484 in
702 1420 808 1484 codice
839 1418 926 1484 eliud
957 1419 1088 1486 verbum
1113 1425 1272 1502 repertum
1297 1416 1458 1486 vellemus

264 1545 321 1609 pro
355 1524 454 1592 altero
489 1527 675 1602 κάμνοντες,
712 1526 795 1611 quod
829 1529 896 1590 siue
932 1527 1143 1590 controversis
1173 1524 1362 1590 mendosum
1395 1532 1455 1594 est.

265 1629 430 1709 Quomodo
460 1635 547 1698 enim
577 1633 674 1698 iidem
705 1633 848 1698 homiues
879 1631 1093 1713 δολιχήρετμοι
1118 1631 1181 1696 dici
1202 1639 1332 1716 possunt
1355 1632 1455 1698 simul

262 1742 300 1802 ut
331 1736 500 1814 κάμνοντες
534 1745 566 1804 et
594 1745 630 1804 ut
665 1741 709 1816 μίι
745 1739 939 1816 κάμνοντεεί
964 1737 1161 1823 Quapropter
1184 1737 1236 1802 bio
1258 1736 1346 1802 idem
1369 1739 1456 1822 quod

263 1845 388 1928 saepius
419 1847 560 1930 suspicor
590 1845 729 1930 fectum,
756 1852 792 1910 ut
815 1849 986 1930 repetitum
1012 1845 1179 1922 κάμνοντες
1205 1863 1314 1908 rerum
1341 1865 1377 1910 se
1403 1865 1456 1910 ne-

262 1951 436 2016 eesserium
468 1951 602 2016 verbum
633 1955 821 2036 extruserit,
853 1951 936 2036 quod
968 1952 1032 2016 sere
1062 1971 1122 2016 non
1148 1948 1236 2015 eliud
1260 1969 1327 2014 esse
1350 1957 1457 2035 potest

262 2075 374 2140 quum:
409 2057 427 2133 ἢ
462 2057 571 2140 δολιχῇ
602 2059 737 2142 εἰρεσίᾳ
768 2061 973 2140 χρώμενοι.
1006 2056 1070 2124 Gir.
1095 2057 1135 2124 ud
1159 2057 1176 2122 ά
1201 2055 1283 2125 781:
1311 2063 1391 2142 πῶς,
1416 2067 1455 2140 τῇ

262 2161 376 2246 είρεσίρ
396 2164 561 2244 χρώμενοι;
586 2165 643 2250 (εἰσ
664 2164 981 2252 interpungendum.)
1004 2165 1118 2240 κίσμσν
1131 2164 1224 2246 χάριν
1248 2161 1346 2247 (ev),
1373 2181 1455 2248 quse

262 2275 452 2354 repetuntur
474 2292 513 2336 ex
537 2269 564 2336 U
587 2271 626 2336 sd
651 2273 666 2337 ί
692 2269 744 2342 52.

307 2487 340 2567 ί,
374 2485 448 2551 196.
481 2487 628 2554 Minerva
658 2489 697 2554 de
729 2488 816 2554 diseo
847 2487 887 2554 eb
921 2485 1014 2552 Ulixe
1038 2488 1148 2552 misso:
1177 2486 1241 2551 ἐπεὶ
1266 2485 1331 2554 οὔτι
1356 2511 1453 2566 μεμι-

261 2593 374 2673 γμένον
399 2594 481 2659 ἐστίν
505 2593 613 2674 ίμίλιρ,
628 2595 745 2677 Ηοὶλλά
768 2593 848 2659 πολὺ
873 2596 996 2673 τρῶτον.
1045 2591 1127 2659 Oum
1151 2592 1210 2658 hoo
1233 2590 1387 2660 lemmate
1409 2567 1453 2660 U:

262 2705 315 2768 οὐκ
334 2701 365 2765 ίν
383 2703 427 2781 τῷ
447 2700 554 2775 πλάίει
574 2709 632 2766 τῶν
652 2701 799 2778 σημείων,
822 2701 910 2766 erre
931 2701 975 2766 δι’
996 2700 1094 2764 οὐτὸ
1116 2700 1131 2774 ἢ
1157 2704 1227 2766 τοῦ
1253 2700 1453 2782 προῦχειν

261 2807 373 2874 πολά.
409 2807 448 2872 In
481 2807 531 2872 his
562 2809 615 2872 οὒκ
651 2808 690 2873 ed
714 2813 810 2893 eaput
833 2809 1006 2873 sententies
1028 2813 1113 2872 reete
1136 2808 1246 2870 reieoit
1269 2805 1448 2886 Prellerus,

260 2936 334 2982 enm
365 2915 397 2978 in
429 2914 535 2980 codiee
562 2918 703 3000 positum
727 2914 771 2979 sit
792 2920 862 2999 post
885 2921 943 2979 τῶν
965 2913 1119 2991 σημείων,
1143 2912 1213 2978 loeo
1236 2913 1371 2978 minime
1396 2933 1451 2999 op·

260 3025 413 3108 portuno;
438 3023 543 3086 minus
568 3026 651 3088 reete
674 3021 765 3098 feeit,
790 3041 865 3086 eum
888 3024 925 3093 ὡς
947 3023 1000 3086 οὐκ
1024 3022 1054 3086 ἐν
1076 3022 1118 3099 τῷ
1139 3034 1210 3086 κτλ.
1231 3019 1448 3106 ederet(App.

260 3149 289 3214 p.
324 3125 418 3214 775),
450 3147 512 3212 que
542 3129 575 3192 in
599 3148 632 3193 re
655 3129 724 3192 iure
748 3143 822 3192 eum
846 3127 985 3192 deseruit
1010 3123 1200 3192 Dindorlius.
1246 3125 1335 3191 Idem
1361 3126 1450 3192 Prel-

258 3235 344 3301 lerns
377 3233 540 3300 molestus
568 3237 602 3299 in
633 3235 722 3300 exitu
744 3232 905 3321 glossulas
927 3253 989 3298 non
1013 3235 1119 3319 inepte
1141 3235 1341 3318 procurarit,
1374 3253 1450 3298 eum

259 3347 462 3427 proponeret:
487 3340 550 3416 ἤτοι
575 3337 707 3420 προῦχον
731 3339 822 3406 πιλά.
869 3341 1044 3406 Praestabit
1068 3346 1194 3424 temen,
1218 3342 1252 3404 ni
1276 3337 1389 3406 fallor:
1405 3375 1447 3390 --

261 3447 350 3514 άλλά
375 3446 420 3513 δι’
444 3448 543 3514 edri
568 3447 634 3513 ἘΚ
657 3451 710 3512 τοῦ
734 3445 880 3528 προῦχειν
905 3447 995 3514 πολύ.

306 3663 339 3746 ά,
373 3661 451 3728 201.
488 3660 597 3728 Ulixes
628 3661 761 3726 victorie
792 3660 895 3726 leetus
931 3660 983 3724 κιιί
1023 3659 1095 3724 τίτε
1138 3659 1320 3739 κουφότερον
1356 3685 1450 3738 μετε·

260 3770 359 3850 φάνεε
383 3767 576 3843 Φαιήκεσσιν.
611 3764 679 3832 Vox
699 3767 877 3848 κουφότερον
897 3769 1001 3832 νοείτω
1021 3768 1143 3852 peperit
1163 3769 1451 3851 interpretationes.

258 3873 437 3960 Exponitur
466 3877 501 3940 in
533 3873 575 3940 T:
608 3872 818 3952 τοιπεινίτερον
851 3875 867 3947 ἢ
893 3872 1074 3958 πρᾳότερον·
1103 3873 1287 3950 άποάέμενορ
1312 3875 1376 3953 γάρ
1400 3878 1450 3956 τῷ

260 3981 310 4046 ἐπὶ
333 3983 375 4062 τῷ
400 3981 502 4048 ὀνείδει
525 3979 646 4058 βάρει
672 3979 723 4044 διά
747 3987 801 4054 rsit
836 3979 973 4058 πράξεως
1001 3981 1292 4060 ἐναργέστερον
1317 3981 1450 4058 ἐγένετο.

258 4089 277 4164 ἢ
313 4085 584 4170 άλοιζονικάτεροτ,
621 4087 730 4164 ίοιρρῶν
766 4089 808 4168 τῷ
843 4087 925 4167 Φίλιρ
958 4087 1010 4151 κοί
1043 4098 1081 4168 τῇ
1114 4089 1188 4167 νίκρ.
1238 4085 1329 4152 Unde
1360 4089 1450 4154 nobie

259 4195 387 4262 dstirus
409 4196 451 4274 τῷ
475 4191 587 4273 βάρειί
612 4192 674 4274 Qui
692 4195 720 4257 si
740 4196 911 4281 corrigitur
927 4197 959 4258 in
982 4197 1191 4260 necessarium
1216 4198 1448 4270 accusativum,

259 4323 299 4367 ue
331 4308 406 4367 tuno
434 4301 564 4386 quidem
595 4301 671 4364 selis
701 4301 926 4386 perspicietur,
955 4300 1031 4386 quid
1056 4301 1116 4367 sibi
1141 4301 1236 4366 velit:
1260 4299 1372 4367 Ulixes
1394 4305 1447 4368 διά

260 4415 314 4486 τῆς
339 4406 477 4490 πράξεως
502 4406 714 4488 ἐνκρρέττερος
741 4405 871 4484 ἐγένετο.
908 4405 951 4471 Ut
976 4407 1048 4471 hino
1072 4411 1179 4494 aptius
1203 4409 1336 4474 verbum
1358 4431 1449 4478 eruo·
