3318 5138
730 343 794 420 159
836 399 837 408 ι

168 539 349 626 Disputatur
380 542 466 606 euim
497 541 536 607 de
567 540 688 627 duplici
719 545 802 628 apud
828 543 988 608 Homerum
1011 539 1242 632 significatione
1264 563 1357 612 vocu-

63 727 64 732 1
167 647 231 712 buli
261 647 383 722 όλιεύο,
415 647 499 734 quod
528 641 612 734 apud
636 670 709 714 eum
733 657 766 715 et
789 653 914 736 proprie
935 650 1068 734 piscator
1092 651 1178 716 velet
1202 659 1234 717 et
1257 650 1356 716 letius

166 760 262 817 ιιουθο.
286 753 363 819 Mox
385 757 419 819 in
442 753 504 820 fine
528 756 554 836 Q
578 756 675 821 habet
699 755 730 820 δὲ
754 754 842 820 κατ’
869 756 1009 836 ἓκοὶτερον
1035 757 1125 841 (sic),
1151 758 1235 841 quod
1258 777 1357 822 manu

165 859 249 924 ducit
271 859 310 925 ad
335 865 384 925 νῦν
409 861 440 926 δὲ
464 861 533 926 καὶ
559 861 699 944 ἑκάτερον
722 870 873 944 ἐγχωρεῖ,
902 885 985 929 nunc
1006 871 1141 948 utraque
1164 861 1356 950 significatio

164 964 266 1031 locum
290 967 406 1032 hebere
428 974 542 1053 potest.
567 1007 608 1016 —
634 969 775 1034 Tandem
802 968 886 1034 κατό
910 969 1005 1034 aliter
1029 969 1236 1054 deprevatum
1262 969 1355 1034 redu·

165 1073 297 1138 cendum
319 1076 353 1139 in
377 1073 503 1140 Scholio
527 1095 566 1140 ex
591 1075 629 1140 M
652 1076 691 1141 ed
717 1077 734 1141 δ
758 1075 818 1142 46;
935 1149 936 1152 ¹

387 1177 465 1244 ὥστε
489 1181 679 1260 piperatos
704 1182 802 1262 αἴγλη
827 1183 922 1248 πέλεν
946 1183 978 1255 ἠὲ
1003 1182 1132 1257 σελήνης

388 1287 478 1365 δῶμα
501 1289 570 1353 καθ’
595 1289 747 1371 ὑψερεφὲς
771 1288 937 1356 Μενελάου
961 1289 1149 1366 κυδαλίμοιο.

164 1393 215 1458 Ad
245 1395 334 1468 δῶμα
366 1397 434 1458 καθ’
464 1394 617 1475 ὑψερεφές
649 1397 831 1462 adnotetur:
866 1397 901 1461 ri
931 1395 1046 1473 οόκκμα
1069 1395 1103 1460 σθ
1129 1394 1354 1474 senatorem.

164 1487 259 1565 rt'te
294 1526 312 1565 κ
345 1502 409 1576 dede
440 1502 482 1567 τό
514 1501 539 1568 οἱ
571 1505 692 1576 Αἰολεῖς
717 1507 770 1577 τὴν
797 1505 933 1582 πρόθεσιν
957 1504 1026 1570 cieri
1052 1503 1156 1584 ἄρθρου
1181 1519 1353 1584 παραλαμ-

164 1605 318 1682 βόνουσιν.
353 1608 400 1674 De
424 1609 551 1675 ultimis
575 1613 622 1694 (τό
648 1613 678 1676 δὲ
705 1635 722 1674 κ
748 1650 789 1660 -
812 1611 1130 1694 παραλαμβάνουσιν)
1155 1609 1355 1676 Dindorfius:

165 1715 262 1792 „huso
281 1736 342 1780 non
363 1715 539 1810 inteiligo.”
563 1715 711 1784 Oorrecta
729 1721 763 1783 in
783 1719 868 1783 hunc
887 1719 1036 1784 modum:
1050 1720 1084 1782 ri
1097 1719 1127 1782 δὲ
1150 1717 1278 1794 seret,
1297 1715 1315 1781 ό
1320 1740 1358 1780 τι

162 1827 278 1900 (ΚΔΙΛ
311 1829 416 1887 ortum
449 1843 487 1888 ex
518 1823 647 1908 ΚΑΤΑ)
680 1826 705 1888 οἱ
737 1826 859 1897 Αἰολεῖς
890 1828 946 1899 σὴν
977 1826 1114 1904 πρόθεσιν
1149 1824 1218 1888 ἐστὶ
1253 1823 1357 1903 ἄρθρου

163 1927 483 2008 παραλαμβάνουσιν,
520 1932 587 1995 sine
618 1933 747 2018 negotio
774 1930 1010 2019 intellegentur.
1044 1929 1220 1997 Credebant
1243 1949 1359 2013 nempe

151 2036 383 2122 'grammatici,
409 2073 451 2086 ·-
477 2058 516 2101 uu
546 2035 763 2102 Aristarchei?
798 2040 904 2124 ipsum
930 2038 1147 2103 Aristarchum
1170 2041 1216 2102 itu
1241 2055 1359 2102 errusee

162 2163 222 2208 nou
247 2141 392 2220 credam,
419 2179 459 2192 -
485 2146 750 2230 praepositionem
774 2144 826 2210 hic
846 2145 1006 2210 abundare
1027 2165 1147 2230 proque
1166 2165 1219 2220 ca,
1249 2150 1286 2208 ut
1304 2144 1358 2208 hic

162 2255 267 2315 nomer
287 2249 439 2335 loquitur,
466 2250 637 2316 desiderari
660 2250 844 2315 articulum.
870 2248 1078 2316 Conseruntur
1101 2251 1196 2316 modo
1220 2271 1300 2334 ques
1318 2248 1359 2314 ad

164 2382 180 2428 ν
202 2354 259 2438 85,
284 2356 340 2420 ubi
364 2357 474 2421 eudem
497 2359 594 2423 verbo
615 2363 783 2432 recurrunt
802 2357 841 2422 de
861 2355 989 2422 Alcinoi
1002 2357 1096 2422 domo
1109 2357 1205 2431 dicta,
1219 2357 1360 2422 breviter
1450 2447 1454 2452 Ι

164 2461 317 2550 leguntur
340 2465 373 2526 iu
398 2463 544 2529 Palatino
569 2464 643 2550 (P):
669 2467 797 2545 aspersis
823 2466 840 2539 si
865 2463 961 2528 κατθ.

210 2677 273 2744 Sed
294 2684 330 2742 ut
353 2678 519 2744 redeamus
539 2679 579 2744 ad
598 2701 671 2745 eum
689 2679 813 2764 locum,
832 2679 915 2744 uude
935 2679 1069 2767 digressi
1089 2699 1201 2744 sumus
1213 2685 1249 2757 (ν
1264 2678 1358 2764 453),

166 2785 276 2871 puucis
310 2785 469 2871 agendum
505 2791 552 2850 cst
582 2787 620 2851 de
651 2781 810 2852 locutione
842 2789 914 2850 κατ’
950 2787 1106 2864 ἐπίθετον,
1139 2807 1201 2871 qua
1224 2803 1287 2850 non
1313 2791 1362 2852 est

165 2889 229 2956 aliu
261 2891 344 2976 apud
376 2893 592 2957 Aristonicum
617 2899 649 2958 et
672 2893 757 2979 apud
780 2893 1001 2959 Aristarchum
1025 2895 1133 2978 ipsum
1157 2893 1362 2977 frequentior.

166 2995 378 3090 Conseruntur
407 2997 502 3064 modo
532 2999 609 3065 haec
641 3001 849 3064 Aristonicus.
882 3011 910 3064 A
935 2998 1014 3064 186:
1042 2997 1087 3062 ότι
1112 3001 1144 3063 οὐ
1169 3001 1255 3063 κατ’
1281 2999 1362 3062 ἐπί-

166 3103 279 3167 θετον
311 3104 345 3168 τό
380 3104 551 3188 ,ταχεῑαᾞ
583 3107 659 3171 ἀλλ’
684 3105 752 3170 αντὶ
778 3111 830 3170 τοῦ
856 3105 1000 3192 παχέας,
1026 3101 1083 3170 οἷον
1108 3109 1162 3171 καὶ
1192 3105 1285 3190 ,τότε
1309 3129 1360 3183 μοι

166 3208 258 3291 χιόνα
293 3211 395 3288 εὐρεῖα
428 3211 538 3292 χθών.”
583 3213 687 3296 Atque
723 3212 761 3277 ad
793 3213 870 3278 haec
901 3213 998 3278 verbe
1030 3213 1071 3297 (A
1101 3211 1196 3291 182):
1228 3209 1273 3276 ότι
1309 3215 1363 3278 οὐκ

168 3315 232 3382 ἔστι
267 3319 484 3382 καθολικόν
514 3316 700 3382 ἐπόθεσαν
722 3319 757 3382 τό
783 3317 934 3402 „edesse”
958 3320 1033 3384 ἀλλ’
1057 3321 1087 3383 ἐν
1114 3317 1167 3401 ies
1192 3321 1233 3400 τῷ
1259 3321 1362 3413 εὐρεῖα

168 3421 337 3502 γενομένη,
362 3418 419 3487 οἷον
443 3423 512 3504 eripui
538 3449 588 3503 μοι
613 3424 731 3506 χάσμα
755 3431 814 3502 γῆς
840 3426 967 3503 γένοιτο.
1000 3425 1047 3490 De
1070 3427 1179 3491 cedem
1205 3447 1239 3491 rs
1263 3447 1299 3492 sc
1323 3427 1362 3492 de

170 3531 280 3597 eodem
304 3530 458 3596 uocabulo
490 3541 516 3595 Θ
544 3531 626 3597 15οε
648 3527 693 3597 ότι
718 3534 770 3596 οθκ
794 3531 831 3596 ἐν
854 3533 903 3612 τῷ
928 3532 1101 3596 καθόλου
1123 3533 1242 3610 εὐρεῖαν
1275 3533 1363 3609 λέγει

172 3652 254 3712 κτλ,
289 3643 383 3722 atque
413 3640 460 3702 itu
490 3637 528 3703 de
555 3647 677 3716 ταχεῖα
710 3647 736 3701 Θ
761 3634 845 3703 399:
878 3635 924 3702 ότι
956 3638 1009 3702 οὐκ
1041 3638 1107 3702 ἔστι
1144 3640 1274 3704 κοινὸν
1299 3645 1363 3704 νῦν

162 3735 241 3808 ‘ieri
248 3745 358 3808 θετον
379 3745 414 3809 τό
435 3744 610 3822 ,,ταχεῖα,”
630 3746 718 3809 οόλλοὶ
738 3746 863 3824 πορεύου
875 3743 1010 3826 παχέας.
1036 3743 1224 3830 Simplicius
1237 3755 1264 3810 0
1281 3746 1362 3812 158;

149 3845 217 3915 ότι
248 3853 300 3915 οὐκ
332 3849 414 3915 ἔστιν
448 3851 635 3916 ἐπόθεσαν
668 3852 703 3916 πὸ
737 3859 879 3931 ,ταχεῖα
892 3851 918 3930 ,”
949 3853 1023 3916 ἀλλ’
1053 3852 1122 3916 αντὶ
1146 3859 1200 3917 τοῦ
1224 3855 1362 3935 παχέως.

172 3959 252 4022 Κατ’
276 3958 411 4022 ἐπίθετον
433 3959 537 4045 igitur
559 3963 607 4023 est
630 3961 764 4043 suitheti
787 3979 874 4024 mure
896 3961 1037 4025 cruentis
1062 3959 1173 4044 modu,
1198 3963 1245 4026 itu
1264 3967 1301 4025 ut
1324 3961 1365 4027 ud

172 4085 299 4129 sensum
330 4063 413 4129 nihii
437 4063 547 4130 afferat
571 4065 776 4139 detrahatve.
804 4071 979 4151 atqueuut
1002 4069 1049 4130 ite
1073 4066 1207 4143 dicitur,
1231 4072 1287 4134 aut
1311 4093 1365 4133 κα-

173 4169 287 4234 θολικόν
324 4170 477 4255 ἐπίθετον,
512 4171 542 4234 ἐν
578 4173 619 4252 τῷ
655 4170 800 4250 καθόλου,
837 4171 929 4236 κοινὸν
965 4170 1101 4235 ἐπίθετον
1143 4179 1222 4239 oues.
1278 4173 1365 4240 Hinc

174 4279 289 4342 sensim
314 4280 453 4362 suspicio
476 4278 558 4343 mihi
582 4279 716 4344 subnata
739 4285 786 4344 est
806 4299 908 4344 aunon
926 4293 956 4344 et
976 4285 1084 4343 nostro
1101 4277 1169 4344 loco
1189 4279 1366 4348 Aristonici

175 4385 315 4449 scholion
345 4383 461 4460 latent,
492 4387 582 4450 cuius
613 4387 764 4451 concinne
795 4386 936 4450 brevitas
966 4385 1205 4469 esequioribus
1229 4386 1365 4454 diletuta

176 4491 218 4556 sit
250 4497 282 4556 et
313 4493 346 4556 in
370 4493 563 4576 quaestionis
585 4497 618 4558 et
640 4495 780 4580 responsi
804 4492 940 4558 formam
964 4492 1100 4558 redacta.
1149 4492 1282 4579 Saepius
1305 4496 1365 4564 hoo
