3330 5144
824 177 890 248 262

259 375 325 448 vioe
360 373 465 442 vomui
495 363 561 438 477
592 369 766 456 adsoripta:
799 371 980 449 θαυμάσαι
1007 397 1054 448 τοι
1085 373 1125 442 άν
1147 375 1213 448 πῶς
1235 374 1288 442 τύν
1309 377 1453 456 ποταμὸν

261 485 367 549 τοῦτον
391 481 511 554 ὐιιπετιῖ
536 475 680 558 εέρνιιεν.
704 477 756 542 διά
775 478 811 543 τύ
830 479 966 558 άΦανεῖο
986 480 1073 564 ἔχειν
1090 481 1149 556 τάιι,1
1168 482 1277 562 πηγάς
1299 483 1350 550 καὶ
1364 486 1452 550 ιιατά

258 586 329 660 τούς
364 583 555 665 λῖγιιπτέοιιο
590 582 743 664 οὐρανέάιν
778 587 847 665 ῥεῖν.
883 593 998 667 πρῶτον
1027 588 1085 666 μέν
1117 587 1169 654 καὶ
1202 591 1254 656 τέν
1278 591 1450 674 Σπερχειὸν

262 695 383 770 διιπετιῖ
405 691 510 771 λέγει·
533 725 584 741 --
603 689 656 756 καὶ
681 689 732 755 τέν
757 691 829 770 πρύι
852 701 891 776 τε
916 692 1062 761 Φαιάκων
1084 704 1147 777 γῆ·
1163 729 1183 746 ·
1197 731 1217 748 -
1231 731 1251 748 -
1264 697 1317 763 καὶ
1342 697 1452 770 άπλιῖς

259 804 291 870 δέ
321 799 445 874 πάντας
479 799 625 872 ὐιιπετεῖς
656 798 687 862 έν
710 796 879 883 παραβολῇ
902 799 1002 880 λέγει.
1028 835 1048 852 ·
1061 837 1081 853 -
1094 837 1114 854 -
1138 803 1284 877 ὐιιπετεῖι
1307 797 1356 870 οὐν
1380 805 1450 878 τούι

261 907 422 988 ποταμούς
439 905 528 984 λέγει
546 903 617 977 τούς
637 903 671 969 έιι
692 904 765 975 Arde
785 905 1021 984 γεγενημένους.
1056 906 1125 974 Iam
1149 913 1227 976 satis
1250 912 1451 996 exsoripslsse

258 1017 343 1085 mihi
365 1013 486 1096 videor,
509 1016 547 1080 ut
568 1015 717 1098 appareat
739 1029 868 1078 emnam
887 1032 955 1079 esse
973 1015 1042 1081 sine
1060 1014 1156 1082 oeloe.
1179 1015 1295 1084 Mirari
1305 1017 1394 1084 subit
1406 1055 1447 1068 -

258 1125 304 1192 sio
328 1123 414 1188 anim
436 1117 636 1206 Porphyrius
658 1116 812 1184 disserere
834 1118 980 1198 ridetur,
1004 1157 1046 1170 -
1071 1141 1129 1188 our
1150 1121 1312 1190 Homerus
1332 1121 1449 1190 Nilum

258 1229 378 1301 διιπετῆ
414 1225 541 1291 dixerit.
588 1223 706 1290 Parata
736 1230 784 1290 est
814 1223 1002 1311 explicetis,
1028 1248 1176 1314 -quaa
1207 1231 1285 1296 eatis
1314 1230 1449 1317 abrupte

257 1336 411 1423 seqnitur,
426 1329 565 1418 —quod
587 1330 689 1396 fontes
712 1331 781 1397 eius
803 1331 905 1398 abditi
927 1331 1068 1413 lalemt,
1091 1335 1237 1423 quodque
1256 1355 1297 1402 ex
1315 1336 1448 1426 aegyp

257 1446 374 1510 tiorum
417 1440 574 1505 sententia
611 1436 650 1503 de
693 1435 780 1504 eaelo
820 1436 908 1504 fluat
956 1438 1075 1508 Audio.
1122 1439 1183 1508 Sed
1220 1463 1292 1510 eoos
1326 1445 1446 1510 iterum

257 1550 369 1617 statim
392 1546 551 1631 sequitur,
574 1563 615 1609 ne
635 1563 720 1610 nuno
744 1542 875 1630 quidem
893 1543 962 1612 ulla
982 1548 1167 1615 transitione
1186 1548 1287 1635 fwta,
1307 1554 1340 1616 et
1357 1549 1451 1636 Sper·

257 1655 374 1723 oneum
406 1653 527 1725 λιιτιτιῖ
562 1649 646 1728 diei,
678 1656 711 1715 et
740 1653 797 1736 qui
819 1649 938 1718 fluvius
961 1655 1118 1740 reperitur
1139 1656 1174 1722 iu
1197 1654 1377 1723 Phaeacum
1401 1677 1450 1724 re-

257 1764 370 1851 gione,
402 1764 435 1826 et
464 1757 593 1824 omuino
620 1757 732 1824 omnia
754 1755 890 1824 flumina
910 1759 945 1824 iu
968 1763 1203 1846 temperatione
1227 1761 1367 1848 quadam
1389 1763 1450 1830 hoe

256 1866 398 1954 epitheto
431 1864 616 1950 nuneupari.
665 1862 736 1930 lem
770 1865 882 1930 mirari
912 1863 1055 1931 desinere
1086 1864 1215 1953 licebit,
1238 1870 1368 1955 opinor,
1394 1891 1451 1937 our

257 1973 354 2042 Nilus
387 1972 530 2038 omnium
565 1969 734 2036 fluminum
770 1969 912 2057 epitheto
947 1972 1104 2060 gaudeat,
1134 1972 1292 2060 siquidem
1326 1978 1449 2063 etipse

257 2079 377 2148 duvios
395 2083 453 2145 est.
499 2075 542 2143 Et
557 2075 661 2152 fluvii.
681 2077 805 2164 pergit,
826 2077 899 2144 ideo
918 2077 1063 2152 διιπετεῖο
1083 2079 1244 2161 dieantur,
1266 2083 1352 2168 quod
1373 2083 1450 2152 Iove

256 2185 406 2276 prognati
428 2186 503 2252 sint.
538 2183 583 2248 At
604 2183 758 2268 putabam
780 2182 894 2250 Nilum
917 2186 964 2252 sio
987 2183 1051 2252 diei
1073 2187 1125 2253 ded
1147 2188 1183 2253 ri
1207 2189 1341 2272 ὐφανεῖς
1363 2189 1447 2274 ἔχειν

254 2295 315 2368 τάς
339 2291 447 2371 πηγάς
470 2289 523 2358 rel
549 2289 636 2356 ιιατά
658 2289 729 2363 τιύι
753 2289 945 2369 Αὐγνπτέοοι
968 2290 1123 2373 οὐρανύὐεν
1146 2291 1220 2374 deiri
1252 2296 1385 2385 Nugas,
1409 2318 1450 2364 ne

254 2420 387 2470 sonorae
401 2398 551 2485 quidem.
586 2398 739 2464 Attamen
763 2398 878 2464 herum
900 2399 1096 2484 ineptiorem
1120 2399 1318 2489 Porphyrius
1340 2403 1448 2470 insons

255 2513 313 2576 est.
356 2504 476 2588 Quodsi
507 2500 690 2570 Dindorfius
719 2504 900 2570 reeordatus
930 2510 1030 2590 esset,
1060 2505 1128 2595 legi
1161 2507 1239 2575 haee
1262 2512 1389 2589 omnia,
1415 2516 1449 2578 et

253 2616 375 2682 sineere
409 2609 493 2698 legi,
529 2613 560 2676 in
583 2609 814 2692 Quaestionum
838 2609 1086 2679 Homericamm
1110 2615 1213 2699 oepite
1236 2614 1348 2701 XXX,
1370 2617 1449 2685 haee

254 2740 316 2788 non
340 2716 542 2785 inemendata
563 2714 758 2802 reliquisset,
780 2721 838 2784 aut
856 2720 964 2803 potius
983 2738 1132 2785 verarum
1153 2719 1327 2788 lectionum
1340 2728 1450 2810 aperta

252 2827 411 2914 vestigia,
445 2842 527 2910 quae
561 2821 683 2889 uodioes
714 2825 815 2890 nostri
845 2824 1012 2909 praebent,
1046 2825 1229 2894 infelioibua
1259 2830 1448 2896 oonieoturis

253 2953 316 3000 non
338 2933 467 3018 penitus
490 2929 700 2996 obscurasset.
746 2928 876 2996 Etenim
900 2929 1054 3012 ὐαυμάτρ
1074 2936 1123 2999 est
1142 2934 1176 2998 in
1196 2935 1363 3014 omuibus,
1382 2956 1448 3004 non

254 3037 454 3120 ὐαιιριάοαι,
487 3035 655 3116 sipirtus
684 3037 719 3101 in
745 3033 795 3114 H,
821 3056 884 3103 non
907 3035 1066 3117 εὐριιιιεν,
1089 3058 1170 3124 quae
1193 3045 1251 3106 aut
1273 3062 1349 3109 vera
1372 3048 1448 3110 sunt

252 3152 310 3215 aut
327 3164 404 3213 vero
422 3144 584 3230 proxima;
606 3162 709 3227 nequa
731 3140 878 3209 additum
902 3147 991 3209 τοῦτο
1016 3143 1048 3220 δέ
1071 3146 1183 3228 ψεῦδος
1201 3154 1273 3233 poet
1292 3148 1446 3230 οὐρανόθεν

254 3257 331 3338 ῥεῖν,
357 3256 393 3316 nt
414 3248 471 3316 ille
495 3247 641 3327 volebat,
655 3286 697 3298 -
718 3253 794 3314 sunt
817 3248 895 3315 haee
919 3251 1017 3317 verba
1039 3253 1072 3316 in
1095 3255 1303 3321 eontraeliore
1326 3255 1448 3323 seholio

253 3381 292 3430 ex
315 3356 406 3440 Hui
430 3356 475 3442 (p.
494 3353 627 3439 216,11
649 3355 749 3441 seqq.)
775 3375 815 3420 ex
838 3357 1057 3441 epitomatoris
1081 3358 1326 3445 interpolatione
1345 3364 1449 3429 mani·

250 3469 347 3543 festo,
390 3501 420 3514 -
443 3460 566 3548 aliquid
597 3463 819 3528 ooneinuitatis
842 3460 932 3529 addit
954 3468 1068 3530 natura
1091 3466 1297 3534 inoonoiunis.
1344 3468 1391 3536 at
1414 3471 1448 3536 in

251 3569 497 3656 Quaestionibns
539 3567 633 3634 edilis
675 3569 784 3634 omnia
825 3569 938 3653 pannis
983 3573 1122 3657 exeeptis
1165 3577 1238 3658 apte
1272 3579 1305 3641 ei
1338 3575 1448 3642 ordine

252 3679 436 3768 procedunt.
470 3672 675 3752 Θαιιριάοειέ
712 3697 758 3748 τις
779 3673 819 3740 de
842 3711 884 3724 -
908 3677 1082 3762 inquit-
1106 3678 1198 3751 τούς
1232 3679 1448 3760 stercoranda

252 3786 488 3865 aretinae,
522 3779 554 3848 ὐν
588 3779 725 3861 Ὀιιιιροι
768 3778 930 3859 Αἴγυπτον
965 3781 1105 3860 ’ποταμὸν
1140 3783 1288 3866 κέκληκε,
1328 3788 1447 3865 διοπετῆ

253 3895 423 3977 εῖρῖαύοιι
446 3889 498 3956 διά
521 3888 557 3954 τύ
580 3888 714 3969 α’Φανεῖς
739 3884 823 3968 ἔχειν
845 3888 905 3960 τάς
930 3889 1038 3967 πηγάς
1064 3889 1146 3977 (καὶ
1167 3892 1239 3959 add.
1260 3913 1298 3960 ax
1316 3896 1447 3982 nostris)

251 4000 337 4069 ιοατά
359 4000 431 4070 τούς
455 3995 646 4076 Αὐγοπτέονο
673 3995 716 4080 [έν
739 3996 852 4076 οὐρανιῖι
877 3994 949 4082 καὶ]
974 3995 1128 4076 οὐρανάέεν
1150 4003 1220 4080 ρἐῖν.
1245 4007 1360 4082 πρῶτον
1390 4001 1446 4082 μέν

251 4108 315 4190 γάρ
349 4106 402 4172 ινα)
437 4103 489 4172 τύν
523 4099 694 4183 Σπερχειὸν
728 4100 849 4177 ὐιιπετιῖ
886 4099 989 4181 λέγει,
1015 4137 1035 4154 ·
1049 4137 1069 4154 ·
1082 4139 1102 4156 -
1135 4105 1188 4171 καὶ
1220 4104 1273 4173 τύν
1302 4107 1375 4190 πρύι
1407 4120 1446 4193 τῇ

252 4214 397 4284 deroderet
427 4219 488 4293 γῇ,
515 4242 535 4259 ·
548 4242 569 4260 -
582 4243 602 4258 -
633 4209 686 4274 καὶ
715 4207 822 4282 άπλῖις
849 4207 880 4275 δέ
904 4207 1028 4284 πάντας
1052 4211 1198 4285 ulmo
1222 4213 1253 4278 έν
1276 4215 1445 4298 παραβολῇ

252 4321 351 4403 λέγει.
372 4355 392 4372 ·
406 4353 426 4372 ·
440 4353 460 4370 ·
481 4316 628 4392 ὐιιπετιῖι
648 4311 698 4384 οὐν
719 4315 807 4394 λέγει
827 4317 897 4390 τούς
918 4317 1079 4396 ποταμούι
1091 4317 1216 4406 (eodem
1228 4319 1338 4388 ordine
1350 4326 1446 4409 atquo
