3330 5144
856 343 924 415 260

291 541 485 612 Plutarchus
519 541 590 611 udv.
627 535 776 618 coloten,
808 561 840 625 p.
875 537 961 606 1107
995 539 1038 606 F:
1071 540 1103 607 οὐ
1129 540 1192 621 γίιρ
1215 539 1346 622 οὐγοιμοοι
1371 539 1407 608 τδ
1432 547 1484 610 τοῦ
1559 629 1571 658 ι

292 650 441 732 Νέστορος
478 649 600 716 susem
636 647 700 714 δέον
735 647 768 711 έκ
804 653 862 711 τῶν
899 633 984 712 έννέοι
1019 647 1070 712 τὸν
1101 645 1223 728 οίριστον
1256 650 1305 716 ἐπὶ
1339 659 1377 732 τῇ
1402 651 1487 734 τύχη

291 759 469 836 ποιουμένου
508 757 560 822 κοιί
601 757 851 834 διακληροῦντος,
891 753 1077 819 emendatus
1117 775 1135 820 υ
1170 753 1289 823 Oobeto
1326 755 1484 823 Mnemon.

290 865 333 932 N.
368 864 398 932 S.
445 863 488 932 VI
522 887 552 950 p,
592 863 647 938 47.
680 869 712 928 et
746 865 813 947 ipse
857 861 967 926 eodem
1012 867 1044 926 in
1090 861 1200 927 eedem
1243 883 1276 928 re
1317 863 1487 950 participio

290 979 394 1040 utens.
440 970 529 1037 Haeo
558 972 661 1058 igitur
692 970 758 1034 ium
789 971 823 1034 in
854 972 1016 1057 integrum
1045 972 1195 1034 restitute
1230 975 1316 1035 sunt.
1364 969 1411 1035 st
1434 970 1486 1035 ul·

290 1081 373 1146 time
406 1077 505 1144 nostri
539 1075 654 1142 scholii
687 1077 785 1141 etium
821 1095 905 1140 nune
938 1077 1074 1161 pessime
1106 1073 1260 1142 laborant.
1307 1075 1369 1156 Qui
1400 1079 1485 1144 enim

289 1185 385 1252 dicit:
421 1186 477 1265 πρὸ
503 1185 615 1265 ’κιοιρού
640 1182 671 1247 δέ
696 1182 710 1246 ί
734 1190 859 1262 κλῆρος·
886 1183 925 1247 οὐ
949 1183 1013 1262 γὰρ
1038 1181 1068 1245 ἕν
1091 1205 1121 1246 τ.
1142 1181 1267 1262 χρείοοις
1292 1179 1414 1247 ἕκαστον
1440 1184 1489 1249 δεῖ

289 1291 455 1376 πρόττειν,
485 1291 569 1357 setin
592 1310 687 1356 sunus
710 1291 738 1353 is
761 1309 828 1354 esse
851 1285 1034 1355 videbitur?
1058 1288 1137 1369 Quis
1161 1291 1247 1354 enim
1271 1311 1333 1356 non
1357 1311 1486 1356 seneen·

289 1401 350 1466 ties
374 1405 406 1466 et
430 1398 512 1466 vidit
535 1405 568 1463 et
589 1397 757 1482 comperit,
782 1395 876 1482 plene
898 1403 1009 1462 eontra
1032 1391 1119 1461 eesei
1144 1393 1222 1476 Quis
1245 1400 1345 1463 neeeit
1369 1397 1483 1464 deeun·

291 1511 358 1572 tutu
381 1505 455 1572 ills:
480 1504 572 1585 Χρειύ
597 1503 691 1568 πάντ’
716 1502 852 1581 ίδίδοοξε,
876 1503 908 1567 τί
930 1503 958 1568 δ’
982 1504 1015 1568 οὐ
1039 1503 1131 1585 χρειύ
1157 1527 1207 1566 κεν
1227 1503 1360 1582 ὐνειίροι;
1380 1502 1481 1590 (Stob.

290 1611 400 1679 Floril.
436 1609 497 1676 Tit
536 1609 609 1686 LX,
644 1610 662 1694 §
694 1608 761 1696 10.)
791 1617 823 1674 et
854 1609 1082 1695 Euripideum:
1115 1609 1207 1688 Χρείιι
1240 1608 1392 1695 διδάσκει,
1424 1609 1483 1674 κίον

233 1785 237 1794 ,
289 1717 407 1798 βροιδύς
443 1742 489 1790 τις
526 1713 560 1800 ᾖ,
595 1715 700 1796 σοφόν.
736 1718 800 1802 (up.
832 1713 921 1782 Stob.
953 1715 1061 1781 Florih
1095 1714 1159 1781 uit.
1195 1715 1308 1781 XXIX
1340 1717 1357 1801 ᾗ
1389 1715 1482 1802 55.)?

288 1825 351 1892 His
385 1828 488 1914 igitur
522 1824 657 1892 duoibue
692 1843 803 1890 verum
837 1843 1003 1889 eruemus:
1037 1825 1091 1903 πρδ
1120 1828 1225 1903 κοιιροΐι
1254 1824 1285 1889 δέ
1316 1823 1329 1888 δ
1356 1829 1480 1902 κλῆροι·

289 1927 388 1997 οὐτον
420 1931 484 2012 γὰρ
517 1931 546 1996 έν
577 1938 647 2002 τιιῖς
671 1931 793 2011 χρείοοις
817 1927 993 2002 ἕκαστος
1017 1925 1039 1995 ἃ
1064 1929 1127 1995 δεῖ
1149 1927 1334 2011 προίττει.
1361 1928 1481 2016 Oppor-

286 2037 436 2104 tunitetis
469 2040 590 2109 ricem.
623 2029 746 2121 inquit',
778 2055 845 2100 sors
868 2037 1007 2102 obtinet:
1032 2037 1078 2101 itu
1102 2037 1207 2120 enim,
1232 2035 1288 2104 ubi
1311 2057 1391 2123 opus
1416 2043 1479 2114 est,

286 2145 504 2230 unusquisque
534 2145 603 2231 egit
625 2142 709 2229 quod
732 2141 892 2230 egendum
916 2149 974 2208 est.

332 2356 383 2424 sd
412 2361 561 2442 quartum
590 2353 711 2420 librum
742 2353 872 2419 reduces
904 2355 1044 2439 primum
1073 2353 1241 2419 videamus
1270 2352 1287 2417 δ
1311 2351 1395 2439 387,
1424 2357 1482 2422 uhi

287 2463 422 2530 Idothea
445 2462 618 2528 Homerico
642 2480 729 2526 more
753 2462 799 2525 its
821 2464 945 2546 petrem
968 2481 1062 2524 suurn
1083 2459 1219 2526 indicet:
1243 2459 1294 2525 τὸν
1313 2461 1344 2526 δέ
1363 2461 1393 2525 τ’
1407 2461 1481 2539 ἐμόν

285 2579 383 2656 φιοσιν
418 2569 529 2650 τιοτέρ*
565 2568 698 2646 ἔμμονοι
743 2567 793 2642 ἠδέ
836 2563 989 2632 τεκέσόιοι.
1041 2565 1206 2645 Movetur,
1244 2567 1297 2632 sed
1332 2568 1477 2648 brevius,

284 2680 395 2745 endem
427 2675 638 2744 controversis
670 2681 765 2760 etque
795 2676 828 2739 in
863 2676 967 2759 primo
1002 2671 1084 2738 libro
1119 2672 1262 2738 vidimus
1294 2674 1333 2740 de
1369 2676 1480 2742 eodem

283 2785 467 2853 Telemachi
496 2803 650 2868 responso.
686 2783 730 2846 Τὸ
760 2785 823 2860 γὰρ
857 2779 995 2859 „Oanis”
1026 2779 1299 2861 σίμφιβοολλούσης
1332 2782 1397 2848 έστί
1425 2783 1478 2849 κοοί

285 2890 574 2970 διιονοουμένης
611 2889 677 2970 περί
708 2893 762 2954 τού
787 2887 914 2969 τοοτρός.
941 2887 1002 2971 (M)
1027 2887 1200 2972 Aliquanto
1223 2892 1341 2956 rectius
1372 2889 1480 2970 διχο-

285 2999 451 3073 νοούοης
487 2997 628 3080 dieetur,
662 3002 698 3062 ut
729 2995 768 3062 ud
792 3019 815 3073 γ
842 2992 924 3060 127:
949 2993 1018 3061 οὐτε
1044 3030 1097 3045 --
1121 2995 1186 3076 δίχ’
1210 2995 1382 3079 έβόζομεντ
1408 2999 1485 3063 οὶντί

286 3111 358 3186 τοῦ,
387 3107 440 3171 οὐκ
463 3105 682 3184 έδιχονοούμεν.
1420 3115 1423 3122 ’

332 3319 366 3398 δ,
400 3318 475 3385 404.
506 3320 609 3400 Ἀμφὶ
635 3318 667 3385 δέ
691 3341 743 3395 μιν
765 3321 868 3397 qum
892 3313 1013 3388 νέποδες
1038 3326 1138 3391 κοολνῐι
1161 3319 1478 3402 docuimusque

284 3423 429 3494 ιύδοοσιν.
455 3425 637 3506 Quaeritur,
663 3444 726 3509 quo
750 3429 842 3508 paeto
865 3421 1029 3508 epitheton
1055 3429 1154 3498 κιινιῆς
1175 3428 1218 3490 sit
1239 3428 1478 3513 accipiendum:

285 3535 349 3612 ἤτοι
374 3542 428 3609 τῆς
454 3531 628 3612 εὐμόρφου,
654 3537 709 3604 τοῖς
731 3530 896 3609 χρησίμοιν.
923 3565 941 3578 ·
957 3564 977 3579 -
1001 3529 1091 3596 οίλλύ
1119 3531 1154 3596 σύ
1177 3533 1235 3609 μέν
1258 3531 1432 3613 εὐμόρφου,
1453 3537 1479 3600 εί

284 3641 423 3723 Νηρηίδοι
457 3635 565 3711 είτες
597 3638 652 3711 την
678 3635 881 3712 Ἀλοσύδνην,
906 3639 961 3712 την
986 3637 1195 3718 Ἀμφιτρίτην
1219 3641 1428 3720 κυκλουμένην·
1452 3642 1478 3708 εί

284 3749 315 3814 δέ
347 3748 396 3812 ieri
430 3747 608 3821 όοολόσσης,
637 3746 673 3809 τὸ
698 3751 797 3817 κκλνῑς
824 3745 911 3820 ἤτοι
935 3745 1099 3824 χρησίμου.
1124 3744 1177 3831 (Ε)
1226 3745 1308 3814 Sunt
1331 3747 1408 3814 heeo
1433 3751 1480 3814 its

284 3853 521 3930 constituenda,
560 3890 599 3902 —
637 3849 720 3915 nihil
755 3851 840 3916 enirn
871 3870 950 3937 opus
983 3857 1031 3916 est
1066 3852 1298 3940 demonstrare,
1334 3855 1411 3941 quid
1445 3857 1479 3920 iu

281 3965 323 4030 iis
357 3964 511 4028 vitiosum
541 3961 600 4036 sit,
630 3997 669 4006 -
703 3955 767 4032 ὐτοι
798 3966 853 4031 τῆς
885 3956 1038 4038 εὐμόρφου
1066 3957 1110 4022 Ἢ
1141 3967 1196 4034 τῆς
1227 3961 1391 4040 χρησίμου.
1425 3997 1443 4010 ·
1458 3997 1480 4011 -

282 4068 371 4136 aiduh
402 4067 436 4134 τό
461 4067 517 4140 μέν
541 4067 713 4147 εὐμόρφου,
738 4066 764 4130 εί
791 4063 930 4144 Νηρηίδος
953 4059 1037 4128 είπε
1060 4063 1114 4138 riu
1138 4065 1322 4141 Ἀλοσιίδνην
1452 4069 1478 4134 εί

172 4187 182 4203 ·
280 4176 312 4241 δέ
343 4175 393 4240 ἐπί
428 4173 606 4255 όοολοίσσηι,
638 4172 672 4236 τό
706 4179 806 4246 κκλης
838 4168 956 4236 ἔστοοι
982 4172 1148 4251 χρησίμου.
1196 4171 1342 4240 Breviter
1365 4173 1420 4240 sed
1444 4175 1478 4240 in

279 4281 411 4349 eundern
444 4281 634 4344 sententium
659 4277 849 4364 Apollonius
873 4299 896 4342 s.
924 4298 976 4343 v.:
1001 4276 1262 4354 Ἀλοσύδνηνι
1288 4283 1342 4356 την
1366 4280 1396 4344 ἐν
1422 4280 1476 4346 οὐκ)

278 4386 458 4471 σευομένην,
487 4379 544 4451 οίον
581 4383 716 4449 ε’νοίλιον·
750 4383 891 4463 ,νέποδες
925 4391 1024 4456 κοιλνῑς
1049 4383 1267 4460 Ἀλοσύδνης.”
1290 4387 1316 4452 οἱ
1340 4387 1397 4465 μέν
1421 4393 1477 4462 τῆς

278 4496 451 4576 όιοοιοίσσης,
485 4491 553 4558 ένιοι
585 4491 627 4558 δὲ.
650 4501 706 4567 τῆς
730 4491 954 4576 Ἀμφιτρίτης,
978 4493 1012 4555 in
1035 4489 1099 4564 ulis
1124 4495 1233 4562 omniu
1256 4493 1374 4562 sbeuut
1404 4493 1479 4581 Epi.
