3232 5136
861 265 904 341 26

287 462 341 528 τοῦ
373 455 394 542 ζ
419 457 471 529 διδ
500 460 581 549 (την
612 461 688 545 ins.)
718 464 772 527 τοῦ
795 463 833 541 ῥῶ
865 464 1047 548 σνμτλοκίνν
1072 463 1114 534 είς
1137 460 1172 526 τὸ
1196 457 1214 526 δ
1235 456 1479 538 μεταπεσόντος.
1586 475 1587 504 ι

289 565 386 646 μέρδιο
408 563 478 652 οῦν,
502 567 555 636 καί
580 568 666 644 μετὰ
689 571 743 632 τοῦ
767 574 943 649 στερητικοῦ
963 593 1000 654 οι,
1021 568 1141 651 οίμὲρδοο
1161 584 1243 652 κτλ,
1263 588 1344 653 quae
1363 569 1479 635 iisdem

287 694 385 761 prope
407 669 513 742 verb'is
535 677 728 742 transierunt
750 676 783 738 in
807 673 1070 763 Etymologicum
1096 675 1273 763 Magnum,
1295 674 1369 740 hinc
1385 677 1481 742 initio

289 780 358 847 eius
387 781 579 870 paragraphi
610 780 855 848 emendandum.
900 780 973 849 Hoc
1001 785 1089 848 enim
1123 785 1188 848 ita:
1226 779 1386 862 Ἀμέρδοε
1424 817 1445 834 -
1458 819 1478 833 -
1587 809 1588 870 ι

288 887 474 968 ἑστίρισκεν,
506 887 652 970 ἦμαιίρον.
682 887 786 967 κυρίως
816 886 851 954 τὸ
881 887 989 968 μέρους
1020 891 1132 970 στερῶ·
1163 895 1423 971 καταχρηστικῶς
1448 888 1481 956 δὲ

286 994 339 1060 καί
371 993 422 1060 ἐπί
454 999 508 1061 τοῦ
539 1000 781 1076 στεροῦμοιι.
813 990 871 1061 οίον
902 994 1040 1074 υίττσίτε
1068 996 1100 1062 δὲ
1124 996 1185 1084 (δίη)
1209 995 1259 1061 τίν
1283 995 1382 1074 ίμοῖον
1405 995 1481 1076 οίνηρ

288 1099 428 1177 ε’ίίλησεν
466 1101 720 1186 (tessaracota
742 1123 827 1168 nunc
850 1105 884 1168 in
908 1103 1013 1190 texti.)
1040 1102 1207 1185 ιίμέρσοιι.”
1231 1117 1303 1170 κτλ.
1329 1103 1385 1188 (Π,
1411 1101 1481 1189 53).
1588 1159 1589 1182 p

287 1207 393 1278 Immo
416 1228 508 1277 vero:
533 1215 791 1291 καταχρηστικῶς
815 1208 847 1274 δὲ
865 1209 918 1273 καί
939 1210 988 1275 ist
1009 1214 1064 1276 τοῦ
1089 1215 1211 1290 στερῦ
1235 1209 1374 1287 μίνον·
1400 1203 1482 1274 οἷον
1588 1218 1589 1230 ’

287 1330 372 1392 κτλ,
403 1321 441 1380 ut
470 1317 503 1380 in
533 1315 759 1403 Epimerismis
789 1319 846 1382 est.
877 1315 900 1401 ¹)
946 1315 983 1381 ln
1015 1316 1126 1404 Etym.
1157 1313 1305 1382 Gudiauo
1335 1315 1481 1382 eiusdem

288 1424 336 1489 rei
359 1420 456 1489 exiles
480 1427 606 1488 tautum
630 1420 763 1488 laciniae
787 1427 876 1499 sunt,
901 1422 946 1488 sic
970 1425 1090 1508 optime
1107 1422 1226 1490 editae:
1246 1422 1479 1500 ’λμέλδεινε

286 1529 396 1608 παροδ
420 1528 463 1594 τί
486 1528 654 1610 μερίδας
678 1529 791 1600 τινίς
814 1529 1034 1611 οὶφαιρείσίοιι,
1060 1529 1156 1616 idque
1174 1531 1258 1595 inter
1275 1531 1425 1608 οίμενηνδς
1448 1538 1482 1598 ct
1589 1521 1590 1534 ³

285 1631 415 1716 οίμερέςί
441 1635 486 1720 (p.
511 1634 554 1699 44
578 1635 626 1702 ed.
651 1633 769 1720 Stura.)
794 1636 935 1722 Apparet
958 1636 1210 1703 rescribendum*
1228 1657 1311 1702 esse:
1346 1634 1482 1719 ’λμὲρ-

286 1743 385 1808 δεινι
410 1741 521 1822 παροδ
544 1741 586 1806 τί
612 1739 828 1828 (μερίζειν,
853 1737 948 1828 οἷον)
970 1744 1119 1824 μερίδα
1141 1731 1482 1825 τινίςοίφκιρεῖσίοοι.

287 1848 350 1916 Sed
383 1848 423 1915 ad
454 1869 522 1915 rem
552 1853 589 1914 ut
620 1847 765 1934 redeam,
788 1871 872 1916 nunc
896 1850 1024 1918 tandem
1046 1849 1194 1918 lacunam
1218 1868 1314 1936 quem
1338 1849 1481 1918 indicavi
1590 1832 1591 1878 ί

285 1977 349 2024 non
388 1957 485 2022 nimis
520 1954 669 2022 audacter
696 1957 825 2022 sarsisse
856 1957 986 2024 videbor
1010 1954 1199 2034 scribendo,
1233 1962 1273 2022 ut
1301 1956 1388 2022 dixi:
1425 1993 1446 2008 -
1460 1995 1480 2009 -

285 2062 471 2144 μαρμαίρειν
501 2059 602 2140 λίνων
633 2061 667 2127 τί
700 2060 859 2141 λοίμντειν,
890 2057 908 2126 ὅ
928 2063 994 2128 ἔστι
1017 2062 1149 2144 μερίζειν
1173 2062 1225 2128 καί
1250 2062 1388 2148 διαιρεῖν,
1413 2063 1479 2146 αφ’

284 2167 319 2238 οῦ
346 2169 533 2260 (μίρδεην)
558 2165 875 2250 verroniwaida
907 2169 940 2234 τί
971 2170 1015 2248 μη
1044 2167 1162 2252 μερίζον
1194 2169 1284 2236 οὶλλοὶ
1306 2171 1479 2258 σκοτεινόν,
1591 2211 1592 2220 2

287 2278 437 2361 ιὲμανρίν.
484 2275 561 2342 Esse
590 2275 668 2341 haec
699 2277 808 2342 omnia
838 2274 1055 2366 etymologiae
1077 2275 1330 2363 philosophantis
1353 2275 1480 2343 scilicet

285 2383 514 2458 deliramenta,
540 2419 581 2432 -
605 2382 738 2464 τεχνικὰ
761 2383 817 2460 μὲν
842 2381 940 2468 τρίνυ,
965 2383 1047 2449 οῦδὲν
1074 2383 1105 2449 δὲ
1129 2383 1291 2464 χρήσιμα,
1311 2389 1349 2449 ut
1367 2381 1481 2450 Aristo

287 2493 325 2559 da
348 2489 588 2558 dialecticorum
613 2491 750 2578 argutiis
769 2489 943 2568 iudicarit,
966 2527 1008 2538 -
1023 2492 1079 2558 vir
1097 2511 1176 2577 opus
1195 2496 1244 2556 est
1261 2495 1299 2556 ut
1317 2509 1478 2557 moneam.
1592 2567 1593 2580 ρ

331 2727 370 2789 α,
394 2701 448 2768 48.
495 2701 581 2768 Leve
612 2702 731 2767 vitium
763 2701 967 2768 eximendum
1001 2707 1049 2768 est
1072 2725 1111 2770 ex
1134 2705 1194 2790 iis,
1217 2724 1298 2790 quae
1322 2705 1362 2771 ad
1386 2703 1477 2787 ἄμφ’

285 2811 417 2883 'oduarii'
438 2808 576 2890 δαΐφρονι
600 2807 808 2875 observantur
830 2811 865 2873 in
888 2804 1025 2874 Scholiis
1044 2806 1197 2898 Vulgatis
1218 2831 1298 2896 quae
1329 2810 1482 2878 dicuntur

193 2945 196 2954 ¹
285 2920 319 2983 iu
342 2917 427 2982 hunc
450 2916 601 2981 modum:
627 2913 796 2995 Δαΐφρσνιι
821 2913 1038 2996 τολεμίφρονι.
1065 2916 1132 2990 δαίς
1153 2916 1216 2999 reip
1235 2918 1251 2994 si
1272 2916 1377 3000 μοίχη.
1400 2915 1477 2983 ὅταν

284 3024 316 3092 δὲ
350 3022 401 3090 ἐντί
432 3027 488 3096 τῆς
519 3020 699 3095 Πηνελόπης
730 3021 829 3102 atyn,
861 3023 1015 3107 (spectant
1044 3021 1138 3090 haec:
1171 3022 1314 3105 κουριδίης
1349 3026 1478 3104 οίλόχοιο

286 3129 462 3215 δαΐφρονος,
494 3125 554 3194 Od.
583 3151 598 3193 ο
606 3173 615 3206 ,
648 3124 728 3213 356)
750 3127 916 3212 δεδαηκιιίρν
939 3127 1026 3195 κατὰ
1048 3129 1164 3212 φρένας
1172 3177 1181 3210 ,
1205 3131 1347 3199 τουτέστι
1370 3155 1479 3209 μεμα-

287 3236 413 3322 ίηκνίρ,
438 3233 481 3312 ἐξ
500 3230 540 3301 οῦ
564 3236 618 3310 την
642 3235 768 3309 σννετίην
791 3234 844 3300 καί
869 3237 1010 3316 σώφρονα
1032 3238 1184 3317 βούλεται
1210 3238 1326 3315 δηλοῦν.
1352 3239 1477 3328 Legen-

284 3344 381 3410 dum:
416 3343 461 3408 δι’
491 3336 535 3407 οῦ
559 3343 618 3416 την
642 3343 769 3416 συνετην
793 3364 822 3406 κ.
847 3344 988 3423 σώφρονα
1010 3342 1162 3421 βούλεται
1184 3345 1312 3422 δηλοῦν,
1339 3345 1479 3428 confusis

284 3453 451 3519 notissimo
483 3469 586 3515 errore
614 3447 651 3513 δι’
680 3453 712 3514 at
740 3445 792 3533 ἐξ,
825 3469 1019 3535 quamquam
1049 3454 1147 3517 etiam
1178 3451 1372 3520 Bodleianns
1395 3452 1479 3520 libor

286 3555 340 3645 (0)
363 3577 425 3624 non
451 3555 560 3621 minus
583 3575 680 3641 quam
703 3553 824 3621 Aldina
847 3555 945 3622 editio
970 3555 1004 3634 ἐξ
1026 3556 1142 3623 habers
1157 3559 1296 3628 videtur.
1341 3558 1479 3626 Dindor·

283 3664 345 3734 fius
376 3668 459 3731 certe
489 3661 572 3728 nihil
595 3681 634 3728 ex
657 3682 693 3729 eo
717 3663 869 3728 enotavit.
917 3660 1112 3729 Monendum
1136 3670 1297 3750 praeterea
1319 3671 1383 3744 est,
1410 3688 1478 3734 ma·

282 3793 372 3841 nasse
405 3769 484 3837 haec
520 3789 559 3835 ex
594 3768 816 3854 Epimarismis
851 3766 1034 3838 Homericis
1070 3772 1118 3854 (in
1152 3768 1292 3838 Cramer.
1332 3771 1477 3839 hnecdd.

284 3879 405 3946 Oxonn.
435 3873 505 3943 vol.
537 3874 555 3939 1
582 3895 613 3961 p.
646 3874 710 3940 115
743 3879 775 3940 et
807 3872 992 3961 116)„.qui
1022 3876 1081 3941 snb
1105 3877 1164 3943 hac
1187 3899 1263 3945 voce
1287 3883 1320 3946 et
1342 3880 1420 3946 haec
1443 3886 1477 3946 et

197 3977 205 3990 '
285 3986 350 4053 alia
384 3985 463 4052 beno
498 3981 603 4048 multa
638 3985 768 4068 insuper
801 3982 963 4066 praebant.
1008 3980 1054 4047 Hi
1077 3983 1180 4072 igitur
1201 3987 1263 4050 ita:
1290 4021 1309 4036 -
1323 4020 1343 4036 -
1366 3987 1417 4050 ίσιί
1443 3985 1476 4050 δὲ

284 4096 339 4160 τοῦ
365 4088 529 4171 ηκονριδίης
550 4086 678 4168 οὶλίχοιο
698 4085 875 4168 δαίφρονος”
894 4088 926 4152 οῦ
946 4089 1089 4166 σημαίνει
1109 4093 1165 4165 την
1186 4093 1364 4172 τολεμικίην,
1386 4093 1475 4160 α’λλὰ

319 4323 406 4402 n'ubi
428 4347 508 4392 tamen
530 4355 615 4406 prava:
641 4336 695 4386 καί
721 4343 928 4400 κσταχρηστιιιίίς
954 4336 986 4387 dl
1013 4339 1044 4388 σδ
1068 4345 1147 4403 crepa
1166 4343 1234 4402 μόνον
1252 4360 1295 4410 pro
1312 4359 1422 4407 καταχρ.
1440 4341 1476 4394 di

282 4432 336 4483 καί
355 4432 385 4482 τδ
404 4435 482 4496 mpii
501 4431 578 4492 μόνον.
595 4431 634 4480 Sic
651 4429 707 4477 haec
725 4430 804 4478 omnia
823 4428 904 4478 ῦλιτσν
926 4427 1000 4496 βρύει.
