3232 5136
863 325 905 396 14

276 518 350 597 ροὲι
381 544 418 585 οι
452 520 595 598 σημαίνει
630 519 666 586 τὸ
703 517 787 594 ἦθος,
826 523 868 586 πὸ
900 522 938 586 δέ
971 545 1009 586 σι
1042 519 1186 596 σημαίνει
1218 518 1273 592 riv
1304 517 1478 593 τοῦλόγου

278 637 400 711 χρῆσιν.
429 631 454 715 ¹)
484 627 628 707 εὔσροπος
660 627 724 706 γάρ
752 626 825 704 civito
857 627 871 692 ὁ
902 630 937 693 πὸ
962 624 1027 702 ἦδος
1052 625 1133 707 ἔχων
1157 626 1200 693 εἰς
1223 625 1259 688 ri
1284 618 1318 688 εὖ
1341 646 1478 703 πεπραμ-

278 735 385 814 μένον·
424 735 526 814 πράποι
562 734 594 799 δὲ
629 733 730 811 λάχοι
762 734 802 797 αἱ
835 734 949 799 ποιαὶ
983 733 1127 803 πλάσεις.
1164 736 1258 816 (quae
1289 731 1478 795 acutissime

282 841 474 908 Buttmmni
498 839 678 928 emendatio
699 844 747 904 est
765 861 821 925 pro
841 840 976 906 absurde
997 840 1152 906 librorum
1171 836 1326 904 lectione:
1347 834 1477 900 cirici
1592 887 1593 904 ι

278 949 320 1012 αἱ
341 946 499 1029 πλάσεις).
520 946 719 1026 κέχρησαι
743 948 793 1026 σῷ
816 945 943 1026 πράπρι
968 947 1033 1012 καὶ
1061 946 1126 1012 ἐπὶ
1151 950 1283 1026 Φοινῆς
1309 943 1377 1008 καὶ
1406 943 1474 1008 ἐπὶ
1592 961 1593 976 ’

278 1062 412 1134 μελῶν
445 1053 706 1131 ἐξαλλαγῆς,
739 1056 785 1123 ὥς
818 1054 883 1118 ἐπὶ
915 1061 983 1128 τῆς
1015 1054 1198 1128 άηδάιος,
1224 1048 1272 1130 „i
1295 1074 1338 1116 τε
1362 1051 1476 1127 θαμά

277 1169 462 1242 προπῶσα
483 1163 517 1244 (i.
532 1155 781 1242 οτροπῶοα)
800 1159 890 1239 χέει
911 1163 1125 1241 πολυηχέα
1144 1157 1310 1242 speciest*
1324 1159 1366 1241 (r,
1382 1156 1475 1243 521.)

278 1272 303 1335 si
322 1269 354 1336 δὲ
375 1270 399 1333 ci
423 1267 510 1347 σοφοὶ
530 1268 618 1331 δεινοί
637 1267 694 1330 εἰσι
715 1267 914 1344 διαλέγεσθαι
937 1282 1007 1333 κπλ.
1032 1267 1120 1334 Itane
1141 1267 1240 1333 vero?
1260 1265 1303 1330 ut
1320 1265 1474 1349 putabam
1592 1267 1593 1358 J

278 1377 316 1442 de
340 1377 455 1440 duobos
479 1377 603 1439 tentum
625 1371 774 1438 vocabuli
794 1373 903 1452 πράσις
924 1369 1211 1462 significationibus
1230 1374 1283 1438 hic
1295 1390 1473 1438 sermonem
1592 1363 1593 1368 ἵ

277 1503 345 1550 esse
381 1504 398 1548 e
432 1483 560 1568 regione
592 1480 654 1544 sibi
684 1482 866 1564 contrariis,
899 1501 1032 1567 eamque
1055 1483 1236 1570 opinionem
1260 1486 1293 1544 et
1316 1477 1378 1543 loci
1402 1499 1473 1544 sen·
1592 1477 1593 1540 3

277 1589 378 1656 tentio
406 1594 438 1652 et
464 1587 677 1674 grammatice
707 1587 828 1652 ratione
852 1584 1047 1653 confirmarit
1072 1587 1184 1653 Nonne
1208 1587 1243 1650 τὸ
1268 1583 1326 1661 μέν
1350 1607 1400 1668 σι,
1427 1623 1470 1636 -

276 1697 311 1762 τὸ
331 1695 363 1760 δέ
388 1717 416 1759 τι
441 1695 500 1758 duo
519 1699 645 1758 tentum
665 1695 907 1758 commemorari
927 1690 1086 1760 ostendit?
1104 1693 1218 1758 Nonne
1230 1711 1311 1776 queo
1324 1693 1471 1776 sequitur

275 1801 446 1870 dilucidior
475 1798 663 1885 explicatio:
695 1797 837 1879 εὔτροπος
870 1800 932 1879 γάρ
964 1801 1037 1880 άιηρ
1061 1801 1074 1864 ὃ
1099 1799 1141 1864 τὸ
1166 1795 1253 1873 ἦθος
1279 1793 1383 1875 ἔχων
1408 1800 1469 1870 εἰς

275 1911 318 1976 τὸ
338 1903 378 1974 εὖ
397 1904 700 1987 τετραμμένοι,
721 1905 862 1984 τράποι
883 1903 921 1970 δὲ
941 1905 1070 1983 λόγον
1093 1907 1134 1970 αἱ
1154 1905 1265 1970 ποιαὶ
1287 1903 1468 1977 πλάσεις

274 2013 549 2107 monifestoxheec
580 2016 641 2079 duo
673 2019 796 2079 tentum
828 2016 974 2098 respicit,
1004 2015 1039 2079 τὸ
1072 2008 1137 2087 ἦθος
1172 2021 1204 2080 et
1236 2016 1292 2089 σηι
1315 2037 1346 2078 π.
1370 2015 1468 2092 λόγου

274 2118 408 2204 xpristi?
454 2119 546 2186 Unde
568 2121 671 2209 igitur
696 2122 791 2186 tertie
814 2125 867 2184 σοῦ
892 2123 999 2200 τρόπις
1024 2119 1215 2210 significatio
1239 2121 1291 2186 hio
1311 2121 1469 2188 inserturi

275 2228 345 2310 Qua
363 2227 473 2300 illoto,
493 2228 584 2312 quasi
603 2225 685 2292 nibil
706 2229 900 2292 extrinsecus
924 2230 1122 2304 accessisset,
1149 2226 1272 2313 placide
1296 2247 1468 2316 argumen-

274 2337 336 2402 tari
358 2335 482 2422 pergit:
507 2335 533 2398 ri
558 2331 589 2397 δὲ
612 2334 637 2397 οἱ
662 2332 750 2414 σοφοὶ
774 2338 807 2398 et
830 2353 911 2419 quae
936 2334 1081 2420 deinceps
1104 2340 1298 2420 sequuntur,
1322 2343 1377 2409 τῆς
1400 2342 1467 2418 φω-

274 2452 324 2518 ιης
343 2449 376 2509 et
394 2449 449 2517 τῆς
477 2447 579 2518 μελῶν
599 2439 784 2519 ἐξαλλαγῆς
809 2439 902 2526 plene
926 2441 1107 2508 immemor.
1131 2441 1220 2508 Hoec
1243 2440 1402 2508 sufficiunt
1425 2443 1467 2508 sd

273 2548 466 2635 probandam
498 2550 688 2616 sententium
712 2569 838 2631 mecm,
861 2548 975 2614 verbs:
1009 2541 1221 2634 [κέχρησαι
1250 2549 1300 2627 σῷ
1333 2549 1465 2628 spire

275 2656 341 2721 cci
374 2656 440 2720 ἐπὶ
474 2692 628 2704 --—
654 2657 866 2735 πολυηχέα
897 2657 1070 2740 Quom,
1096 2676 1176 2741 ques
1199 2659 1465 2743 argumentorum

273 2771 414 2828 tenorem
449 2761 649 2846 perturbent,
683 2782 764 2847 quae
788 2764 903 2826 tertiam
927 2759 1192 2850 significationem
1217 2761 1363 2837 offerent,
1388 2783 1465 2828 cum

272 2867 312 2933 de
345 2868 461 2930 duatus
495 2871 619 2932 tentum
656 2870 710 2956 egi
745 2868 876 2944 debeat,
907 2889 1042 2954 quorum
1074 2870 1225 2934 orationis
1257 2869 1359 2934 formo
1389 2889 1466 2934 cum

272 2972 531 3039 antecedentibus
561 2980 594 3038 st
622 2975 827 3058 sequentibus
857 2995 919 3040 non
951 2982 1123 3063 congruet,
1155 2980 1273 3039 οιοοίσίε
1304 2976 1420 3040 instruc
1449 2998 1466 3039 e

272 3087 354 3144 ortu
385 3101 447 3144 οιιο
476 3079 670 3144 eliminanda.
720 3079 823 3146 Aliter
853 3080 1036 3147 Dindordus
1066 3081 1206 3166 iudicet,
1230 3084 1285 3167 qui
1309 3085 1343 3146 in
1366 3081 1465 3148 eduo-

273 3187 392 3251 totione
427 3185 466 3250 ed
500 3184 585 3251 b.l.i
620 3184 901 3264 „Grammaticus”
933 3192 1056 3272 inquit,
1091 3199 1277 3274 „postquem
1302 3187 1465 3274 duplicem

272 3293 420 3360 vocabuli
439 3292 548 3372 τρόπος
566 3313 662 3358 usum
683 3293 857 3379 explicuit,
879 3296 920 3358 cd
937 3295 1057 3358 tertium
1070 3296 1196 3371 οιοιιοὶι,
1210 3316 1306 3381 quem
1319 3297 1465 3380 exemplo

272 3401 362 3468 vorbi
394 3406 492 3479 τροπῶ
526 3401 600 3484 (ie.
629 3407 749 3482 σροπῶ)
780 3439 817 3448 -
834 3437 875 3449 -
891 3437 931 3448 -
956 3402 995 3466 eb
1019 3400 1128 3478 πράσις
1152 3401 1317 3467 derivandi
1341 3401 1463 3486 probet.

273 3505 364 3587 Quod
387 3506 520 3572 verbum
546 3505 731 3590 explicando
750 3506 906 3593 adjectivo
919 3507 1115 3586 ,πολύτροπος
1136 3505 1199 3573 olio
1218 3507 1313 3572 modo
1333 3507 1467 3572 adhibet

271 3611 490 3678 Eustcthius.'’
535 3613 623 3694 Quae
655 3615 732 3699 quid
754 3614 872 3680 facient
896 3613 936 3679 ad
960 3615 1192 3680 submovendos
1216 3635 1268 3680 eas
1291 3613 1465 3682 difficulte-

271 3724 337 3794 tes,
373 3740 451 3804 ques
488 3740 582 3807 supro
614 3724 724 3806 posui,
755 3720 903 3805 equidem
935 3741 996 3784 non
1031 3721 1141 3799 video,
1175 3721 1293 3788 viderit
1322 3724 1391 3806 ipse
1415 3725 1467 3790 vir

272 3845 429 3892 summus.
477 3825 601 3905 Quanto
632 3825 793 3892 sollertius
825 3825 1059 3902 Buttmannus,
1091 3847 1152 3913 quo
1175 3847 1269 3894 nemo
1292 3827 1325 3892 in
1348 3849 1466 3915 genere

271 3932 332 3999 hoc
363 3931 489 3998 acutius
518 3934 682 3999 cernebat:
709 3933 854 4020 ,ambigi
879 3939 986 3998 eutem
1010 3934 1069 4000 hoc
1093 3955 1217 4020 quoque
1240 3940 1361 4020 potest,
1387 3935 1466 4002 Por-

271 4039 463 4126 phyriusne,
488 4041 543 4123 qui
567 4037 688 4105 Scholii
710 4037 875 4104 Leidensis
901 4031 926 4123 ²)
949 4046 1058 4105 ooctor
1077 4041 1240 4125 laudetur,
1260 4041 1299 4106 ad
1318 4048 1465 4106 nostrum

269 4163 413 4176 ..-.-.-

307 4239 330 4299 1)
348 4237 468 4288 Punctum
484 4240 552 4306 posui
568 4244 622 4305 post
647 4245 736 4304 χρῆσιν
761 4255 805 4305 pro
827 4239 1021 4305 interrogationis
1042 4244 1123 4308 signo,
1148 4245 1211 4309 quod
1233 4247 1258 4295 et
1281 4245 1424 4296 Buttmanni
1441 4251 1466 4296 et

271 4320 391 4372 Dindordi
413 4321 528 4371 editiones
544 4321 648 4382 obsidet,
668 4324 731 4388 quod
749 4337 792 4371 cor
808 4323 896 4372 lectum
914 4323 945 4373 sit
963 4325 1059 4389 ignoro,
1077 4325 1122 4376 hoc
1139 4327 1186 4376 scio
1203 4327 1339 4393 disputandi
1356 4331 1465 4380 tenorem

270 4417 299 4451 eo
316 4402 384 4470 signo
402 4401 545 4470 perturberi.
1127 4445 1130 4462 .

303 4489 329 4551 o)
346 4489 439 4556 btcmps
452 4502 507 4556 pure
521 4491 597 4540 nostri
611 4492 699 4546 Sshelii
714 4476 780 4556 (inde
797 4513 810 4545 s
828 4495 906 4544 verbis
919 4496 1040 4562 κέχρησαι
1056 4505 1091 4566 πᾷ
1107 4495 1189 4566 πρόπηι
1204 4517 1277 4568 usqne
1292 4503 1319 4551 ed
1330 4505 1377 4552 rod
1386 4503 1464 4566 mcc
