3232 5136
885 343 927 411 20

312 533 543 604 Dindcrfianae.
588 538 689 622 Atqui
713 535 753 602 ad
776 536 967 602 sententiam
990 536 1072 602 nihil
1097 537 1203 604 deesse
1227 537 1363 604 videtur.
1396 539 1510 607 Finita

313 649 361 708 est
395 643 549 709 secundae
584 663 697 710 causac
731 645 906 730 expositio,
942 645 1056 730 incipit
1090 646 1213 710 tertiae.
1261 643 1394 725 Dicam,
1426 645 1511 731 quid

241 752 245 768 ‘
313 751 465 823 excidisse
496 752 646 836 suspicer.
693 749 780 816 Solet
810 749 1026 838 Porphyrius,
1053 750 1203 836 -quod
1233 753 1267 816 iu
1298 752 1511 837 sequentibus

310 855 458 942 pluribus
489 856 644 942 exemplis
672 856 926 922 demonstratum
955 855 1053 932 dabo,
1080 893 1121 905 -·
1149 875 1229 942 quoe
1260 857 1355 925 modo
1379 856 1511 944 prolixe

311 961 520 1049 explicuerat,
559 982 669 1028 eorum
708 963 837 1030 brevem
877 961 968 1047 quasi
1000 982 1163 1028 summum
1195 964 1302 1030 verbis
1334 971 1390 1030 aut
1422 965 1513 1030 nihil

310 1075 367 1134 aut
395 1061 510 1156 parum
539 1071 721 1136 immutatis
745 1089 933 1155 proponere,
958 1074 1129 1155 antequam
1154 1068 1194 1135 ad
1217 1091 1334 1136 novam
1358 1071 1512 1158 disputa·

312 1178 408 1242 tionis
439 1197 514 1242 suae
544 1183 668 1263 partem
697 1181 844 1242 transeut.
891 1174 1085 1241 Notavimus
1115 1175 1193 1242 haec
1225 1178 1328 1243 obiter
1357 1179 1391 1244 iu
1415 1181 1512 1244 exitu

286 1291 289 1298 ⁴
311 1283 434 1369 primae
456 1285 574 1369 partis,
599 1286 633 1348 in
652 1284 758 1350 verbis
777 1285 813 1348 τό
832 1287 906 1361 γοῦν
926 1317 945 1330 ·
960 1317 980 1333 -
995 1318 1014 1330 -
1037 1280 1207 1364 Φροντίζειν
1226 1283 1351 1350 ἐδύνατο
1377 1285 1412 1372 (l
1438 1285 1512 1351 8-

315 1388 386 1474 12),
419 1396 452 1456 ct
482 1391 527 1456 sic
555 1389 751 1457 luculentius
775 1391 873 1456 ctiam
897 1394 1045 1475 apparet,
1071 1410 1184 1456 verum
1208 1392 1382 1477 essequod
1409 1413 1513 1478 supra

311 1496 395 1573 dixi,
416 1497 467 1562 his
486 1497 591 1562 verbis
615 1503 647 1562 et
669 1495 837 1582 periodum
860 1501 893 1560 et
916 1497 1203 1582 primam’partem
1226 1495 1320 1562 finiri.
1345 1496 1514 1566 Prolixicr

310 1606 406 1668 etiam
439 1587 486 1668 est
517 1601 738 1689 recapitulatio
769 1603 881 1667 tertiae
904 1605 1022 1688 partis,
1046 1624 1076 1688 p.
1106 1600 1190 1668 141.
1219 1601 1363 1689 15-27,
1387 1605 1512 1674 iudea

310 1710 431 1775 verbis:
463 1711 626 1774 ἀκουστέον
656 1706 704 1776 οὖν
733 1709 768 1773 σδ
801 1707 928 1786 ,τολλά
959 1708 985 1772 δ’
1009 1703 1028 1772 ό
1049 1710 1082 1786 γ’
1106 1710 1135 1774 ἐν
1161 1723 1234 1774 κτλ.
1261 1712 1444 1796 usquead:
1471 1714 1509 1778 ἐκ
1553 1699 1558 1706 ’

309 1821 368 1879 τῶν
390 1815 536 1914 ἑκουσίων.
553 1815 808 1900 ἁμαρτημάτων,
834 1835 896 1901 qua
918 1823 1026 1882 tsmen
1048 1814 1132 1882 nihil
1156 1818 1231 1882 novi
1255 1819 1512 1905 continetur,ut

308 1921 416 1987 locum
446 1921 602 2010 relegenti
632 1921 726 1988 facilc
757 1923 889 2008 patebit.
936 1921 1057 1988 Eadem
1089 1921 1192 2009 igitur
1214 1930 1321 1988 nostro
1343 1922 1415 1991 loco
1444 1945 1510 1992 usn

310 2029 488 2094 veniabant.
536 2029 597 2094 Sed
627 2029 704 2094 haec
735 2049 810 2096 casu
841 2028 978 2113 quddam
1009 2030 1188 2113 perierunt,
1219 2028 1286 2095 levi
1308 2050 1383 2095 sane
1408 2030 1509 2098 detri-

311 2143 435 2213 mento,
459 2155 550 2209 nam,
576 2140 612 2201 ut
635 2137 765 2212 monui,
790 2137 1018 2225 sententiarum
1042 2155 1142 2200 nexus
1165 2135 1274 2202 salvus
1297 2141 1353 2202 est.

356 2241 426 2308 Iam
450 2245 578 2308 tertiam
602 2263 731 2308 causam
754 2244 973 2329 respiciamus.
992 2245 1131 2307 Ἔπειτα
1155 2245 1186 2308 οὐ
1210 2243 1334 2307 σάντων
1357 2243 1395 2308 δι’
1408 2244 1508 2323 ἀβου-

312 2350 383 2421 λίας
417 2349 583 2438 (ἀβουλίαν
614 2349 654 2427 D,
687 2349 819 2416 i'ortssse
849 2348 976 2434 melius)
1002 2349 1226 2425 ἀπολωλότων,
1250 2350 1339 2414 ἀλλά
1364 2356 1424 2416 τῶν
1448 2354 1509 2431 μὲν

313 2455 363 2522 tot
387 2457 575 2542 δυστυχίας,
599 2455 725 2538 ὥσπερ
749 2455 774 2522 οἱ
799 2457 840 2528 είς
864 2457 934 2527 τοὺς
960 2455 1087 2527 Κίκονας
1112 2456 1317 2541 ἐμπεσόντες,
1342 2459 1359 2532 ἢ
1385 2459 1428 2531 είς
1455 2460 1509 2526 τόν
1601 2497 1602 2548 r

313 2565 484 2642 Κύκλωπα,
518 2564 534 2639 ἣ
567 2566 610 2637 είς
639 2564 710 2637 τοὺς
735 2562 987 2644 Λαιστρυγόνας,
1014 2562 1031 2638 ἢ
1056 2564 1098 2637 εἰς
1122 2564 1176 2637 τὴν
1201 2565 1367 2650 Σκύλλαν,
1391 2572 1452 2630 τῶν
1476 2567 1508 2634 δὲ

312 2672 350 2738 δι’
370 2671 540 2750 ἀβουλίαν,
560 2669 690 2750 ἀίσσεό
712 2671 795 2748 μόνον
816 2672 1003 2750 εὑρίσκοντας
1016 2671 1041 2735 οἱ
1054 2671 1097 2742 είς
1111 2670 1281 2736 τδνἭλνον
1300 2672 1508 2747 ἀκουσίως

310 2780 437 2856 ἀσεβεῖν
472 2779 626 2855 ἑλόμενον,
664 2779 714 2844 τδν
746 2777 902 2843 Ὀδυσσέα
933 2783 1045 2856 σαφῶς
1077 2775 1179 2859 Φάναν
1213 2777 1258 2842 ὅτε
1291 2777 1364 2857 ὑπὲρ
1387 2777 1508 2844 τούτων

311 2885 455 2965 μάλοστα
492 2882 695 2961 ἐσπούδασεν,
733 2885 804 2964 ὑπὲρ
836 2891 893 2948 τῶν
924 2887 968 2960 μὴ
999 2881 1105 2958 ἔξωίεν
1136 2883 1224 2967 αίτίςο
1253 2885 1507 2964 ἀσολεσίέντων,

310 2994 398 3057 ἀλλά
419 2997 477 3057 τῶν
496 2991 646 3056 σωθέντων
667 2990 715 3074 ἀν,
736 2991 762 3054 εί
782 2991 827 3066 μὴ
847 2987 975 3070 ἄφρονες
997 2983 1073 3063 ἦσαν
1095 2990 1147 3054 καὶ
1161 2993 1316 3071 παραίτιοι
1329 2991 1436 3066 αὑτοῖς
1450 2999 1504 3058 τοῦ

309 3097 451 3163 ίανάτου.
499 3095 623 3163 Ultims
653 3099 719 3162 iam
741 3097 836 3184 tetigi
858 3115 916 3161 nec
940 3116 1022 3161 nuuc
1046 3098 1197 3175 citarem,
1221 3099 1284 3163 nisi
1306 3099 1505 3166 mouendum

309 3204 481 3287 videretur,
503 3204 612 3270 omnia
630 3222 649 3268 a
669 3223 720 3269 vv.
744 3203 795 3266 τὸν
814 3200 970 3267 Ὀδωσσία
983 3201 1206 3284 captatorium
1219 3203 1508 3291 usqueadperiudi

309 3309 404 3375 finem
436 3309 542 3376 dctisse
572 3303 606 3374 in
637 3308 678 3386 D,
710 3307 786 3373 licet
814 3307 867 3372 his
889 3311 1022 3374 remotis
1043 3309 1201 3374 sententia
1223 3311 1347 3374 exitum
1370 3331 1434 3376 non
1459 3313 1507 3376 in·

308 3419 417 3485 veniat
447 3416 575 3502 spodosi
603 3434 660 3481 sus
683 3419 846 3499 truncata,
871 3415 954 3480 unde
977 3413 1081 3480 tacilis
1104 3421 1152 3480 est
1175 3418 1371 3492 coniectura.
1397 3420 1506 3486 cuius·

310 3524 399 3589 modi
419 3523 547 3588 taudem
567 3520 620 3588 vel
639 3520 689 3587 illi
709 3520 841 3587 Codices
860 3522 940 3604 sint,
961 3522 1077 3605 quibus
1097 3522 1227 3606 optimis
1244 3523 1278 3586 in
1297 3521 1348 3587 his
1359 3521 1507 3611 reliquiis

308 3629 536 3698 constituendis
570 3630 703 3694 utimur.
750 3627 787 3692 lu
810 3629 914 3712 priore
937 3629 1111 3692 sentcntiae
1136 3633 1224 3713 porte
1248 3647 1312 3694 non
1336 3629 1506 3720 intelligo:

311 3735 438 3816 ὥσπερ
474 3737 557 3815 μόνον
588 3735 774 3814 εὑρίσκονται
802 3735 828 3798 οἱ
855 3735 896 3803 είς
931 3733 982 3796 τόν
1011 3731 1118 3798 Ἥλιον
1150 3734 1350 3806 ἀκουσίως
1375 3737 1507 3816 ἀσεβεῖν

311 3845 457 3924 ἑλόμενον.
505 3841 736 3929 Intelligerem:
761 3836 854 3920 όσερ
877 3836 961 3916 μόνον
985 3839 1171 3921 εὑρίσκονται
1195 3842 1221 3907 ον’
1247 3843 1289 3914 είς
1313 3841 1365 3907 τόν
1397 3841 1507 3912 Ἥλιον

312 3952 502 4023 ἑκουσίως
534 3947 662 4027 ἀσεβεῖν
694 3947 845 4022 ἑλόμενοι,
869 3965 943 4010 nsm
964 3966 1077 4025 nemo,
1100 3949 1227 4034 opinor,
1252 3946 1448 4016 initiabitur
1469 3974 1507 4019 ex

310 4057 482 4144 Porphyrii
515 4063 598 4121 certe
628 4059 736 4120 mente
764 4053 886 4118 facinus
917 4054 1073 4118 comitum
1105 4052 1212 4120 Ulixis
1243 4056 1278 4119 in
1300 4053 1384 4120 Solis
1409 4057 1507 4125 boves

310 4185 377 4232 esse
412 4169 470 4228 τῶν
513 4160 647 4228 ἑκουσί
655 4186 700 4224 ων
745 4156 990 4239 ἀμαρτκμάτων.
1038 4158 1167 4248 Pergit,
1212 4165 1249 4226 ut
1291 4164 1325 4226 in
1367 4166 1507 4232 secunda

311 4275 418 4357 parte,
443 4270 598 4336 sententia
621 4267 865 4353 comparationis
889 4265 990 4331 forma
1014 4287 1069 4352 per
1092 4267 1129 4340 ὡς
1144 4303 1186 4317 -
1199 4265 1291 4341 uiroc
1317 4273 1504 4339 enunciata:

309 4379 348 4448 ἀς
384 4376 446 4456 γάρ
482 4373 589 4441 ἑαυτὸν
621 4372 738 4454 σώζει
770 4373 803 4436 ἔκ
832 4371 947 4443 παντὸς
978 4378 1032 4437 τοῦ
1065 4379 1138 4454 παρ’
1169 4375 1277 4440 ἑαυτὸν
1307 4375 1505 4457 ῥυόμενος

308 4481 460 4559 ίανάτου,
492 4479 585 4554 οὕτως
619 4480 670 4545 καί
703 4477 772 4550 τοὺς
804 4477 939 4560 ἑταίρους
973 4481 1007 4545 ἐκ
1040 4483 1093 4546 τοῦ
1126 4485 1199 4561 παρ’
1222 4483 1349 4549 ἑαυτόν
1374 4483 1504 4554 δύναται
