3232 5136
723 312 766 386 ti

148 507 236 590 Quod
271 510 299 574 ei
332 511 379 573 ite
413 515 479 584 cst,
513 507 575 574 duc
607 510 704 584 vitio,
737 529 818 593 queo
848 509 1016 585 notabam,
1043 510 1201 574 inunum
1233 509 1341 576 locum

147 617 299 679 coierunt.
347 613 408 680 Sed
439 614 499 680 hoc
530 635 593 680 non
622 634 749 700 premo;
774 614 856 680 illud
881 623 964 681 certe
988 617 1192 702 perspicuum
1215 622 1282 692 est,
1308 619 1341 682 in

148 731 213 784 tem
244 719 387 808 generali
418 720 626 806 hypothetico
656 723 877 787 enunciatione
906 721 1098 808 particulam
1123 721 1161 785 νἰν
1184 742 1204 786 e
1226 722 1341 787 codici·

148 827 205 890 bus
224 829 353 912 insuper
368 827 509 892 oblatum
531 827 639 893 abesse
651 847 713 892 non
727 847 825 914 posse.
873 829 915 893 lit
928 831 1078 914 quoniam
1091 827 1190 894 semel
1204 828 1243 894 ed
1256 829 1341 894 hunc

148 931 252 996 locum
276 936 423 1018 perveni,
442 933 501 998 hoc
521 932 601 998 eddo
625 933 810 1000 incredibile
822 933 911 1000 dictu
923 955 1007 1006 esse.
1020 937 1144 1020 quoties
1156 936 1338 1000 etiamnunc

147 1041 179 1102 in
209 1042 327 1104 uostris
357 1039 513 1124 porticulo
544 1037 582 1102 οίν
611 1039 697 1106 mele
720 1039 924 1111 desideretur.
972 1039 1078 1106 Semel
1101 1045 1196 1126 etque
1219 1043 1339 1107 iterum

148 1164 216 1210 cem
248 1145 376 1211 reduxit
407 1145 642 1229 Buttmannus,
674 1153 711 1210 ut
742 1147 878 1230 lecim,
903 1147 1026 1212 236111
1050 1147 1226 1214 Aristonici
1249 1155 1341 1214 noto:

148 1248 191 1315 ὅτι
220 1255 282 1332 ούχ
314 1253 488 1318 ὑποτίίετοιι
520 1253 623 1332 οὶσεβῆ
651 1254 701 1320 τὸν
739 1256 914 1330 Σαλμωνέα
938 1258 977 1324 ύς
1002 1255 1028 1318 oi
1054 1254 1194 1331 νεύτεροι.
1221 1255 1254 1320 ού
1279 1257 1342 1335 γὰρ

149 1357 349 1437 εὐπατέρειαν
382 1360 428 1425 δον
459 1363 514 1434 την
544 1361 631 1440 Τυρὼ
660 1356 745 1425 εἶπεν
777 1360 842 1425 ούδέ
877 1361 935 1446 (sio
966 1359 1061 1426 Dind.
1096 1382 1127 1446 p.
1161 1357 1237 1444 783,
1269 1361 1344 1426 libri

149 1467 230 1553 οὔτε)
256 1467 412 1544 ἀμύμονος
437 1467 564 1546 πατρίς.
613 1467 655 1532 Elt
679 1465 717 1530 οίν
741 1466 850 1532 edesse
873 1474 1015 1553 oportere
1038 1471 1071 1532 et
1094 1487 1150 1532 cnr
1172 1467 1342 1542 exciderit,

148 1576 180 1638 in
215 1577 322 1660 eprico
353 1581 409 1642 est
457 1574 519 1642 Sed
551 1574 695 1640 multum
728 1575 817 1639 abest
847 1581 883 1638 nt
917 1573 973 1640 ille
1006 1575 1113 1639 omniu
1149 1574 1337 1640 exhauserit.

148 1679 182 1744 ln
217 1682 479 1766 praecedentibus
514 1681 552 1747 de
582 1701 698 1769 genere
730 1680 789 1746 hoc
819 1679 972 1746 nonnulle
1006 1683 1071 1745 iem
1096 1669 1235 1757 correxi,
1260 1702 1344 1746 nuuc

149 1787 258 1852 ordine
283 1789 457 1875 insigniore
481 1801 670 1874 proponam,
693 1793 913 1873 praeterquam
933 1787 990 1852 ubi
1008 1785 1097 1852 locue
1117 1794 1150 1854 et
1169 1787 1233 1852 elio
1251 1788 1342 1876 gravi

149 1897 228 1960 vitio
262 1897 428 1980 premitur.
476 1893 682 1960 inserendum
714 1899 762 1960 est
793 1891 839 1957 ἴον
872 1893 912 1959 sd
944 1893 987 1972 β,
1012 1891 1096 1959 212:
1123 1897 1178 1968 τὴν
1202 1891 1342 1958 ὑπόνοιαν

149 1999 392 2081 ύτοτριβίμενος
419 2002 555 2066 αἰτεῖται
581 2002 666 2080 παρὰ
692 2005 750 2065 τῶν
774 2001 951 2080 μνηστήρων
974 1999 1017 2064 τοὶ
1042 2001 1114 2080 πρὸς
1135 2001 1189 2073 την
1210 2000 1343 2078 πορείαν.

150 2114 212 2178 πῶς
248 2107 312 2184 γὰρ
348 2105 414 2194 (ἄν)
450 2108 575 2173 ἐδύνατο
610 2117 766 2186 σκευωρείν
803 2108 875 2172 κατ’
912 2109 1013 2172 αὐτῶν
1046 2107 1179 2178 πολίτας
1212 2105 1342 2176 ίπαδοὺς

152 2215 249 2293 έχων;
275 2249 319 2262 -
343 2215 377 2290 ί,
404 2212 457 2280 77.
482 2211 591 2296 έχαιρε
615 2213 645 2278 δέ
670 2214 684 2276 ί
707 2215 919 2289 Ἀγαμέμνων
944 2214 993 2278 έπί
1019 2223 1057 2294 τῇ
1083 2214 1271 2299 (Ἃχιλλέως
1292 2215 1344 2276 καί

152 2318 341 2404 Ὀδυσσέως)
375 2321 550 2404 Φιλονεικίρι
584 2322 645 2398 ούχ
679 2323 717 2390 ύς
752 2319 959 2403 χαιρέκακος,
994 2321 1082 2384 αλλὰ
1112 2320 1164 2383 διὰ
1193 2319 1228 2383 τὸ
1262 2321 1347 2399 ἔχειν

153 2429 215 2492 ύπδ
238 2431 400 2508 χρησμοῦ,
425 2426 496 2491 πύτε
521 2424 656 2506 έγγίζειν
680 2426 734 2499 την
758 2435 814 2499 τῆς
838 2427 950 2505 Τροίας
972 2422 1086 2490 ἅλωσιν
1107 2421 1158 2489 ὅτε
1181 2425 1214 2510 (l.
1237 2421 1347 2510 ὅταν)

153 2532 199 2611 ίδη
229 2533 300 2603 τοὺς
331 2538 389 2597 τῶν
416 2530 556 2612 Ἀχαιῶν
580 2531 719 2609 οὶρίτπους
744 2536 1006 2608 Φιλονεικούντας.
1033 2531 1085 2595 καί
1111 2531 1125 2595 ὅ
1149 2531 1205 2608 μέν
1230 2533 1346 2612 ’Λχιλ-

154 2641 222 2712 λεύς
248 2638 341 2718 έλεγε
366 2638 403 2703 δι’
426 2639 565 2716 οὶνδρείαν
587 2637 621 2722 (l.
638 2674 678 2686 -
692 2637 846 2720 δρείας)
873 2636 936 2722 (δον)
962 2639 1079 2701 ἁλῶναι
1100 2637 1134 2701 τὸ
1152 2639 1258 2716 Ἴλιον,
1280 2639 1294 2702 ὁ
1316 2638 1347 2703 δέ

154 2747 322 2817 Ὀδυσσεύς
349 2745 401 2810 διὰ
429 2752 575 2828 μηχανῆς
605 2745 657 2808 καί
683 2745 863 2823 φρονήσεως.
893 2743 965 2809 Non
996 2745 1080 2809 enim
1111 2745 1195 2809 dixit
1217 2743 1346 2811 'I'roiem

153 2862 264 2936 οοροοπο
288 2875 367 2930 esse,
391 2851 446 2916 sed
469 2851 534 2934 capi
552 2873 649 2934 posce.
674 2849 833 2915 Similiter
855 2851 888 2914 in
912 2848 1033 2916 scholio
1058 2870 1097 2914 ex
1121 2849 1149 2931 Q
1175 2851 1213 2916 de
1236 2851 1345 2916 eodem

153 2963 357 3046 argumento:
394 2958 408 3022 d
445 2957 655 3034 Ἀγαμέμνων
690 2955 813 3036 ἔχαιρεν
850 2957 880 3020 έν
916 2959 958 3037 τῷ
989 2958 1026 3038 νῷ
1061 2959 1185 3036 ἡσύχως
1218 2957 1346 3040 (malim

155 3063 257 3148 ἡδέως)
288 3063 416 3143 βλέπων
445 3067 500 3137 rin
523 3062 715 3144 φιλονεικίαν
739 3086 768 3126 τ.
794 3062 965 3134 Ὀδυσσέως
992 3087 1065 3127 κ.τ.
1094 3062 1270 3144 Ἀχιλλέως
1297 3063 1349 3127 διὰ

152 3173 205 3245 την
235 3177 291 3244 τῆς
325 3171 435 3250 Τροίας
471 3166 597 3236 ἅλωσιν.
629 3169 702 3233 τίτε
734 3170 798 3247 γὰρ
828 3171 968 3248 πέπρωτο
993 3171 1177 3247 κρατηθῆναι
1202 3168 1268 3253 (δον)
1292 3175 1346 3242 την

151 3278 262 3354 Τροίαν
288 3273 340 3342 ύτε
364 3278 624 3353 Φιλονεικησουσιν
645 3277 670 3340 oi
692 3273 817 3354 ἄριστοι.
845 3275 954 3360 Neque
975 3275 1067 3340 aliter
1086 3277 1121 3340 in
1143 3278 1194 3348 iis,
1216 3295 1296 3360 quae
1318 3281 1350 3340 et

151 3384 218 3469 ipse
250 3383 289 3448 de
320 3383 430 3448 eodem
454 3391 643 3471 argumento
666 3403 705 3447 er
727 3381 785 3447 Do
809 3382 849 3447 ed
873 3403 918 3448 ve.
945 3379 989 3446 80
1012 3380 1170 3466 adscripto
1193 3389 1277 3446 sunt.
1307 3417 1347 3429 —

151 3494 177 3573 ί,
191 3491 271 3556 443.
295 3489 394 3554 Arete
415 3489 455 3555 od
475 3489 622 3555 Ulixem:
645 3490 746 3560 Λύτδς
766 3493 816 3552 νῦν
836 3488 880 3553 ἴδε
902 3492 1017 3570 πῶμα,
1038 3491 1108 3558 loric
1129 3487 1154 3551 δ’
1174 3487 1224 3552 ἐπί
1236 3488 1348 3565 δεσμὸν

152 3595 242 3670 ίηλον.
293 3595 346 3660 Ad
383 3595 459 3661 bcec
495 3600 566 3681 post
595 3595 658 3660 elie
688 3595 881 3663 Scholieetes
912 3597 1018 3659 nescio
1050 3595 1141 3680 quis:
1173 3596 1208 3660 τὸ
1233 3593 1264 3658 δὲ
1287 3593 1347 3673 ἀφ’

153 3703 261 3769 ἑαυτοῦ
300 3708 423 3774 ποιησαι
459 3703 511 3766 τὸν
545 3701 700 3766 Ὀδυσσέα
736 3699 1024 3783 έξασΦαλιζύμενον
1056 3701 1205 3779 ἀπρεπές.
1237 3699 1353 3765 δοκεῖ

153 3811 228 3889 γὰρ
261 3810 306 3886 μη
340 3809 494 3873 πιστεύειν
523 3817 585 3880 τοῖς
617 3807 818 3885 συμπλέουσι.
854 3807 896 3871 διὸ
922 3817 960 3886 τῇ
986 3807 1108 3884 γυναικί
1134 3809 1177 3871 τίς
1201 3808 1269 3886 περὶ
1294 3807 1348 3880 την

152 3919 334 3998 οίσφοίλειαν
365 3924 421 3989 της
444 3920 546 3996 χηλοῦ
572 3915 741 3980 οίπέδωκεν.
786 3914 821 3980 Si
845 3913 922 3998 qnid
946 3913 1062 3979 horum
1085 3912 1233 4000 intelligo
1241 3960 1250 3991 ,
1276 3915 1349 3979 ecri-

152 4024 244 4090 bom:
271 4059 325 4072 --
349 4023 499 4100 οὶπρεπές.
532 4019 664 4086 ἐδόκει
697 4022 773 4100 γὰρ
803 4019 838 4103 (οδ
850 4021 876 4104 ν)
911 4022 956 4095 μη
989 4019 1144 4084 πιστεύειν
1176 4027 1238 4090 τοῖς
1273 4043 1348 4096 συμ-

153 4131 290 4198 πλέουσι.
321 4128 364 4195 διδ
397 4143 468 4192 κτλ.
495 4163 535 4175 -
561 4141 592 4192 λ.
629 4126 693 4192 411
726 4129 759 4192 in
792 4126 965 4213 Porphyrii
987 4127 1073 4191 λύσει
1100 4127 1143 4211 (p.
1170 4123 1246 4203 436,
1273 4123 1347 4210 dli:

154 4239 178 4302 εί
201 4241 257 4314 μέν
281 4231 330 4301 ούν
356 4236 370 4300 ί
392 4235 517 4308 ποιητίης
538 4238 644 4298 ταῦτα
664 4234 778 4312 είρηκεν
799 4234 912 4314 αύτύς,
935 4233 1021 4311 παρὰ
1042 4233 1084 4312 τῷ
1099 4243 1208 4312 ποιητῇ
1222 4232 1348 4297 ἐναντία

155 4342 217 4426 (ἂν)
242 4339 285 4414 ἦν.
314 4379 355 4391 -·
380 4368 414 4421 ν,
438 4338 523 4424 352,
547 4339 604 4405 ubi
627 4341 740 4418 οίποριά
764 4345 797 4404 ct
822 4341 908 4409 λύσις
935 4340 969 4402 in
994 4335 1110 4404 Codice
1139 4339 1348 4406 Ambrosinno

155 4445 181 4532 Q
209 4451 315 4515 neeoio
343 4447 501 4538 quomodo
524 4445 631 4516 locum
656 4451 880 4524 mutaverunt,
905 4446 952 4508 ito
976 4441 1174 4538 digerendos.
1202 4443 1348 4514 Ostendit
