3242 5140
847 287 911 356 424

274 481 418 568 protinus
440 480 668 566 desperandum
688 484 844 550 existimo.
892 483 1043 570 Soriprit,
1062 485 1095 548 ni
1116 481 1226 558 fallor,
1248 481 1463 568 Porphyrius:

275 571 301 651 οἱ
327 587 357 652 δὲ
379 584 453 674 (i'ri
478 589 524 667 oi)
544 586 650 666 άνεαοι
672 587 809 656 πνέουσιν
840 591 933 656 ἐνίοτε
959 590 1011 656 καθ
1039 591 1106 654 καθ’
1132 588 1278 662 ἑαυτούς,Ι
1300 590 1346 654 εὖ
1369 589 1464 654 κατ’

274 692 456 792 αἴολον·
495 694 570 758 καὶ
606 695 691 774 γάρ
730 697 863 774 ἡμεῖς
897 697 1010 778 dixu
1041 697 1298 774 βασιλικοῦ
1331 693 1465 774 πράτ-

185 816 187 820 ’
275 797 885 880 σομθντιπροστάγαατοο.
928 798 1468 886 Gumtritumsitapairrswpro

217 973 219 979 ,
275 907 478 985 προστάττειν
501 905 645 984 illatum,
669 931 753 974 nuno
773 911 896 978 inverso
917 911 1026 978 ordina
1045 916 1209 994 peceatum
1222 915 1288 985 est,
1304 911 1356 974 oui
1367 909 1466 974 errori

275 1033 406 1098 sequens
431 1013 674 1092 προστάγματος
699 1018 767 1081 sine
791 1017 887 1085 dubio
911 1037 1019 1082 ausum
1046 1015 1142 1082 dudit.
1191 1011 1323 1081 Caetera
1344 1015 1378 1080 iu
1398 1035 1467 1082 om·

274 1119 367 1182 nibus
391 1121 506 1184 nostris
530 1119 692 1188 codicibus
715 1122 972 1207 inquinatissima
995 1128 1027 1188 et
1048 1142 1143 1207 quam
1164 1127 1257 1186 vetus
1276 1124 1319 1188 sit
1338 1141 1468 1206 corrup·

275 1223 338 1290 tela
370 1231 400 1290 et
431 1247 526 1310 quam
558 1226 675 1292 similis
705 1231 849 1296 omnium
879 1229 1035 1310 librorum
1058 1233 1238 1294 nostrorum
1263 1229 1354 1315 origo
1375 1227 1465 1294 lucu·

274 1329 375 1398 lenter
399 1331 568 1398 declarant.

321 1569 353 1630 κ,
389 1543 441 1610 31.
490 1545 599 1612 Ulixes
634 1552 801 1632 postquam
835 1545 1087 1632 gubern-eonium
1120 1552 1229 1612 tensus
1259 1565 1374 1614 novam
1399 1546 1466 1614 dias

274 1655 441 1738 nootesque
472 1652 711 1738 pervigilasset,
742 1653 864 1718 decimo
888 1653 995 1720 disin
1019 1656 1140 1738 patriae
1162 1659 1332 1738 conspeetu
1355 1673 1467 1720 somno

275 1761 476 1844 opprimitur.
512 1763 553 1824 At
574 1762 604 1824 σά
626 1767 845 1837 κατηγορεῖται
867 1761 1089 1836 deditarum,
1113 1754 1130 1824 θ’
1136 1783 1172 1824 τι
1193 1759 1268 1838 γάρ
1291 1758 1465 1838 ἦνρθπνησε

275 1863 391 1934 νυκτθς.
417 1869 566 1941 κοιμᾶται
589 1863 639 1930 οὖν
658 1862 706 1930 ἵνα
726 1869 771 1942 μη
789 1861 840 1931 ὅτε
859 1867 907 1930 δεῖ
924 1866 993 1936 τοὺς
1013 1867 1136 1938 οθκείινς
1158 1864 1362 1930 ἀσπάσασθαι
1375 1871 1465 1932 τοῦτο

275 1981 356 2056 ποιῇ.
387 1972 451 2038 οὐδὲ
483 1973 545 2052 γάρ
577 1972 680 2038 ἐδεδίει
705 1971 795 2050 αὔριον
819 1973 899 2054 ἔχειν
924 1977 1047 2050 πνεῦμα
1072 1973 1125 2037 καὶ
1150 1975 1204 2045 τὴν
1228 1972 1365 2051 πατρίδα
1384 1974 1465 2050 ὁρῶν.

274 2077 327 2164 (Τ)
374 2079 423 2144 Ad
455 2075 501 2144 θτι
531 2081 594 2158 γάρ
618 2077 802 2144 Dindortius
827 2082 948 2163 „immo
971 2079 1023 2144 καὶ
1048 2080 1127 2159 γάρ,
1149 2081 1213 2144 nisi
1239 2078 1361 2164 aliquid
1384 2083 1467 2146 eroi-

274 2185 351 2250 dit.”
399 2185 489 2268 Quod
520 2186 661 2270 credam,
693 2186 824 2252 fortasse
852 2189 886 2251 in
910 2186 995 2252 huno
1018 2187 1149 2252 modum
1175 2185 1407 2252 reducendum:
1433 2189 1466 2254 at

274 2301 493 2372 κατηγορεῖται
523 2295 562 2364 ὡς
593 2293 747 2384 <diapasoa
779 2287 823 2358 dri
852 2295 946 2376 (μεθ’
972 2292 1119 2370 ἡμέραν
1143 2297 1360 2370 κοιμᾶται·
1384 2293 1467 2379 καὶ)

274 2401 337 2481 γάρ
362 2400 536 2482 ἦνρθπνησε
561 2401 677 2474 ννκτθς.
703 2405 908 2478 κοιμᾶται
933 2396 980 2466 οὖν
1006 2414 1078 2467 κτλ.
1221 2399 1225 2416 ’

319 2640 357 2692 κ,
394 2613 447 2680 64.
502 2615 681 2700 Exponitur
715 2611 812 2696 ἔχραε
843 2617 877 2680 iu
908 2612 953 2678 T:
985 2611 1068 2690 μετά
1101 2610 1232 2690 diuidat
1267 2613 1380 2686 irritis
1413 2613 1465 2678 καὶ

274 2729 414 2794 κακῶς.
472 2721 580 2788 Immo
612 2743 704 2790 vero:
735 2722 820 2798 μετὰ
844 2719 974 2798 βλάβης
1006 2721 1120 2792 ἐπῆλθε
1152 2720 1204 2784 καὶ
1228 2721 1466 2797 κακώσεως,

274 2827 543 2914 quemadmodum
579 2825 601 2892 S
633 2827 673 2894 ad
703 2827 728 2906 β
761 2827 822 2909 50,
856 2826 1026 2908 ἕπε’χραονε
1058 2827 1188 2901 ἐπῆλθον
1220 2826 1304 2904 μετά
1336 2825 1466 2905 βλάβης

276 2936 328 3002 καὶ
354 2935 493 3016 ἐπηρείας
523 2932 750 3014 ἐπηρεάζοντες.

318 3176 354 3226 κ,
381 3149 435 3216 70.
482 3145 611 3232 Ulixes,
642 3151 768 3212 nouato
799 3145 956 3232 quomodo
988 3146 1080 3214 Aeoli
1110 3169 1203 3234 opum
1226 3149 1467 3237 imploraverit,

274 3257 379 3324 addit:
415 3259 468 3326 ὡς·
490 3253 619 3334 ἐφάμην
655 3261 827 3331 μαλακοῖσι
861 3253 1093 3336 καθαπτθμενορ
1126 3255 1275 3320 ἐπέεσσιν.
1323 3257 1467 3326 Fuerunt

273 3368 356 3429 inter
378 3363 620 3449 grammaticos,
645 3362 700 3446 qui
723 3361 956 3438 καθαπτόμενοι
980 3363 1136 3427 inusitata
1159 3361 1390 3449 significatione
1412 3387 1468 3452 po-

272 3471 371 3536 situm
396 3467 588 3534 mutandum
612 3473 782 3533 oensereut.
832 3466 991 3540 Ζηνόδοτος
1015 3475 1222 3552 „lautumiae
1242 3470 1468 3546 άμειβόμενεο”

272 3575 401 3655 γράφει.
427 3573 478 3637 καὶ
503 3571 568 3638 ἔστι
592 3572 787 3654 χαριεστάτη
814 3574 831 3647 ἡ
854 3575 981 3654 γραφη·
1004 3576 1036 3638 οὐ
1057 3573 1254 3642 καθάπτεται
1275 3577 1336 3655 γάρ
1358 3578 1466 3658 αὐτόν,

273 3683 347 3748 aial*
379 3681 517 3745 ἱκετεύει.
565 3679 614 3746 lta
645 3680 781 3768 Didymi
812 3689 996 3766 excerptum
1026 3684 1061 3746 iu
1090 3681 1142 3764 H,
1169 3684 1202 3748 in
1233 3701 1295 3768 quo
1319 3685 1467 3769 equidem

272 3781 525 3874 comparativum
548 3789 655 3872 potius
679 3788 824 3874 probem:
849 3787 901 3850 καὶ
927 3787 992 3852 ἔστι
1016 3789 1276 3869 χαριεστέρα
1301 3793 1318 3866 ά
1342 3793 1464 3871 γραφή.

272 3896 439 3962 Praeterea
458 3895 542 3958 idem
564 3894 694 3960 fortasse
714 3895 747 3958 οὐ
761 3892 959 3958 καθάπτεται
974 3896 1037 3974 γάρ
1058 3898 1169 3960 αὐτοῦ
1190 3895 1295 3974 dedit,
1308 3901 1368 3964 etsi
1380 3899 1466 3984 quod

271 4001 424 4088 vulgatur
447 3999 618 4066 Homerico
641 4022 702 4066 usu
727 3999 989 4084 defenditpotest.
1037 4001 1243 4068 Aristarchus
1267 3995 1376 4072 autem
1401 4013 1463 4072 tra-

271 4107 371 4172 ditam
395 4109 582 4192 scripturum
603 4127 666 4171 non
685 4109 841 4182 mutavit,
866 4113 903 4172 ut
920 4127 1023 4193 usque
1041 4110 1069 4174 A
1086 4107 1464 4193 sumptuositate

270 4212 355 4298 diple
378 4217 536 4279 notavissa
560 4213 732 4278 oeuseudus
756 4219 805 4278 est
829 4215 900 4291 πρὸς
924 4216 957 4278 πθ
983 4223 1037 4288 τῆς
1061 4217 1224 4293 ὁραηνεθας
1250 4216 1330 4282 ἴδιον.
1372 4217 1463 4300 Quod

270 4321 334 4384 iam
371 4320 410 4384 ad
444 4319 468 4398 β
505 4318 564 4398 39,
597 4355 639 4368 —-
671 4320 727 4384 ubi
757 4319 947 4404 simpliciter
979 4335 1026 4388 ast
1059 4323 1174 4399 πρῶτον
1197 4319 1307 4388 ἔτειτοι
1332 4324 1463 4402 γέροντα

268 4417 499 4504 καθαπτόμενος
533 4428 727 4506 προσέειπεν,
763 4462 802 4474 -
836 4425 956 4493 iactum
987 4429 1168 4514 suspiratur
1201 4428 1396 4498 Curuuthius
1417 4433 1463 4498 sio
