3232 5136
872 307 916 390 22

299 506 458 593 θυμηθεθς,
476 507 529 574 οὐκ
554 505 674 575 ἕσυσεν.
699 507 784 590 Quid
798 506 929 576 *tandem
950 506 1043 576 vulti
1067 510 1116 576 An
1136 510 1270 616 comites
1289 501 1420 576 ἔσυσενθ
1449 511 1506 578 An

298 617 352 681 οὐκ
373 612 504 680 icccc?
527 616 729 683 Alterutrum
749 622 875 682 tantum
895 614 963 682 ficri
982 621 1094 702 potest,
1117 637 1156 682 ne
1174 636 1339 709 quaeram,
1353 619 1410 704 qui
1422 622 1506 703 quis

249 733 252 746 '
299 741 423 788 servare
447 719 503 788 aui
526 722 590 788 non
614 743 738 790 servare
760 724 859 810 possit
882 722 951 793 τοὺς
973 721 1152 799 δυνηθέντας
1167 759 1217 775 --
1230 723 1402 790 ἀποθανεῖν.
1420 722 1506 792 «Sed

167 825 175 842 '
299 830 486 895 omittamus
505 827 598 914 plura
617 850 778 915 quaerere.
802 827 932 895 Etenim
951 849 990 894 ex
1008 828 1232 898 allatiaverhis
1243 851 1337 898 nemo
1350 829 1508 917 aliquem

299 933 497 1022 probabilem
521 956 649 1002 sensnm
667 935 790 1010 eliciet,
813 935 910 1024 donec
928 936 975 1000 ita
992 938 1238 1002 constituentur:
1263 936 1316 1001 acl
1336 933 1448 1014 ὅμως
1475 939 1508 1004 ἐν

300 1049 364 1114 τοῖς
388 1043 461 1122 παρ’
482 1043 565 1119 ἡμᾶς
585 1042 676 1115 αὐτὸς
698 1042 755 1120 μὲν
776 1043 898 1116 ἐσώθη
916 1041 1010 1124 α’ρετηῑ
1031 1043 1220 1120 τενθθμενος,
1241 1045 1312 1117 τοὺς
1327 1043 1391 1132 (δὲ)
1406 1044 1507 1120 δυνη·

301 1146 406 1220 θέντας
426 1145 465 1212 θον
482 1147 560 1237 (θεοὶ
578 1147 634 1230 ri)
652 1151 697 1228 μη
717 1147 768 1214 θοοὶ
787 1150 889 1229 τύχην
905 1147 1010 1225 ἔξωθέν
1026 1173 1096 1214 τινα
1114 1153 1181 1215 καθ’
1201 1148 1390 1232 εἱμαρμένην
1412 1151 1506 1218 cirro-

299 1256 409 1326 θανεῑν.
431 1255 466 1319 lx
488 1254 520 1320 δὲ
543 1261 598 1330 τῆς
622 1260 696 1336 παρ’
717 1238 868 1330 ἑαυτοὺς
889 1255 1005 1340 αἰτίας,
1025 1257 1136 1335 καίτερ
1155 1258 1260 1324 πολλοὶ
1281 1259 1507 1340 προθυμηθείς,

299 1363 354 1428 οὐκ
391 1359 510 1428 ἔσυσεν.
557 1363 604 1428 Ac
639 1362 804 1429 sciendum
839 1367 888 1429 eet
921 1362 992 1436 τοὺς
1022 1364 1059 1430 δὲ
1090 1362 1269 1439 δυνηθέντας
1305 1385 1372 1431 asse
1402 1367 1445 1432 in
1473 1367 1510 1432 D

301 1467 410 1557 (Diod.
434 1467 537 1534 Praei.
560 1491 591 1556 p.
615 1473 716 1556 xxviij
742 1472 764 1536 i.
778 1471 833 1556 tl:
859 1468 983 1555 reliqua
1004 1476 1139 1556 uterque
1158 1467 1265 1538 Codex
1285 1491 1385 1558 aeque
1404 1493 1511 1541 men·
1609 1475 1610 1560 l

300 1573 376 1642 dosa
409 1575 525 1642 habere
556 1576 701 1652 videtur,
733 1575 789 1642 sed
818 1597 919 1653 nuno.
951 1582 989 1641 ut
1018 1597 1125 1663 spero,
1152 1585 1271 1646 sanata.
1319 1577 1360 1645 Se
1384 1581 1510 1666 ipsum

301 1684 460 1758 servarit,
491 1684 610 1768 inquit,
645 1682 783 1768 reliquos
813 1703 938 1748 servare
961 1702 1024 1749 non
1047 1685 1163 1769 potuit.
1210 1684 1357 1770 Namque
1382 1689 1510 1764 „adrui

301 1789 365 1870 γὰρ
389 1787 571 1872 σφετέςησνν
596 1789 915 1874 (θτασθαλθησον
939 1787 1108 1856 dicore?
1132 1787 1241 1856 οὗτοι
1265 1791 1307 1878 δ’)
1331 1785 1409 1865 ἦσαν
1440 1797 1511 1882 (οἱ)

301 1896 344 1967 εἰς
375 1893 426 1960 τὸν
447 1893 554 1962 Ἥλιον
577 1894 660 1974 μθνοε
685 1895 913 1974 ἀσεβήσαντες.
960 1895 1014 1963 Sic
1035 1895 1150 1963 houna
1170 1899 1205 1962 in
1228 1895 1262 1962 H
1284 1897 1511 1984 probabiliter

184 2073 185 2078 η
302 2001 421 2088 expleri
456 2007 561 2088 potest
594 2002 672 2068 duce
703 1999 866 2084 Dindorfio
896 2005 952 2089 qui
980 2001 1153 2070 Homerica
1183 2006 1298 2070 omissa
1330 2007 1365 2071 in
1388 2005 1512 2074 Praei.

301 2131 333 2196 p.
366 2126 447 2174 xxix
476 2111 542 2175 iam
573 2108 750 2196 supplevit,
780 2108 881 2174 simul
905 2100 1036 2177 monens
1058 2113 1093 2176 in
1116 2113 1324 2178 contractiore
1345 2111 1510 2183 Parisino
1609 2139 1610 2164 ν

300 2215 355 2302 (D)
386 2216 464 2282 haec
493 2214 611 2282 ultimo
641 2234 765 2302 quoque
795 2214 889 2302 plane
913 2217 1091 2284 desiderari.
1122 2215 1184 2282 Sed
1207 2217 1241 2282 in
1263 2217 1324 2284 hoc
1346 2223 1510 2288 nostrum
1609 2253 1610 2276 ν

302 2319 452 2390 Scholion
475 2309 581 2391 ialeat
603 2321 773 2409 aliquando
796 2321 1030 2401 Horatiorum:
1055 2322 1153 2408 „ohe,
1175 2323 1243 2390 iam
1267 2326 1345 2390 satis
1364 2323 1458 2391 oetl''
1609 2319 1610 2328 ’

347 2560 381 2614 α,
404 2535 459 2602 44.
483 2536 634 2601 Attamen
653 2555 693 2601 na
720 2554 805 2600 nunc
823 2534 954 2620 quidem
972 2553 1030 2601 noa
1050 2533 1189 2600 dimittit
1210 2533 1420 2623 Porphyrius.
1451 2541 1512 2607 Ad
1609 2529 1610 2592 ἒ

300 2642 525 2710 Homericum:
538 2647 722 2722 γλαυκῶπις
735 2642 844 2718 Ἀθήνη
857 2640 992 2730 longum
1004 2641 1201 2727 adscriptum
1215 2643 1308 2708 estin
1320 2641 1512 2715 Herleiano

301 2747 470 2833 Scholion,
496 2748 694 2816 adverbum
718 2748 782 2814 fere
806 2750 988 2834 conspirans
1011 2768 1084 2814 cum
1109 2751 1230 2816 maiore
1253 2755 1342 2837 parte
1367 2769 1512 2834 eorum,

302 2877 382 2943 quae
416 2855 502 2921 edita
535 2859 610 2920 sunt
643 2857 677 2920 in
709 2857 778 2920 eius
812 2853 1059 2935 Quaestionibus
1080 2853 1262 2922 Homericis
1286 2877 1312 2922 c
1338 2855 1387 2922 IX
1411 2863 1513 2944 quod

301 2968 397 3049 caput
416 2965 521 3028 totum
538 2963 689 3046 repetivit
701 2959 844 3026 Venetus
855 2959 883 3024 B
895 2961 935 3026 ad
946 2961 1042 3030 Iliad.
1057 2969 1099 3040 N,
1113 2960 1190 3028 340.
1215 2962 1336 3030 Toxlus
1347 2963 1513 3056 Porphy-

224 3105 225 3108 ¹
300 3071 410 3136 rianns
440 3070 475 3134 in
497 3065 647 3153 plurimis
671 3067 826 3154 integrior
847 3073 896 3133 est
919 3072 951 3134 et
973 3070 1124 3136 sincerior
1146 3075 1179 3135 et
1202 3067 1325 3136 Veneto
1348 3075 1381 3136 et
1408 3069 1512 3142 Har-
1609 3113 1610 3116 =

301 3173 423 3258 ieiuno,
447 3175 503 3260 qni
523 3179 630 3238 tamen
653 3173 687 3236 in
711 3171 771 3238 fine
789 3172 913 3259 plenior
932 3195 999 3241 ease
1019 3174 1158 3242 videtur.
1181 3175 1266 3243 Nam
1286 3181 1358 3264 post
1375 3176 1509 3248 verba:

302 3282 363 3361 ἀφ’
383 3276 417 3346 οὗ
435 3281 468 3345 al
490 3279 626 3345 δεκτνυαὶ
646 3283 699 3344 τοῦ
715 3284 819 3361 φοτθς
839 3280 961 3366 leidae,
981 3282 1098 3367 quibus
1116 3281 1222 3349 verbis
1234 3282 1411 3369 disputatio
1424 3307 1512 3355 con·
1609 3343 1610 3346 ,

301 3386 443 3454 cluditur
454 3392 486 3452 et
496 3389 530 3451 in
541 3385 665 3452 Veneto
679 3391 710 3452 ct
721 3389 755 3451 in
767 3387 872 3466 editis,
885 3386 1078 3455 Harleianus
1088 3388 1166 3456 haec
1179 3389 1286 3455 addit:
1300 3387 1392 3465 οὕτως
1406 3393 1511 3470 ἐβου-

301 3494 399 3574 λθμην
413 3491 468 3578 (θεν
481 3482 587 3578 addi)
603 3493 662 3566 τας
675 3493 847 3575 Ὀμημνιοὶς
860 3493 959 3571 λέξεις
973 3495 1025 3560 καὶ
1039 3495 1108 3568 τοὺς
1121 3495 1278 3574 ἐξηγητὰς
1291 3502 1486 3569 σκοπεῖσθαι
1498 3553 1509 3583 ,

301 3602 353 3669 καὶ
374 3600 444 3672 τοὺς
464 3604 569 3666 τοῦτον
589 3599 640 3663 τὸν
659 3598 766 3678 τρθτον
787 3599 1035 3680 ἐξηγησαμένους
1054 3601 1274 3682 ἀποδέχεσθαι,
1288 3622 1369 3688 quae
1381 3610 1509 3676 utrum

299 3707 473 3796 Porphyrii
495 3707 560 3772 sint
582 3725 640 3772 sno
661 3726 701 3773 an
719 3706 846 3773 lectoria
860 3707 1086 3796 ‘Porphyriano
1109 3707 1317 3786 admirantis,
1343 3713 1509 3795 equidem

300 3817 431 3882 interim
465 3815 499 3880 in
533 3812 639 3879 medio
674 3812 835 3900 relinquo,
871 3813 909 3879 de
946 3815 1122 3900 scripturae
1155 3816 1246 3882 vitiis
1281 3836 1365 3882 nunc
1400 3823 1510 3890 unice

300 3943 408 4011 agens.
431 3919 541 3988 Potior
564 3927 672 3986 eutem
696 3925 744 3986 est
766 3918 862 3987 lectio
885 3920 1033 3987 editionis
1055 3920 1294 4009 Porphyriones
1316 3923 1339 4009 ¹)
1365 3925 1401 3991 in
1426 3925 1509 3996 hia:

334 4141 361 4212 1]
386 4141 449 4192 Utor
473 4139 577 4190 odilione
600 4135 753 4200 Ζητημάτων
773 4141 914 4208 Porphyrii,
939 4159 998 4208 qnos
1020 4143 1110 4210 prodiit
1136 4144 1198 4210 apud
1219 4143 1311 4196 Aldnm
1333 4145 1459 4208 (viscus
1479 4152 1510 4204 in

298 4224 394 4275 sedibus
416 4224 473 4275 Aldi
494 4227 519 4274 et
535 4223 644 4274 Andreas
661 4223 745 4284 moeri)
763 4223 888 4283 MDXXI,
907 4225 986 4275 media
1002 4225 1143 4294 interpositu
1160 4227 1225 4277 inter
1242 4227 1336 4278 Scholia
1353 4245 1415 4294 quse
1435 4233 1506 4288 olim

297 4321 422 4375 perperam
447 4306 557 4371 Didymi,
582 4321 645 4355 nnnc
670 4305 774 4369 Vulgata
800 4305 901 4356 andiunt
923 4307 953 4357 ad
976 4307 1077 4358 Iliadem
1099 4312 1124 4359 et
1146 4310 1289 4376 Odyssean,
1311 4310 1374 4376 apud
1398 4315 1508 4372 eosdem

298 4390 362 4440 aare
380 4405 442 4440 mo
460 4387 639 4448 norrun,
656 4387 723 4438 can
739 4387 850 4439 eruens
866 4393 892 4440 a
908 4391 1070 4442 anamma
1085 4394 1111 4441 α
1128 4391 1265 4444 macac·
1281 4393 1361 4457 ignari
1375 4395 1415 4446 vu
1430 4405 1510 4453 ma
1609 4383 1610 4396 ¹

295 4471 445 4525 immemores
462 4473 574 4532 inerunt,
592 4474 621 4522 ut
639 4473 693 4538 port
710 4470 839 4538 apparebit.
