3242 5140
702 355 768 427 455

144 549 291 642 Haynins
314 553 486 638 reponebat
508 549 678 617 infelicius.
726 553 810 631 Quid
834 551 873 617 de
896 572 973 618 vocs
995 555 1074 618 item
1095 555 1335 640 perversissima

145 670 358 742 τροσαντνῑσαν
389 660 540 741 sentiret,
572 659 691 741 tacuit,
715 655 884 742 locumque
907 661 941 722 in
963 661 1195 727 insanabilibus
1217 663 1335 730 habens

145 768 320 854 „ampliare
342 763 444 833 satius
467 763 551 830 esss”
574 765 747 838 iudicarit,
775 784 892 850 „quam
912 765 1016 832 multa
1036 771 1234 856 excogitare,
1255 789 1335 854 quae

144 877 249 962 potuit
279 874 396 941 dixisse
425 867 587 956 scriptor.”
633 869 792 956 liquidem
819 891 893 936 sum
918 870 1025 937 locum
1049 893 1112 938 non
1134 879 1203 940 tam
1227 875 1336 962 despe-

143 988 249 1049 ratum
280 983 449 1048 habuerim
482 981 574 1044 ouius
600 979 757 1044 sententia
780 983 829 1043 est
853 977 945 1056 „luca
969 977 1085 1046 clarior
1093 980 1119 1056 ,”
1142 1002 1199 1048 neo
1223 982 1335 1050 dubito

143 1093 220 1176 quin
257 1087 442 1155 Heraclitus
476 1087 655 1170 scripserit:
690 1084 988 1161 ἀνομοθέτητον
1023 1087 1087 1166 γὰρ
1122 1089 1156 1152 αἱ
1191 1089 1358 1168 πολέμων·

144 1197 191 1262 ἐτ’
224 1194 394 1278 ἀμφότερα
422 1194 529 1275 torni,
563 1192 616 1257 sal
639 1193 675 1257 τὸ
699 1192 814 1266 νικηθὲν
837 1190 904 1256 οὐδέ
927 1192 1208 1272 τροσδοκῆσαν
1231 1197 1335 1277 αἰφνι-

143 1304 211 1376 δέσνρ
233 1301 389 1372 πολλάκις
414 1300 590 1380 έκρατησνν.
624 1298 694 1364 Vox
716 1299 930 1375 ἀνομοθέτητον
951 1299 1075 1366 Platoni
1094 1301 1239 1368 sublecta
1258 1303 1335 1389 quid
1365 1353 1370 1364 .

143 1415 249 1478 nostro
278 1410 350 1476 loco
378 1407 504 1491 valeat,
535 1406 661 1474 docebit
684 1405 866 1471 Athenaeus
888 1403 1043 1470 Duridem
1067 1427 1237 1493 excerpens
1260 1407 1336 1496 (ΧΠ

143 1537 170 1584 o.
203 1517 265 1595 60,
299 1537 331 1602 p.
366 1514 485 1600 ocant:
519 1514 533 1579 d
564 1520 628 1585 τοῖο
663 1510 772 1586 ἄλλοις
808 1512 961 1590 τιθέμενος
995 1513 1124 1589 locante
1162 1516 1335 1596 Δημήτριος

143 1623 342 1711 (Phalereus)
372 1622 424 1688 xci
456 1622 525 1693 τοὺςΙ
558 1619 645 1698 {tione
677 1617 801 1685 τοέττων
830 1618 1049 1698 ἀνομοθέτητον
1072 1620 1170 1702 έαντῷ
1193 1622 1245 1688 τὸν
1266 1622 1336 1702 βίον

144 1727 379 1810 κατεσκεύαζεν.
428 1726 548 1794 Eadem
580 1729 662 1793 ratio
692 1730 799 1792 nostro
829 1725 899 1792 loeo
925 1727 1057 1792 obtinet.
1105 1725 1270 1794 Bellorum
1301 1733 1334 1796 in

143 1845 312 1924 utramque
342 1841 466 1923 partem
500 1835 606 1910 vices,
637 1836 756 1920 inquit,
791 1835 888 1898 sullis
920 1833 1035 1915 lapibus
1064 1835 1225 1901 adstrictae
1246 1848 1334 1916 ονκο,

143 1953 175 2014 et
198 1949 254 2032 qui
276 1946 357 2012 victi
380 1943 509 2008 inerunt
532 1959 625 2027 saepe
644 1963 682 2005 κο
700 1948 865 2024 οαοροοίοέο
883 1941 999 2025 qas'dem
1020 1942 1196 2026 superiores
1207 1949 1335 2029 repente

143 2052 290 2120 evadunt.

189 2260 225 2330 O.
250 2261 377 2328 XXXII
400 2264 445 2350 (p.
471 2259 546 2347 65):
572 2254 673 2326 Αὖταν
697 2257 723 2324 δ’
746 2258 777 2323 έν
805 2255 1000 2340 ταρεκβοέσεν
1025 2261 1083 2325 τῶν
1108 2260 1255 2343 προτέραν
1277 2261 1334 2330 ἄλ·

142 2371 308 2452 ληγορνῶν,
339 2369 377 2436 δι’
401 2366 439 2435 ὧν
462 2369 514 2434 καὶ
537 2366 762 2448 τεχνοκατέραν
786 2365 909 2447 exam
931 2367 1109 2448 έμτεορέαν,
1134 2369 1165 2434 έν
1189 2363 1230 2442 οἷς
1255 2371 1335 2452 φησί

142 2492 211 2544 κτλ.
247 2477 390 2545 Paucula
424 2477 502 2542 haec
537 2474 650 2548 verba,
676 2475 781 2539 -de
815 2472 948 2540 Alosdis
980 2495 1085 2540 sermo
1116 2481 1164 2541 est
1196 2477 1334 2544 Martem

141 2585 371 2662 vincientibus,
400 2621 441 2633 -
467 2582 642 2648 editoribus
672 2581 828 2666 impedita
851 2583 920 2648 viss
943 2587 1033 2661 sunt,
1059 2585 1168 2669 itaque
1190 2583 1333 2649 multum

141 2711 175 2758 se
206 2693 437 2757 cruciaverunt.
486 2689 526 2755 In
554 2687 749 2774 expedienda
781 2709 815 2756 re
838 2687 1021 2774 tichonius,
1045 2687 1188 2756 Meblero
1210 2690 1334 2774 iudice,

141 2817 204 2864 non
239 2803 287 2864 est
321 2797 505 2864 audiendus.
555 2795 740 2872 Adsentior,
773 2813 848 2860 nam
880 2793 1063 2861 Sohowium
1092 2795 1186 2863 video
1215 2803 1247 2863 et
1269 2795 1333 2863 loci

141 2907 330 2972 sententiam
350 2923 515 2990 perperam
536 2902 673 2988 cepisse,
695 2905 727 2966 et
745 2901 805 2966 boo
824 2921 926 2966 errore
938 2901 1071 2967 ductum
1084 2905 1191 2987 pravis
1203 2921 1333 2968 vexasse

141 3014 339 3080 coniecturis.
386 3009 507 3078 Melius
542 3029 610 3075 rem
646 3010 748 3096 gessit
782 3010 851 3094 ipse
883 3008 1060 3088 Meblerus,
1091 3012 1147 3096 qni
1177 3013 1332 3076 sententia

141 3118 260 3186 melius
290 3123 453 3205 perspecta
484 3116 664 3203 proposuit:
696 3111 791 3180 οὖσαν
823 3115 850 3179 δ’
883 3114 915 3180 αἱ
948 3113 1160 3197 παρεκβάντος
1192 3141 1221 3181 τ.
1245 3141 1332 3196 τροτ.

141 3227 350 3310 trinsecus,
375 3223 413 3289 δι’
438 3219 476 3287 ὧν
501 3222 552 3287 καὶ
577 3219 802 3303 τεχνοκατέραν
825 3221 947 3302 ἔχουσιν
971 3223 1138 3302 leuterico.
1186 3221 1249 3289 Vel
1272 3225 1333 3288 mi·

140 3354 216 3400 nore
237 3333 404 3400 molimine
427 3336 459 3397 et
482 3329 587 3417 magis
611 3349 649 3394 ex
674 3330 811 3394 auctoris
834 3349 895 3394 usu
918 3331 1116 3415 scripserim:
1135 3325 1230 3395 atrae
1255 3329 1281 3394 δ’
1302 3331 1332 3394 έν

140 3437 335 3521 παρέκβασιν
348 3439 415 3524 (cfr.
426 3459 455 3524 p.
468 3436 524 3524 94)
538 3441 597 3501 τῶν
608 3459 695 3517 τροτ.
711 3437 917 3516 οἱλληγοροῶν,
931 3437 968 3502 δι’
982 3431 1020 3501 ὧν
1040 3435 1092 3501 καὶ
1107 3436 1331 3518 τεχνοκατέραν

141 3545 248 3630 έχουσι
270 3546 446 3625 ereptas.
483 3543 571 3624 Quae
593 3544 734 3608 itanum
756 3540 901 3608 Mehlero
920 3545 1127 3628 interpretor:
1153 3565 1249 3628 „quas
1271 3544 1332 3608 νὀνκ

141 3661 305 3740 sequuntur
335 3653 377 3716 cd
405 3651 571 3735 superiores
600 3649 761 3729 cllcpoetco
792 3655 863 3713 eunt
894 3658 1041 3734 οσννρνονο
1071 3671 1230 3726 occursum
1253 3651 1333 3714 unde
1396 3641 1401 3650 ’

142 3762 176 3847 (ο
195 3761 314 3847 quibus)
338 3764 425 3825 σέέοτν
443 3758 538 3839 νκσρίο
556 3761 778 3820 οοκοοκέσκοσνκ
791 3755 1006 3818 οοοσένονκονν
1024 3755 1332 3839 interpretationem?

144 3867 212 3955 (vol
233 3867 340 3952 potius
356 3864 631 3949 interpretationem
651 3863 762 3946 νορνέὶο
778 3861 856 3926 me
874 3866 967 3942 muqis
983 3867 1222 3942 οοννσοκίοκέονν.)
1237 3863 1289 3939 „h.
1304 3883 1331 3928 e.

142 3973 320 4060 episodium
356 3972 395 4038 de
418 3971 479 4037 Oto
503 3976 535 4037 et
558 3968 706 4055 Ephialte
728 3968 952 4056 allegoriarum
978 3967 1017 4032 de
1040 3970 1139 4033 Marte
1162 3972 1210 4034 est
1231 3967 1335 4036 veluti

143 4101 216 4169 pars
238 4100 340 4166 neque
362 4079 441 4144 bene
465 4075 615 4162 explicari
639 4080 758 4160 potest,
778 4076 840 4139 nisi
858 4073 1010 4140 adhibitis
1029 4075 1087 4157 iis,
1108 4093 1188 4160 quae
1208 4074 1247 4140 da
1266 4076 1335 4162 ipso

143 4187 247 4255 Marte
270 4191 303 4254 in
327 4184 542 4273 superioribus
563 4189 637 4247 sunt
660 4181 832 4267 exposits.’'
878 4179 966 4246 Haec
989 4178 1055 4245 ille.
1102 4182 1274 4248 Auctorem
1298 4201 1335 4249 es

142 4294 392 4386 significatione,
407 4311 503 4378 quam
524 4289 606 4366 dixi,
621 4289 801 4374 frequenter
819 4309 971 4373 usurpare
990 4287 1183 4353 vocabulum
1200 4289 1333 4367 θεαρέκν,

143 4403 180 4468 hi
215 4423 254 4468 ex
287 4401 434 4487 pluribus
467 4397 532 4463 loci
562 4395 784 4481 praestabunt:
816 4415 848 4480 p.
883 4397 911 4458 i.
945 4393 973 4458 sl
994 4415 1041 4465 τις
1064 4390 1137 4458 ἄνευ
1160 4395 1334 4478 Φνλσσέφσυ

144 4511 266 4591 loupiac
302 4507 412 4589 νομίζοι
444 4502 591 4591 (Homeri
625 4500 832 4588 narrationes)
863 4501 948 4565 acroi
979 4501 1136 4576 τσνητνκέρν
1166 4501 1334 4582 aarum
