3278 5148
862 283 927 354 330

300 494 373 544 cnm
403 469 628 566 Etymclcgiec
659 477 779 566 Magno
812 477 1028 544 scribendum:
1060 476 1111 542 rai
1144 477 1389 558 διπλασιασμῷ
1418 477 1489 554 μετ’

299 585 380 652 ἐπιτ.
418 587 504 652 Aloe.
542 583 719 662 ἀλάλημαι.
768 585 935 652 Praeterea
974 583 1171 650 admonenda
1211 603 1311 670 pauca
1347 583 1386 649 ds
1418 584 1489 648 his:

300 691 478 766 ἀλάλητθαι
503 693 663 766 ἐνεστῶτος
686 693 805 770 χρόνον.
850 691 979 756 Abeunt
1002 691 1041 756 ab
1065 690 1288 768 Ambrosiano,
1313 691 1371 755 ubi
1393 691 1492 756 rerba

299 799 345 864 aio
369 799 609 864 continuantur:
625 835 665 848 -·-
680 798 838 881 Αἰολινοθν,
862 797 898 862 ἵν’
922 793 939 878 ᾖ
963 796 998 860 τὸ
1024 795 1104 874 θέμα
1130 802 1199 861 κτλ.
1236 797 1349 883 Itaque
1373 799 1407 862 in
1427 817 1492 862 uno

300 903 335 970 H
364 910 564 991 comparent,
596 906 634 971 dc
666 926 727 992 quo
757 903 956 970 Diodorfium
988 905 1156 970 audiamus
1187 907 1234 969 ita
1264 905 1491 970 disserentem:

302 1012 421 1090 „rerba
443 1011 621 1087 ἀλάλησθαι
647 1013 809 1084 ἐνεστῶτος
832 1011 940 1091 χρόνον
963 1009 1032 1075 loco
1055 1031 1117 1076 non
1141 1031 1198 1075 suo
1219 1013 1337 1076 inserta
1356 1011 1493 1076 transfer

299 1125 371 1204 post
405 1118 568 1194 ἀλάληται
604 1119 638 1206 (l.
668 1118 742 1207 17),
776 1120 832 1184 ubi
864 1119 1016 1206 leguntur
1047 1119 1080 1181 in
1112 1117 1173 1182 H.”
1204 1117 1321 1202 (Praei.
1346 1139 1377 1203 p.
1407 1121 1489 1202 nn.)

299 1225 472 1312 Nunquam
510 1226 578 1293 vidi
611 1226 736 1292 felicius
768 1229 974 1292 commissum
1007 1226 1137 1290 vitium.
1183 1223 1290 1290 Verba
1322 1228 1429 1302 enim,
1452 1225 1493 1290 dc

299 1335 415 1420 quibus
437 1337 585 1422 egimus,
610 1354 645 1399 eo
668 1333 737 1399 loco
761 1354 828 1398 esse
852 1338 884 1397 et
908 1353 1036 1397 manere
1060 1331 1186 1414 debere',
1211 1352 1273 1417 quo
1297 1331 1330 1396 in
1351 1331 1493 1397 editione

300 1446 393 1518 sunt,
424 1461 481 1506 nec
512 1447 640 1506 auctore
671 1441 778 1506 codice
801 1439 840 1504 ad
864 1439 981 1503 ultima
1005 1439 1217 1503 adnotationis
1240 1439 1491 1522 summovenda,

299 1568 395 1614 nemo
416 1555 570 1634 punctum
596 1549 748 1633 temporis
773 1547 919 1611 dubitare
938 1550 1053 1631 potest.
1078 1545 1261 1610 Bellisaima
1280 1549 1367 1611 enim
1389 1548 1491 1625 forst,

299 1675 381 1740 quae
413 1657 457 1720 sio
488 1654 627 1740 prodiret
659 1656 830 1719 sententia:
864 1653 916 1717 καὶ
946 1652 1178 1729 διπλασιασμὸς
1210 1654 1299 1738 (uqi)
1328 1690 1382 1704 ·-
1406 1652 1491 1718 ἀλά-

299 1775 418 1839 λημαν,
452 1760 633 1838 ἀλάλησαν,
667 1758 846 1838 ἀλάλητοοι,
879 1758 1057 1833 ἀλάληοθαι
1091 1760 1251 1832 ἐνεστῶτος
1284 1758 1411 1840 χρόνονῐ
1437 1759 1492 1826 Vi-

299 1868 383 1933 tium
407 1869 440 1931 in
466 1867 572 1933 codiee
596 1874 704 1932 notam
728 1885 857 1932 eausam
883 1867 995 1940 habet,
1021 1887 1115 1951 quam
1141 1869 1206 1931 iam
1231 1869 1357 1951 saepius
1383 1869 1489 1954 tetigi.

298 1972 335 2038 In
356 1975 516 2038 communi
537 1973 709 2060 archetypo
729 1973 825 2039 verba
844 1969 942 2036 ἀλάλ.
967 1972 1062 2036 ἐνεστ.
1078 1971 1186 2051 χρόνον
1199 1975 1339 2057 primum
1359 1974 1491 2049 omissa,

176 2127 180 2133 -
216 2159 220 2170 .
298 2079 411 2144 deinde
434 2081 468 2143 in
492 2081 637 2166 margine
661 2077 786 2164 adpicta
808 2079 906 2144 fuisse
930 2078 1090 2144 videntur.
1130 2077 1216 2142 Hine
1238 2078 1374 2154 iactum,
1396 2085 1434 2143 at
1455 2081 1490 2143 in

298 2183 327 2260 Q
360 2185 480 2262 desint,
513 2187 546 2249 in
576 2184 607 2248 H
639 2185 741 2250 alieno
764 2184 833 2251 loeo
856 2185 970 2250 adsint.
1007 2184 1049 2249 Et
1071 2187 1177 2271 priora
1200 2183 1313 2251 scholii
1335 2206 1402 2250 esse
1423 2185 1491 2250 Ha-

297 2291 434 2370 rodiani,
472 2292 555 2377 qnod
586 2290 638 2356 rel
669 2313 707 2356 ex
734 2294 803 2377 ipsa
831 2311 865 2356 re
894 2295 1112 2378 cognoscitur,
1145 2297 1177 2357 ct
1205 2291 1256 2355 καὶ
1281 2292 1486 2358 inserendum

297 2399 410 2477 fuisse,
443 2403 475 2464 ct
506 2418 559 2476 ea,
592 2397 631 2464 dc
663 2417 797 2484 qnorum
830 2397 1034 2464 collocatione
1050 2401 1279 2492 ,oonooveroa
1311 2419 1378 2464 esse
1403 2400 1491 2464 vide·

297 2512 365 2589 tur,
396 2511 481 2570 recte
513 2526 549 2571 eo
581 2505 649 2571 loco
678 2506 761 2594 legi,
786 2523 848 2590 qao
872 2525 955 2571 nunc
980 2504 1394 2594 legandum-comprobabit
1417 2528 1491 2574 eon-

296 2611 414 2677 similis
444 2610 620 2678 Herodiani
649 2618 725 2678 nota
754 2612 795 2678 ad
818 2621 847 2676 Τ
874 2611 938 2678 335
963 2612 1001 2680 da
1024 2614 1121 2680 verbo
1146 2615 1345 2694 ἀνάχησθαιι
1378 2617 1491 2680 Ἀννι·
1601 2607 1602 2614 '

296 2720 471 2799 χησθαν·
492 2723 740 2800 προπερισπάται
760 2721 799 2793 ῶς
820 2721 1025 2795 λελυπῆσθαι·
1048 2722 1081 2786 οἱ
1106 2721 1145 2787 δὲ
1169 2719 1491 2802 προπαοῶξνναν

296 2827 343 2897 ῶς
368 2825 562 2890 Αἰολικὸν
585 2826 623 2890 ἐν
647 2835 917 2907 παρατατννιῇ
941 2825 1146 2912 σημασθα,
1172 2827 1238 2892 ἐπεὶ
1263 2822 1332 2892 οἶδε
1357 2827 1409 2891 καὶ
1435 2829 1490 2902 τὴν

296 2931 499 3011 ἀναχημενος
531 2932 669 3012 μετοχῶν
699 2932 858 3016 τοιαύτην,
891 2926 933 3004 οἷς
966 2932 1017 2995 καὶ
1047 2934 1170 3008 ἐπείσθη
1196 2935 1212 3008 ἦ
1238 2932 1418 3015 ταράδοσις.
1446 2973 1489 2984 -·

192 3091 197 3100 .
297 3035 441 3104 Tertium
479 3039 589 3104 ammei
624 3039 676 3104 aci
711 3039 895 3125 exemplum
930 3041 975 3104 sit
1009 3037 1120 3104 notula
1150 3039 1260 3106 critica
1291 3042 1330 3107 ad
1362 3065 1377 3120 ρ
1412 3041 1487 3106 509.

297 3142 548 3224 προσπτύξομαιε
581 3149 631 3208 νῦν
664 3145 877 3224 προσδέξομαι.
902 3145 1063 3227 γράφεται
1088 3143 1279 3225 Φθέγξοααν.
1304 3147 1406 3235 (MV),
1431 3149 1488 3214 ubi

296 3249 488 3339 legandum:
525 3253 686 3334 γράφεται
724 3253 819 3340 (καὶ)
853 3252 1133 3336 προσφθέγξομαν,
1168 3273 1302 3339 quorum
1339 3255 1399 3323 hoc
1420 3255 1488 3322 iam

297 3358 459 3444 supplevit
482 3357 712 3428 Buttmannus.

343 3596 381 3650 μ,
414 3570 491 3638 281.
524 3573 573 3640 Ad
603 3571 738 3654 νονομάτςο
762 3571 934 3646 ἀδδηκθτας
960 3572 1010 3648 »tal
1033 3571 1084 3637 νιαθ
1110 3568 1191 3652 ὕπνῳ
1215 3570 1401 3637 adnotatnrt
1429 3571 1487 3646 ἀη-

297 3676 454 3752 θντθέντας
483 3679 617 3761 κααάτςο
641 3679 693 3744 καὶ
718 3680 893 3764 ἀγρυπνίᾳ·
921 3681 985 3757 „cir
1011 3677 1055 3743 rol
1081 3679 1137 3756 μὲν
1163 3676 1297 3757 ναμάτφ
1320 3675 1487 3752 ἀδῶηνοθτττ

209 3809 220 3828 ·
298 3784 348 3860 sill
384 3787 435 3851 καὶ
473 3782 576 3867 {inoffi
610 3786 650 3870 (K
675 3783 743 3870 98).
778 3785 936 3869 ἀγρυπνία
968 3786 1040 3849 κατ’
1073 3785 1268 3864 ἀντίφρασνν.
1301 3815 1354 3834 --
1383 3783 1487 3863 ἐγάρ

297 3889 385 3965 ὕπνοι
418 3894 451 3956 οὐ
481 3891 635 3972 βλάττει.
667 3890 758 3971 (BQ).
788 3890 967 3958 Scribatur:
995 3925 1050 3941 --
1075 3890 1127 3954 καθ
1152 3889 1262 3970 ὕπνῳ.”
1288 3887 1407 3976 (ὕπνῳ
1434 3891 1487 3976 δέ)

297 3999 453 4080 clypco-clo
485 3997 559 4061 κατ’
592 3998 787 4077 ἀντίφρασιν.
824 3997 944 4064 Eadem
974 3998 1038 4063 lere
1069 3997 1225 4062 habemus
1257 3997 1296 4061 ad
1320 3997 1340 4078 ζ
1362 3995 1401 4073 2,
1425 4017 1488 4082 quo

295 4125 379 4171 nnnc
402 4125 526 4194 quoque
550 4104 755 4193 ablegamur,
779 4103 835 4168 ssd
857 4104 903 4168 ibi
928 4109 1012 4170 reeta
1034 4109 1100 4169 est:
1121 4105 1183 4180 ἤτοι
1205 4109 1432 4178 σνλληττικῶσ·
1447 4139 1489 4154 --

297 4211 314 4288 ἢ
339 4218 411 4277 κατ’
434 4211 620 4293 ἀντθφρατνν
645 4212 699 4286 την
723 4209 897 4291 ἀγρυπνίαν
921 4207 1011 4276 ὕπνον
1038 4211 1108 4292 ἔφη.

342 4451 379 4508 μ,
412 4425 489 4492 323.
520 4425 693 4493 Homerica
725 4425 861 4510 Ἠέλιος,
895 4419 925 4499 ἐς
958 4427 1051 4491 πάντ’
1083 4425 1178 4508 ἐφορᾷ
1212 4426 1263 4487 καὶ
1288 4423 1384 4490 τάντ’
1411 4427 1491 4492 ἐπα·
