3318 5138
683 300 746 392 tot

130 526 180 604 pro
206 535 266 604 quo
295 508 330 582 in
359 505 394 581 Η
424 521 457 582 et
487 515 602 584 Pieri
625 518 706 582 uitio
729 512 921 596 τυγχάνοις
942 521 1009 592 ast.
1034 537 1073 583 ex
1096 511 1308 584 recentiorum

129 627 376 712 pronunciatione
400 623 578 708 repetendo.
611 622 714 689 Iroons
739 625 843 710 igitur
865 626 910 689 sic
933 624 1105 690 scribatur:
1132 626 1197 692 ocu
1223 622 1311 692 ὕστε-

131 731 282 810 ρυνκακ1ς
306 729 360 811 ἔση
383 730 472 796 citt
505 729 671 818 (ἀφρυν,
702 731 734 794 ε1
767 729 822 815 δὴ)
848 725 985 806 ὅμοιος
1008 733 1059 813 τῷ
1084 732 1209 815 carpi
1235 740 1311 806 ταῖς

131 839 346 925 τυγχθάνεις)
370 837 422 903 και
446 845 502 913 τῆς
526 837 672 920 πατρῴας
696 840 812 918 στοράς
835 835 918 918 ἔχεις
943 861 973 904 τι
997 837 1157 919 σύμβολον
1177 853 1260 920 τιτι,
1280 846 1313 906 et

132 947 270 1012 omnibus
290 947 434 1011 numeris
456 943 621 1010 absolutus
644 943 717 1011 erit.

170 1157 208 1236 β,
235 1156 311 1224 315.
336 1157 387 1224 Ad
410 1155 594 1222 Telemachi
616 1156 727 1222 verbe:
752 1156 805 1222 καὶ
830 1156 865 1232 δή
886 1180 936 1235 μοι
961 1155 1089 1234 attam
1110 1158 1202 1225 ἔνδοθι
1218 1159 1312 1240 θυμθς

135 1267 352 1332 Ambrosianus
386 1265 413 1332 El
448 1269 481 1330 et
514 1264 680 1329 Parisinus
710 1263 739 1329 D
769 1263 883 1350 (Praei
916 1285 947 1349 p.
972 1266 1062 1351 mur)
1094 1267 1312 1354 fragmentum

135 1373 274 1456 praebent
285 1371 504 1458 amplissimae
515 1370 688 1457 Porphyrii
700 1369 924 1456 disputationis
936 1371 974 1456 (c.
990 1372 1055 1438 XV
1064 1357 1125 1438 ’τῶν
1142 1377 1315 1455 Ὁμηρικῶν

135 1478 319 1558 ζητημάτοιν.
334 1479 390 1544 cfr.
403 1478 442 1544 ad
456 1489 494 1560 A,
508 1475 576 1563 66.)
596 1477 635 1542 de
655 1478 751 1543 variis
769 1477 978 1543 substantivis
997 1479 1177 1564 verbisque,
1199 1481 1316 1566 quibus

71 1619 76 1631 ·
134 1584 284 1652 Homerus
296 1585 335 1650 sd
349 1582 570 1650 declarandam
582 1585 663 1649 iram
683 1585 854 1670 generibus
873 1586 940 1649 suis
959 1585 1144 1652 distinctam
1165 1607 1242 1652 usus
1259 1592 1317 1672 est,

135 1713 206 1778 quac
228 1693 336 1758 omnia
357 1691 573 1778 Porphyrius,
598 1696 635 1754 ut
658 1689 727 1755 eius
750 1695 798 1754 est
820 1711 908 1768 mos,
932 1691 1150 1778 philosophica
1179 1694 1317 1779 quadam

134 1800 245 1864 ratione
280 1796 464 1884 exponenda
498 1801 531 1861 et
565 1795 776 1861 connectenda
810 1796 982 1862 existimat.
1029 1797 1087 1864 uer
1117 1805 1226 1866 autem
1258 1800 1318 1866 hoc

135 1905 210 1989 quod
238 1904 310 1971 dico
341 1904 559 1990 fragmentum
592 1903 728 1987 pessime
744 1905 983 1988 compositum,
1007 1904 1084 1970 adeo
1108 1909 1144 1970 ut
1168 1926 1230 1972 non
1253 1927 1320 1972 me·

135 2011 273 2078 minerim
308 2032 362 2077 mo
393 2009 445 2075 vel
475 2011 509 2074 in
540 2007 742 2074 Scholiorum
774 2008 933 2096 ferragine
958 2010 1063 2076 multa
1087 2012 1212 2090 videre,
1238 2033 1319 2098 quac

135 2121 217 2202 peius
247 2121 365 2204 scripta
394 2123 489 2201 atque
521 2121 667 2201 excerpta
696 2117 770 2180 sint.
817 2114 974 2201 Pleraque
1005 2119 1110 2196 enim,
1134 2125 1171 2184 ut
1194 2121 1320 2206 saepius

135 2227 194 2290 iarn
224 2225 309 2302 dixi,
342 2227 489 2309 excerpta
519 2229 627 2288 nostra
655 2241 718 2287 non
748 2223 815 2287 siue
851 2241 927 2287 cura
957 2224 1094 2309 quadam
1119 2231 1194 2291 sunt
1217 2226 1320 2304 fecta,

135 2330 188 2397 hoc
214 2352 289 2398 vero
311 2333 359 2396 ita
382 2335 600 2416 comparatum
625 2333 733 2394 estut
756 2348 882 2414 perraro
906 2335 1032 2396 tantum
1057 2352 1158 2417 pauca
1181 2333 1322 2398 conferat

136 2437 171 2502 ad
191 2440 290 2524 ipsius
309 2436 482 2523 Porphyrii
500 2437 675 2502 orationem
697 2435 946 2515 emendandam,
967 2439 1076 2522 ipsum
1095 2439 1163 2506 sine
1174 2439 1323 2506 editionis

136 2543 364 2632 Porphyriones
395 2563 454 2629 ope
484 2563 576 2629 saepe
599 2561 638 2607 ue
662 2541 809 2630 intellegi
833 2542 962 2627 quidem
987 2547 1102 2630 possit,
1125 2545 1203 2612 adeo
1227 2565 1322 2634 argu·

137 2659 311 2718 mentorum
352 2653 447 2716 series
481 2654 627 2715 truncata
661 2653 709 2715 est
743 2655 839 2734 atqua
873 2651 1044 2716 oscitanter
1083 2651 1221 2718 confuso.
1273 2651 1323 2720 Ne

138 2757 319 2824 calumniari
341 2756 469 2842 mdear,
495 2756 575 2822 dabo
599 2757 792 2822 testimonia.
816 2754 885 2821 Iam
908 2758 1013 2842 prima
1031 2757 1206 2845 fragmenti
1223 2761 1324 2824 nostri

139 2865 228 2930 verba
256 2863 375 2930 habent
405 2883 486 2948 quae
516 2862 753 2948 improbentur:
785 2861 879 2938 ἀμίν
903 2863 995 2939 θυμις
1020 2863 1084 2928 cici
1106 2868 1161 2930 τοῦ
1185 2865 1283 2940 θάειν,
1309 2866 1323 2930 1

140 2969 166 3033 ii
188 2971 280 3054 χόλος
304 2969 369 3034 cirri
392 2975 462 3042 τῆς
485 2976 626 3048 χολῆς·
674 2969 737 3049 Qui
761 2968 853 3048 θυμὸς
877 2988 897 3035 a
920 2970 1015 3036 verbo
1037 2969 1146 3048 duxit,
1170 2972 1257 3038 idem
1281 2972 1326 3038 fc-

141 3080 198 3163 cit,
232 3081 360 3164 opinor,
394 3077 429 3141 in
463 3080 600 3164 cognato
633 3075 856 3142 substantivo:
890 3074 928 3141 Id
963 3077 1070 3163 ipsum
1104 3078 1201 3144 habet
1231 3085 1325 3146 vatus

143 3185 246 3252 editior
274 3185 287 3249 θ
312 3185 369 3264 μὲν
393 3185 485 3262 θυμὸς
508 3185 572 3248 ἀτι
595 3187 649 3248 τοῦ
674 3183 770 3268 θύειν,
791 3183 805 3247 θ
825 3182 856 3248 δὲ
876 3181 973 3263 χθλος
997 3183 1076 3248 ἀτά
1099 3189 1168 3250 τοῦ
1191 3190 1325 3266 χοιιάν

142 3292 476 3372 προσηγόρευται.
524 3289 708 3375 Sequuntur
735 3289 821 3375 apud
844 3290 1062 3378 Porphyrium
1087 3291 1324 3378 compluscula,

143 3418 214 3483 quoe
246 3401 436 3486 epitomator
469 3415 526 3462 suo
563 3398 632 3462 iure
666 3399 794 3480 omisit,
828 3399 876 3462 ita
906 3415 1061 3485 pergens:
1092 3399 1184 3472 θυμὸς
1215 3399 1247 3465 δὲ
1271 3399 1324 3464 και

144 3505 246 3584 γηθιιος,
278 3505 418 3585 λαβὼν
443 3541 484 3552 -
509 3501 626 3568 melius
648 3503 764 3568 editio:
796 3503 1043 3585 προσλαβὼν
1068 3543 1109 3554 -
1135 3505 1190 3578 την
1215 3505 1264 3570 ἔτι
1289 3505 1325 3570 τι

145 3611 241 3692 opacat
263 3611 356 3679 κακὸν
369 3609 598 3690 ἀγαυάκτησιν,
612 3609 748 3690 χάεσθαι
762 3609 905 3688 λέγεται,
918 3613 957 3683 ἀς
969 3611 1004 3674 τὸ
1018 3611 1078 3689 „cd
1092 3611 1117 3676 δ’
1131 3609 1221 3677 ἔνδοθι
1233 3611 1326 3690 θυμὸν

148 3717 262 3796 ἀμύξεις
288 3717 475 3800 χιιθμενος,”
501 3717 554 3802 (Α,
575 3715 654 3803 243)
679 3717 803 3794 ἤγουν
826 3717 999 3799 ἀμυχὰς
1021 3720 1206 3795 τοιθσιιτ
1230 3742 1326 3784 στα·

149 3824 285 3900 ρθσοοιν
309 3828 381 3902 την
405 3825 560 3906 ψυχήν·
580 3860 622 3872 -
644 3823 721 3890 haec
743 3828 828 3889 recte
851 3825 1047 3891 traditione
1066 3823 1190 3902 desunt,
1210 3825 1326 3891 adsunt

151 3929 178 3992 in
196 3931 307 4001 Veneto
331 3969 374 3983 -—
395 3933 446 3996 xci
474 3929 650 4013 ,,χοιθμενος
674 3930 700 3994 δ’
732 3931 745 3995 1
770 3929 865 4011 γέρων
888 3929 984 3997 σάλιν
1007 3931 1125 4014 ᾤχετο”
1149 3935 1208 4022 (Α,
1233 3931 1324 4019 380).

152 4031 304 4110 intuiti
327 4041 370 4104 τὸ
394 4041 470 4118 οὐχ
494 4037 604 4108 drabe
638 4036 847 4119 θργιζθμενος,
879 4036 968 4103 ἀλλά
1000 4037 1110 4116 μετά
1140 4039 1326 4117 ἀγανακτοί-

155 4163 215 4215 τευς
233 4148 398 4225 ἀμυντικῆς
410 4169 417 4186 ·
429 4145 472 4210 td
485 4143 537 4209 και
551 4147 729 4223 καταρᾶται
743 4143 796 4208 καὶ
818 4167 867 4208 κιο
877 4145 927 4209 τά
946 4149 1064 4210 τοῦτο
1085 4145 1250 4222 ἀμύνεται.
1275 4147 1325 4213 Ne

156 4255 258 4318 caetero
275 4263 423 4344 tangam,
442 4270 537 4318 namo
556 4249 649 4316 facile
667 4248 836 4338 intellegat
852 4271 909 4318 nec
924 4272 981 4317 cur
993 4251 1041 4318 bis
1052 4251 1139 4317 idem
1151 4252 1326 4320 dieatPor·

157 4353 284 4448 phyrius,
298 4400 339 4413 -
357 4359 440 4426 nihil
463 4360 549 4424 enim
573 4359 722 4442 interest,
744 4359 828 4424 inter·
845 4359 937 4436 θυμὸς
963 4383 993 4424 κ.
1021 4358 1117 4442 χθλος
1138 4361 1327 4442 προσλαβὼν

159 4491 201 4510 ··
227 4467 437 4546 ἀγανάκτησιν
466 4473 499 4532 ct
529 4466 616 4540 δηλοῖ
644 4465 675 4530 δὲ
706 4468 739 4530 τὸ
766 4499 818 4516 ·-
834 4501 853 4516 -
877 4468 1123 4545 ἀγανακτήσεως
1153 4469 1325 4548 ἀμυντικῆς
