3318 5138
782 340 825 412 93

200 535 277 600 Nec
311 535 391 600 mihi
427 539 498 622 quis
532 537 662 606 obiiciat
692 537 793 624 locos,
829 536 937 624 quales
969 538 1004 602 hi
1036 541 1127 604 snut:
1153 561 1183 621 ε,
1209 536 1294 602 445:
1319 531 1395 601 οὕτω

202 641 414 708 πολύλλιστον
445 650 517 709 κατ’
550 647 725 719 αἰτιατικὴν
756 645 824 710 άντ)
854 649 907 710 τοῦ
934 645 1147 722 σολνλέστως,
1173 649 1229 710 ant
1252 643 1287 728 ζ,
1312 642 1393 709 239:

202 749 304 814 κλῦτέ
334 750 441 829 ,,μεν”,
464 749 572 829 οὕτως,
600 759 656 819 aut
680 752 715 834 ζ,
742 752 826 818 241:
851 750 944 825 οὕτως
970 753 999 816 ἐν
1022 751 1169 830 μέλλοντι
1193 751 1308 832 χρόνῳ,
1332 752 1397 816 έτιε

201 854 356 942 alferus,
392 864 528 944 suntque
563 859 596 924 in
632 857 769 926 Scholiis
800 867 831 925 et
863 859 902 925 ad
933 859 1068 924 Iliadem
1101 864 1133 924 et
1159 858 1198 924 ad
1222 857 1397 945 Odysseam

203 963 388 1049 complures
427 965 664 1044 huiuscemodi,
700 987 810 1032 omnes
842 964 970 1031 solitam
1003 965 1234 1054 Didymeorum
1272 987 1397 1051 excerp·

202 1076 314 1136 torum
335 1071 524 1138 brevitatem
544 1073 731 1151 reserentes,
748 1074 803 1139 sed
830 1093 938 1139 omnes
958 1075 1005 1138 ita
1028 1075 1220 1158 comparati,
1244 1077 1280 1136 ut
1303 1076 1335 1138 et
1359 1072 1397 1138 de

201 1175 274 1242 levi
296 1180 526 1264 grammaticae
550 1185 676 1245 tantum
700 1179 883 1246 discrimine
908 1185 1083 1267 agatur-
1101 1199 1133 1244 v.
1147 1200 1173 1244 c.
1199 1179 1294 1244 κλῦτέ
1318 1203 1396 1262 μευ,

202 1305 270 1349 non
300 1307 418 1361 μοι-
443 1307 499 1350 nec
523 1287 657 1352 verbum
682 1286 840 1352 adiectum
867 1285 1013 1352 habeant.
1060 1285 1171 1370 ltaque
1195 1307 1266 1351 cum
1291 1305 1397 1373 gram

204 1391 321 1456 marici
354 1411 470 1457 nomen
500 1396 696 1477 requiratur,
732 1395 873 1478 suspicor
903 1392 1070 1458 lectionem
1102 1392 1288 1479 vulgatam,
1318 1411 1398 1477 qnae

205 1503 295 1564 certa
323 1497 510 1563 difficultate
532 1519 596 1565 nou
620 1506 722 1584 caret,
746 1521 821 1564 oum
846 1499 1046 1565 Aristarchus
1068 1502 1104 1563 io
1126 1520 1163 1565 ea
1186 1501 1396 1584 acquieverit,

206 1604 276 1669 δοιά
311 1627 366 1690 per
401 1605 493 1685 διχῶς
530 1605 706 1691 explicans,
743 1607 969 1692 Aristophanes
1004 1605 1121 1672 leniore
1157 1608 1336 1672 coniectura
1368 1606 1396 1670 si

206 1712 331 1777 mederi
360 1718 491 1777 conatus
519 1715 579 1796 sit,
604 1713 769 1779 audaciore
792 1716 968 1779 mutatione
993 1733 1059 1778 esse
1082 1718 1239 1779 tentatam
1264 1733 1282 1778 a
1304 1713 1396 1776 Ζινιο-

201 1820 285 1902 doto,
305 1824 402 1902 'atque
422 1819 499 1884 adeo
517 1841 583 1886 esse
603 1809 823 1887 scribendum:
845 1818 1074 1906 (Ζηνόδοτος
1097 1820 1150 1899 δὲ)
1170 1820 1286 1893 κῆδος
1308 1819 1395 1898 λέγει

202 1923 299 1996 οὕτως
325 1921 364 2002 ,i
383 1948 435 2003 μοι
458 1925 550 1990 κακον
575 1927 692 2003 ἔμπεσε
718 1927 834 2003 κῆδος”,
861 1933 897 1991 ut
921 1927 974 1992 hic
996 1929 1108 1992 tertiae
1131 1928 1305 2012 scripturae
1325 1947 1397 1992 auc·

202 2037 257 2096 tor
279 2031 410 2113 dicatur.
435 2031 553 2098 'lotum
577 2035 679 2120 igitur
702 2033 868 2116 Scholion,
894 2035 985 2098 cuius
1009 2037 1132 2118 partem
1156 2031 1338 2098 Dindorfius
1357 2034 1397 2098 ad

202 2137 326 2203 calcem
356 2140 491 2226 paginae
521 2138 737 2228 relegaverat,
764 2140 846 2205 hauc
869 2139 1005 2205 formam
1029 2139 1156 2204 induat:
1184 2135 1274 2214 άμοι
1303 2141 1396 2205 κακὸν

205 2243 361 2322 έμσεσενε
388 2243 632 2324 Ἀριστοφάνης,
661 2243 698 2330 ,i'
719 2270 769 2323 μοι
795 2247 880 2311 κακά
910 2245 1106 2329 ἔμτεσε(ν)”.
1141 2244 1175 2310 τὸ
1208 2246 1240 2311 δὲ
1264 2242 1303 2324 „d
1322 2245 1395 2322 μοι”

202 2352 277 2417 clari
298 2356 350 2417 τοῦ
370 2348 437 2430 „i'rr
458 2353 536 2430 μοι”.
549 2355 626 2426 τινὲς
647 2355 678 2419 δὲ
699 2354 1071 2452 άνα(γινάσ.κοιισιν)
1086 2351 1201 2432 ,,οέκῳ”.
1216 2351 1396 2438 (Ζηνόδο-

203 2483 274 2531 τος
298 2460 350 2544 δὲ)
374 2461 460 2533 κῆδος
485 2460 571 2538 λέγει
597 2459 689 2532 οὕτως
717 2457 754 2544 ,,ὃ’
774 2483 824 2538 μοι
849 2461 942 2524 κακὸν
967 2458 1084 2536 ἔμπεσε
1110 2459 1227 2534 κῆδος”.

253 2567 366 2632 Fateor
394 2567 474 2632 hanc
505 2589 611 2634 meam
644 2589 767 2653 quoque
790 2569 1023 2635 restitutionem
1048 2566 1247 2632 audaciorem
1272 2587 1338 2632 esse
1363 2572 1395 2632 et

204 2673 426 2747 incertiorem,
457 2695 532 2740 nam
563 2675 646 2740 mihi
678 2679 761 2740 certe
792 2671 918 2738 nullum
941 2675 1162 2738 testimonium
1187 2675 1221 2736 in
1245 2679 1395 2758 promptu

205 2787 274 2856 est,
310 2798 371 2864 quo
407 2782 552 2846 evincam
587 2781 755 2847 lectionem
787 2779 874 2855 κῆδος
906 2780 959 2846 hic
980 2770 1098 2845 'revera
1126 2779 1269 2844 Zenodoti
1300 2779 1397 2844 fnisse

204 2887 385 2953 lectionem.
410 2886 560 2952 Auctoris
579 2895 687 2953 autem
708 2887 872 2953 cniusdam
894 2907 1009 2952 nomen
1030 2887 1280 2972 ipsasententiae
1293 2885 1395 2952 forma

203 2994 324 3078 requiri
349 2994 549 3078 quodmodo
581 2994 739 3071 dicebam,
771 2994 830 3060 hoc
861 2997 926 3059 iam
959 2997 1006 3058 ita
1040 2993 1243 3078 comprobare
1275 2991 1395 3058 licebit.

204 3101 332 3185 Nempe
367 3107 399 3166 et
433 3101 652 3178 ἀναγινώσκειν
688 3107 720 3166 et
755 3101 855 3182 φάναι
892 3106 924 3166 st
955 3099 1058 3177 λέγειν
1096 3099 1180 3186 apud
1212 3103 1420 3185 posteriores,

206 3205 446 3274 Grammaticos
467 3207 572 3273 dicere
595 3229 666 3274 mos
690 3209 768 3284 fuit,
792 3209 849 3274 ubi
873 3208 911 3276 de
936 3211 1032 3274 variis
1064 3228 1142 3294 quas
1172 3227 1229 3274 nos
1261 3208 1398 3274 dicimus

203 3313 398 3385 lectionibus
433 3335 537 3380 sermo
573 3321 628 3380 est.
677 3315 932 3381 Usitatissimum
967 3335 1040 3381 saue
1076 3323 1123 3380 est
1157 3313 1312 3396 γράφειν,
1342 3336 1399 3381 neo

206 3421 321 3504 aliter,
346 3459 387 3470 -
412 3423 440 3485 si
476 3427 560 3486 recte
595 3422 776 3496 observari,
804 3459 845 3470 -
871 3424 1069 3488 Aristonicus
1102 3421 1205 3486 dicere
1236 3422 1332 3497 solet,
1362 3427 1399 3486 ut

206 3528 308 3592 stiam
344 3525 391 3590 M.
423 3525 621 3592 Schmidtius
655 3529 688 3591 in
719 3549 776 3592 aua
810 3527 946 3613 Didymi
977 3528 1231 3614 fragmentorum
1268 3527 1400 3614 Sylloge

209 3637 256 3720 (p.
291 3631 367 3718 14³)
400 3633 582 3716 admonuit,
615 3633 676 3698 nisi
705 3633 788 3719 qnod
819 3633 943 3699 multus
974 3639 1022 3698 est
1053 3635 1251 3699 Aristonicus
1282 3637 1316 3699 in
1339 3655 1399 3700 usu

206 3741 316 3808 verbi·
330 3747 444 3813 ποιεῖν,
470 3761 531 3804 non
554 3739 657 3806 solnm
683 3741 737 3804 ubi
762 3761 871 3806 omnes
895 3739 1046 3805 adhibent
1069 3740 1107 3806 ds
1135 3741 1240 3806 verbis
1264 3743 1297 3806 in
1319 3743 1400 3806 anti·

207 3869 273 3933 qua
296 3848 451 3932 scriptura
475 3848 667 3912 continuatis
691 3852 747 3910 ant
771 3845 957 3911 dirimendis
982 3852 1038 3911 aut
1058 3847 1286 3934 coniungendis
1306 3885 1347 3896 -
1369 3843 1399 3911 ἓν

208 3963 304 4031 τοιεῑ,
337 3952 388 4018 δύο
412 3960 493 4017 ποιεῖ
515 3956 586 4017 sim.
608 3988 652 4000 -
672 3952 726 4016 sad
750 3953 897 4038 inprimis
921 3952 958 4018 de
983 3952 1141 4019 Zenodoto
1165 3953 1315 4018 traditam
1337 3952 1400 4019 lec·

209 4063 329 4127 tionem
353 4079 410 4125 sno
434 4079 525 4143 saepe
550 4058 706 4124 arbitratu
732 4057 926 4146 refingente,
959 4059 1042 4144 quod
1073 4065 1156 4124 certe
1180 4061 1329 4125 usitatius
1353 4065 1401 4126 est

205 4173 390 4248 μεταποιεῖν
409 4166 512 4230 dicere
532 4171 565 4229 et
585 4165 824 4245 μεταγράφειν,
846 4186 903 4230 nec
923 4166 1249 4259 apud-grammaticos
1262 4171 1400 4250 tantum,

207 4293 284 4340 cum
307 4272 511 4338 notissimum
537 4274 580 4336 sit
602 4271 685 4338 illud
709 4275 774 4337 iam
798 4271 921 4338 Solonis
1020 4266 1032 4280 ”

392 4378 444 4442 καὶ
469 4379 696 4462 μεταποίησον,
723 4378 954 4463 Λιγυαστάδη,
977 4375 1033 4444 ὦδε
1057 4379 1082 4443 δ’
1107 4377 1229 4463 delle„

437 4485 666 4564 ὀγδωκονταέτη
691 4493 784 4566 μοῖρα
809 4485 891 4569 κίχοι
921 4484 1063 4552 θανάτου.
