3242 5140
879 349 944 418 386

315 541 462 626 equidem
498 560 623 626 prorsus
658 564 720 608 non
754 543 923 627 adsequor,
960 542 1038 606 adeo
1070 550 1106 607 ut
1138 543 1255 628 duplex
1286 543 1501 626 interpretatio

315 649 421 712 verbis
452 656 577 713 tentum
611 652 654 714 sit
685 650 812 734 duplex.
860 651 1027 715 Praeterea
1058 669 1138 734 quae
1166 653 1275 714 statim
1311 657 1500 733 sequuntur,

317 751 378 826 έθος
415 756 478 832 γὰρ
511 753 544 830 ἦν
577 757 681 828 αὐτοῖς
713 757 791 819 olori
816 759 902 821 θεοῦ
928 759 1292 836 προοιμιάζεσθαι,
1317 755 1407 820 aliud
1430 755 1501 838 quid

315 861 469 944 scriptum
504 861 601 926 fuisse
635 863 814 926 ostendunt.
863 862 946 942 Quid
979 864 1038 928 hoc
1071 865 1113 926 sit
1144 869 1274 947 apparet
1305 883 1344 926 ex
1376 861 1501 926 scholiis

316 967 534 1032 consimilibus
559 969 612 1032 sed
637 969 835 1034 brevioribus
859 992 897 1034 ex
920 971 948 1033 P
970 977 1002 1034 et
1024 968 1097 1048 HQ.
1124 968 1336 1048 QuorumP:
1362 971 1425 1032 clxi
1450 975 1501 1038 τῆς

315 1075 430 1150 μούσης
462 1075 727 1150 έμιτνειισθείς·
712 1101 727 1149 q
762 1076 824 1138 οθιτὸ
857 1077 973 1138 θεοῦ’
954 1075 1011 1152 αρξ
1012 1075 1134 1149 θμειιος.
1182 1073 1325 1154 Et:HQ
1352 1073 1414 1136 οὶιτο
1440 1076 1501 1136 θεοῦ

311 1185 369 1254 ’τὴν
403 1182 504 1261 οὶρχῆν
533 1189 589 1256 τῆς
614 1182 786 1260 τραγῳδίας
812 1183 1004 1256 ποιούμενος·
1030 1183 1047 1255 ἢ
1073 1182 1135 1244 aco
1159 1187 1213 1252 τῆς
1238 1182 1353 1258 μούσης
1376 1182 1501 1256 duxissa

313 1290 403 1357 σθεις.
454 1288 489 1352 ld
513 1292 619 1374 ipsum
643 1295 706 1364 est,
732 1289 815 1372 quod
839 1291 1046 1373 requirimus,
1075 1287 1138 1350 olori
1164 1291 1229 1351 θεοῦ
1254 1287 1500 1367 ἀρξάμενοι,

313 1397 421 1478 itaque
449 1395 682 1460 emendandum
706 1397 738 1457 in
763 1393 905 1458 scholion
927 1415 966 1460 ex
989 1393 1025 1468 T,
1051 1399 1177 1472 mutata
1200 1393 1295 1478 paulo
1319 1397 1500 1478 interpunc·
1588 1475 1589 1480 ἵ

315 1503 466 1564 tionet
434 1509 466 1564 et
496 1503 599 1585 priore
623 1500 703 1578 γάρ,
729 1501 851 1585 quoda
853 1507 919 1565 tere
942 1503 1068 1584 nequit
1095 1502 1127 1562 in
1151 1503 1205 1571 τὴν
1229 1497 1355 1563 refioto:
1381 1499 1415 1563 ἐκ
1439 1503 1500 1562 θεοῦ
1588 1521 1589 1592 ι

314 1607 527 1683 ε’μιτνευσθεθς,
553 1608 659 1680 dclv
684 1607 812 1683 δύναμιν
836 1607 888 1670 καὶ
913 1607 1063 1684 θρμῖμέκ
1046 1609 1150 1670 κθεοῦ
1170 1605 1330 1683 λαβών·
1314 1608 1417 1680 ndei
1438 1609 1499 1670 θεοῦ
1588 1641 1589 1654 ι

312 1713 367 1782 ‘rio
398 1714 526 1791 ἀρχὴν
552 1715 771 1787 ποιησάμενος·
798 1713 859 1782 ἔθος
882 1715 946 1791 yolo
970 1709 1003 1783 ἦν
1027 1715 1129 1782 αὐτοις
1156 1727 1228 1776 κτλ.
1274 1711 1423 1777 Scholion
1448 1733 1500 1776 au·
1588 1723 1589 1752 ι

313 1827 377 1882 tem
410 1841 449 1883 ex
480 1818 506 1883 T
538 1821 582 1883 sic
615 1823 801 1884 restitutum
834 1839 892 1883 sua
915 1822 986 1883 vioe
1010 1816 1398 1902 conferet-adnomen,
1423 1837 1501 1902 qnae
1588 1821 1589 1896 Ῑ

313 1945 351 1989 ex
382 1924 443 2004 EQ
474 1925 608 2010 prodiit,
640 1925 735 2010 paulo
759 1927 875 1989 melius
900 1946 995 2010 quam
1019 1923 1235 1989 Buttmannus
1260 1927 1377 1989 iecerat
1401 1925 1501 1988 redin-

311 2032 510 2119 ingrandam.
557 2031 681 2115 Nempe
716 2033 800 2117 quod
835 2039 905 2117 post
935 2033 1110 2112 τραγῳδίαις
1142 2035 1286 2116 sequitur
1306 2033 1497 2107 ποιούμενος·

312 2141 329 2214 ἢ
366 2139 581 2203 Buttmannus
619 2139 798 2223 supplevit,
834 2141 867 2203 in
904 2140 1086 2204 codice
1123 2160 1162 2204 an
1201 2141 1233 2201 in
1270 2137 1425 2223 utroque?
1460 2175 1497 2186 -
1588 2141 1589 2202 3

311 2247 434 2311 desunt.
489 2243 628 2328 Tempus
673 2251 728 2309 sut
729 2267 779 2309 em
815 2248 1019 2328 praeteritum
1055 2257 1087 2310 et
1122 2247 1167 2308 ibi
1171 2246 1377 2354 repositum
1413 2265 1498 2329 opor·
1588 2313 1589 2316 Ἴ

311 2354 426 2428 tuisse,
463 2389 505 2399 --
541 2350 603 2414 οὶιτὸ
638 2351 703 2414 θεοῦ
739 2353 793 2425 slav
832 2353 931 2430 ἀρχὴν
975 2319 1267 2427 neurospastos,
1306 2371 1367 2415 non
1403 2353 1497 2416 ιτοιοῦ-

310 2479 483 2541 μειορ,-·-
509 2463 703 2543 etseqnens
732 2459 928 2534 ἐμπνευσθεις
954 2459 1092 2523 ostendit
1079 2465 1147 2522 tet
1170 2457 1286 2541 quod
1277 2479 1310 2520 m
1335 2458 1362 2521 P
1386 2459 1497 2540 legitur

310 2563 480 2643 ἀρξάμενος
502 2571 534 2628 et
551 2585 634 2627 nnnc
655 2563 789 2629 lectione
809 2564 1063 2650 Hamhurgonsis
1082 2561 1266 2648 planissime
1286 2563 1495 2630 confirmatur.

311 2671 402 2751 Quod
425 2670 584 2756 praeeedit
607 2671 782 2749 τραγῳδίαι
806 2670 983 2735 cavendum
1008 2693 1046 2735 ne
1070 2679 1258 2758 tangamus.
1284 2693 1359 2736 cnm
1379 2675 1496 2757 sequio-
1588 2671 1589 2678 '

309 2799 359 2842 res
391 2799 426 2843 eo
460 2776 615 2842 vocabulo
645 2799 701 2862 pro
733 2779 879 2851 ποιήσεως
909 2781 959 2843 usi
983 2779 1152 2843 rideantur
1175 2780 1444 2864 quemadmodum
1467 2788 1495 2844 et

308 2886 462 2962 τραγῳδός
486 2893 518 2948 et
541 2885 709 2963 τραγῳδεῖν
732 2905 789 2969 pro
811 2881 936 2958 τοιρτθι
961 2895 992 2950 et
1014 2886 1107 2968 ᾄδειν.
1144 2886 1263 2950 llodem
1287 2890 1383 2951 modo
1405 2886 1495 2972 paulo

308 2997 378 3075 post
405 2991 456 3072 (ad
480 2991 494 3053 θ
520 2989 599 3075 542)
621 2989 828 3057 Homericum
853 2991 1026 3066 Δημόδοκος
1049 2993 1074 3055 δ’
1099 2993 1153 3068 ἤδη
1174 2991 1312 3071 σχεθέτω
1330 2996 1494 3072 φόρμιγγα

192 3085 195 3093 ⁴
308 3100 431 3175 λίγειαν
457 3099 516 3180 (vs.
543 3097 622 3179 537)
650 3091 832 3184 paraphrasi
857 3099 1000 3165 redditur
1021 3101 1054 3164 in
1076 3099 1159 3164 hunc
1179 3101 1329 3164 modum:
1351 3100 1493 3183 σχεθέτω,

308 3208 420 3284 φησιν,
446 3205 458 3267 ὁ
483 3227 502 3266 τ
511 3207 718 3284 uspersus
744 3205 933 3288 (bellissima
957 3213 1040 3271 certe
1065 3209 1158 3290 vox),
1180 3208 1243 3282 ἤτοι
1266 3207 1426 3281 corollis
1443 3218 1492 3280 τῆς

308 3313 561 3390 τραγῳδίας,
594 3318 625 3375 et
657 3312 695 3375 ud
727 3337 748 3387 ρ
775 3311 858 3376 267:
892 3313 916 3376 ol
949 3313 1005 3387 μέν
1027 3312 1143 3381 ἀοιδοὺς
1168 3313 1294 3390 λέγουσι
1318 3315 1388 3384 τοὺς
1412 3339 1493 3393 τρα-

306 3419 474 3498 γῳδούς·
507 3416 556 3481 διὰ
589 3428 681 3494 τιμῆς
710 3422 773 3496 γὰρ
806 3421 830 3482 οἱ
860 3421 989 3483 scenici
1021 3417 1145 3490 τούτους
1176 3416 1260 3496 loos.
1310 3420 1356 3485 De
1384 3424 1494 3507 quihus

308 3545 403 3610 supra
428 3527 471 3610 (p.
502 3523 579 3608 192)
605 3527 668 3612 egi.
715 3525 826 3609 Neque
851 3526 943 3590 aliter
966 3527 1101 3591 aliorum
1124 3536 1288 3591 anctorum
1311 3531 1493 3613 interpretes

307 3633 497 3716 loquuntur,
547 3655 579 3700 v.
620 3655 645 3697 c.
690 3669 731 3680 -
777 3654 870 3718 quem
915 3635 1010 3696 etiam
1054 3633 1234 3698 Dindorlius
1268 3638 1301 3698 in
1338 3635 1494 3700 Thesauro

307 3739 520 3824 Stephaniano
562 3747 677 3804 testem
722 3739 885 3811 adhibuit,
929 3775 966 3785 -·
1002 3737 1181 3804 Scholiasta
1216 3741 1254 3804 ad
1291 3741 1492 3808 Theocritum

307 3845 382 3922 Vll,
417 3845 477 3909 82:
515 3843 622 3908 οῦνεκθ
654 3847 680 3909 οἱ
710 3845 812 3922 γλυκὺ
846 3851 953 3907 Μοῖσα
985 3847 1069 3907 acroi
1104 3843 1261 3920 στόματος
1293 3849 1352 3927 χέε
1377 3849 1492 3926 νέκταρ.

305 3952 480 4036 Interpres:
515 3953 606 4027 ἤγουν
640 3950 713 4014 uon
748 3950 821 4030 ἕχεε
855 3951 937 4013 κατὰ
961 3956 1015 4014 τοῦ
1039 3951 1195 4024 στόματος
1221 3955 1316 4018 αὐτοῦ
1343 3958 1359 4027 ἡ
1384 3963 1494 4021 Μοῦσα

303 4059 406 4137 γλυκὺ
430 4059 545 4136 ιε’κταρ.
573 4091 625 4106 --
648 4059 687 4119 αἱ
713 4061 871 4120 Μοῦσαι
898 4058 975 4135 γὰρ
1000 4059 1126 4121 αὑτὸν
1150 4059 1261 4139 ρἰδειν
1287 4060 1492 4136 ἐποίησαν,

305 4167 322 4239 ἢ
348 4169 379 4229 αἱ
404 4171 528 4270 Μοῦσαι
550 4164 642 4229 αὐτὸν
664 4164 862 4240 γλυκύτατον
887 4165 1092 4244 τραγῳδὸν
1118 4166 1275 4238 ἐποίησαν.
1299 4169 1371 4234 Νοιι
1392 4175 1494 4257 magis

304 4285 434 4359 tangere
458 4275 559 4336 ausim
586 4272 663 4335 cini
687 4277 742 4342 τῆς
767 4275 881 4345 μούσης
908 4272 1120 4354 ε’μττνευσθεθς,
1141 4274 1224 4356 quod
1245 4275 1329 4339 etin
1349 4276 1493 4342 Palatino

304 4388 335 4442 et
369 4382 402 4441 in
436 4377 607 4442 Herleieno
640 4385 672 4442 et
703 4379 736 4440 in
769 4379 978 4442 Ambrosieno
1010 4387 1185 4463 comparet,
1212 4385 1359 4464 quamvis
1382 4403 1491 4449 verum

305 4485 377 4548 ὑπὸ
401 4487 465 4549 θεοῦ
492 4485 695 4560 ἕμπνεθμειος
717 4481 816 4568 ‘paulo
840 4503 934 4568 supra
958 4484 1143 4570 legatores
1169 4486 1198 4561 Q
1219 4487 1272 4570 (ad
1294 4510 1336 4552 vs.
1360 4489 1437 4576 491,
1457 4491 1492 4555 de
