3318 5138
820 343 883 414 144

255 560 344 602 νοισιν
380 537 546 612 ἀκουέμεν·
580 573 633 587 --
656 537 725 610 άνίκ
750 538 801 601 καί
827 538 924 608 πολύς
948 535 1066 610 ίίτνος”.
1091 539 1119 622 (ο
1142 533 1345 618 oet-394.)
1375 533 1444 600 Ad-

254 643 386 710 modum
417 646 602 715 inconcinne
625 647 837 710 connectitur:
861 646 916 717 rio
941 647 1037 709 νύκτα
1063 645 1156 725 φησὶν
1175 679 1217 690 --
1235 638 1330 718 εἶναι,
1356 643 1444 721 λέγει

253 749 300 821 δέ,
328 758 518 837 quapropter
540 751 625 816 haud
650 753 713 816 scio
738 773 776 815 an
797 758 935 838 praestet
954 773 1054 838 pauca
1075 755 1230 836 inserere,
1251 771 1331 837 quae
1350 749 1445 816 iacile

254 856 396 923 excidere
418 863 606 942 potuerunt:
631 857 753 929 είκότως
777 861 832 931 τὴν
856 857 951 923 νύκτα
976 857 1071 938 φησίν
1095 857 1124 921 έν
1149 867 1187 939 τῇ
1209 857 1311 940 Ἰύάκρ
1332 879 1445 937 μακρο-

254 960 352 1038 τάτην
388 945 510 1034 eluar.
546 964 595 1048 (ἐν
629 960 699 1048 οἷς)
732 962 838 1042 λέγει·
873 961 1010 1050 Ἰ(αἵ-δε)
1044 963 1082 1028 δέ
1114 963 1221 1037 νύκτες
1254 961 1445 1044 άόέσφατοι”

253 1087 331 1155 κτλ,
355 1075 392 1136 ut
417 1074 449 1135 et
472 1071 504 1135 δέ
528 1071 567 1135 ad
590 1069 763 1136 Homerica
785 1073 952 1158 pertineat.

300 1305 340 1358 μ,
367 1279 444 1347 307.
469 1279 518 1359 άψ
542 1282 599 1344 άτ’
623 1281 806 1355 Ἀύκναίωντ
831 1281 990 1358 Ζηνόδοτος
1021 1281 1076 1359 μέν
1104 1280 1173 1363 »ἄψ
1196 1281 1260 1346 άτό
1286 1281 1442 1355 Φωκήων”.

254 1389 321 1453 έκεί
349 1389 413 1468 γάρ
446 1385 576 1470 κατῴκει
609 1387 622 1450 ό
656 1389 821 1469 Στρόφιος,
854 1389 912 1461 είς
945 1381 982 1451 ὃν
1013 1387 1265 1466 άνετρέφετο
1295 1386 1444 1466 Ὀρέστης

255 1495 341 1559 κατὰ
364 1493 530 1571 νεωτέρους.
553 1493 689 1580 (HMQ.)
712 1493 797 1560 Mira
817 1496 900 1560 mihi
912 1497 946 1559 in
957 1495 1016 1561 hoc
1028 1495 1162 1581 Didymi
1178 1493 1306 1560 Scholio
1318 1494 1445 1559 videtur

256 1604 448 1668 constructio
483 1601 711 1680 άνατρέφεσύαι
748 1601 804 1672 είς
841 1626 949 1678 τινα,
981 1621 1038 1687 pro
1069 1621 1130 1686 quo
1161 1599 1215 1666 ET
1238 1601 1367 1667 brevius
1389 1601 1443 1666 sed

258 1707 359 1773 nihilo
371 1711 507 1774 rectius:
529 1709 554 1772 οί
574 1707 604 1772 δέ
626 1709 756 1786 νεώτεροι
779 1709 883 1788 παρά
907 1708 1078 1788 Στροφίῳ
1102 1706 1195 1772 αὐτόν
1216 1707 1443 1786 τετράφύαι

255 1816 373 1896 φασίν,
403 1834 477 1879 nam
511 1823 567 1880 aut
598 1816 684 1894 παρά
718 1814 905 1897 Στρόφιον
940 1821 996 1880 aut
1029 1813 1256 1896 τεόράφύαι
1289 1816 1444 1899 scriptum

256 1923 406 2008 oportuit.
431 1921 564 1987 Fuitnet
589 1922 631 1993 είς
665 1917 697 1984 ὃν
730 1923 1006 2004 ἀνεστρέφετο
1039 1920 1185 2001 ὀρέστκς
1214 1921 1300 1986 κατά
1323 1920 1443 2005 (τοὺς)

256 2024 434 2109 νεωτέρουςί

301 2263 336 2317 7,
362 2237 436 2306 309.
460 2240 548 2306 δαίνυ
577 2240 678 2322 τάφον
706 2235 903 2321 'appellem
922 2279 964 2288 --
981 2239 1042 2316 έύος
1067 2242 1130 2321 γάρ
1155 2237 1189 2314 ἦν
1211 2249 1273 2313 τοῖς
1298 2249 1444 2313 παλαιοῖς

255 2347 332 2418 τινὸς
363 2349 606 2421 τελευτήσαντος
638 2346 789 2428 λαμπράν
813 2372 890 2412 τινι
916 2348 1052 2430 εὐωχίαν
1076 2347 1248 2428 ἑτοιμάζειν
1268 2348 1317 2412 ἐπ’
1341 2349 1444 2427 αὐτῷ,

255 2449 326 2531 ότερ
359 2453 411 2517 καί
445 2453 546 2534 τάφος
581 2461 654 2534 παρ’
689 2456 808 2527 ἐκείνοις
841 2455 997 2530 ἐκέκλητο.
1033 2455 1085 2541 (Ε)
1117 2453 1348 2542 corrigendum
1366 2475 1445 2519 ⁸esse

256 2557 317 2630 ita
354 2585 387 2638 y.
422 2557 455 2634 rio
490 2571 550 2634 τοῖς
585 2571 732 2635 ταλαιοΐς
757 2599 799 2608 --
821 2561 971 2642 λαμπράν
996 2587 1088 2627 τινα
1114 2561 1250 2642 εὐωχίαν
1274 2559 1445 2641 ἑτοιμάζειν

255 2667 304 2730 ἐπ’
319 2669 421 2748 αύτῷ,
446 2669 505 2733 hoc
529 2669 581 2733 καί
607 2671 717 2750 τυφλῷ
743 2671 849 2744 δῆλον.
875 2675 912 2734 nt
934 2673 1035 2734 aiunt.
1062 2667 1184 2733 Verum
1205 2667 1362 2732 undenam
1378 2672 1446 2732 tam

255 2773 426 2839 ridiculum
450 2773 591 2839 vitium?
612 2776 721 2841 Potest
741 2797 780 2842 ex
800 2775 884 2863 sigla
903 2776 988 2841 male
1005 2776 1132 2860 expleta
1152 2775 1291 2850 venisse,
1305 2775 1360 2840 sed
1372 2795 1446 2840 cum

255 2881 421 2965 praecedat
451 2880 602 2960 λαμπράν
626 2885 843 2948 accusativum
873 2885 918 2946 sie
944 2881 1028 2947 male
1051 2881 1180 2947 illatum
1206 2880 1445 2968 intellegerem,

255 2987 402 3052 dativum
426 3009 487 3053 non
512 2988 673 3077 intellego.
721 2989 834 3054 Potius
857 2989 930 3053 inde
955 2991 1072 3053 vitium
1093 2993 1255 3074 repetam,
1279 2989 1446 3074 quodpos·

255 3095 351 3159 terior
373 3097 605 3181 grammaticus
627 3098 838 3180 antiquiorem
867 3098 1096 3182 (Aristonicum
1104 3091 1130 3180 i)
1155 3093 1239 3159 male
1264 3097 1446 3180 exscripsit,

255 3221 349 3286 quem
382 3191 536 3265 habemus
567 3223 606 3267 ex
635 3205 756 3288 optimo
785 3201 951 3268 Marciano
982 3202 1021 3266 ad
1056 3202 1073 3266 δ
1103 3203 1144 3279 3,
1169 3199 1321 3278 γάμους
1346 3197 1447 3279 denso

254 3310 403 3387 άλλαχοῡ
437 3309 471 3394 (i.
506 3329 533 3373 e.
561 3315 668 3375 nostro
692 3310 773 3396 loco)
799 3317 894 3390 φησιν
916 3307 1054 3387 Ὀμνιρος
1073 3310 1182 3390 τάφον
1205 3310 1273 3382 τὴν
1297 3308 1361 3372 iri
1385 3332 1447 3371 τε·

255 3414 395 3479 ύνεῶτί
427 3438 505 3478 τινι
541 3416 735 3497 εὐωχίαν,
769 3413 922 3481 οὕτωκαὶ
951 3421 1001 3479 νῦν
1024 3413 1128 3492 γάμον
1153 3416 1207 3489 τὴν
1231 3415 1281 3478 έπί
1309 3411 1446 3492 γάμου

255 3521 367 3598 δαῖτα,
400 3521 456 3586 ubi
486 3543 548 3587 uon
580 3523 714 3589 debebat
743 3521 925 3589 Dindorfius
949 3522 1112 3606 dubitare,
1137 3522 1307 3606 quominus
1330 3540 1448 3587 correc-

254 3631 375 3695 tionem
407 3650 498 3694 suam
531 3629 580 3694 έτί
613 3630 729 3712 γάμῳ
763 3633 915 3716 reciperet
945 3631 979 3693 in
1007 3633 1142 3694 textum.
1191 3626 1251 3692 Sed
1281 3630 1346 3692 iam
1377 3648 1447 3713 per·

254 3739 401 3821 spicuam
426 3741 490 3809 est,
515 3735 625 3813 credo,
650 3737 734 3802 unde
758 3743 865 3803 nostro
889 3736 958 3801 loco
982 3756 1041 3798 τινι
1064 3735 1195 3800 venerit.
1233 3733 1285 3799 Sic
1298 3718 1341 3798 ‘et
1364 3753 1447 3798 nova

253 3841 374 3907 scholia
399 3847 572 3906 nascuntur
594 3847 626 3908 et
651 3863 733 3908 nova
757 3845 847 3909 vitia.

300 4078 334 4131 γ,
360 4053 437 4122 317.
473 4054 566 4120 lubet
595 4055 712 4121 Nestor
742 4055 969 4121 Telemachum
996 4054 1179 4120 Menelaum
1202 4071 1327 4138 quoque
1349 4051 1448 4118 adira.

255 4161 498 4236 causacionem
534 4163 576 4240 τῷ
601 4171 655 4233 τῆς
681 4163 812 4232 Ἀύκνάς
837 4161 1072 4239 βουλήματι
1098 4163 1111 4223 ό
1135 4159 1261 4236 Νέστωρ
1285 4160 1356 4238 πρὸς
1380 4165 1449 4223 Με-

255 4267 360 4330 νέλαον
393 4267 486 4332 αὑτὸν
515 4267 662 4332 στέλλων.
701 4267 765 4354 (Μ)
796 4265 953 4355 Congruit
983 4267 1126 4332 Nestoris
1157 4265 1351 4340 adhortatio,
1384 4284 1448 4330 non

254 4393 329 4437 curn
363 4377 521 4440 Minervae
553 4373 736 4450 voluntate,
768 4374 823 4439 sad
855 4395 928 4438 eum
953 4377 1021 4438 eius
1044 4372 1178 4449 concilio,
1204 4371 1448 4449 συνεμτέττωκε

254 4482 296 4562 τῷ
318 4486 373 4553 τῆς
400 4479 531 4558 Ἀύηνάς
557 4479 813 4561 βουλεύματι
839 4481 852 4545 ό
878 4477 1014 4560 Νέστωρ.

1499 595 1524 658 ὁ
