3242 5140
869 351 934 418 tat

306 538 435 620 θὲλχθαι
472 541 564 606 αὐτὸν
599 539 792 623 ἐπιφέρειν
826 543 881 615 τὴν
916 541 1047 625 ῥάβδον,
1084 539 1129 607 iri
1161 545 1194 608 οὐ
1226 545 1261 608 τὸ
1285 549 1377 620 σῶμα
1401 539 1434 616 ἦν
1460 541 1490 604 ri

305 648 530 726 μεταβάλλον,
566 650 641 714 aita'
674 651 691 723 ἡ
725 652 828 728 ψυχή.
859 647 926 714 ἐπεὶ
961 688 1002 698 -
1037 652 1082 714 ita
1106 654 1207 716 totam
1242 649 1492 734 disquisitionem

305 755 465 823 concludit
489 795 531 806 -
556 755 606 820 διά
638 759 728 819 τοῦτο
759 756 792 819 οὐ
824 753 994 834 θαυμάζει,
1031 755 1075 819 ire
1107 767 1145 836 τῇ
1176 755 1280 836 ῥάβδῳ
1306 756 1492 834 nonasterii

307 863 545 942 μετεμορφώθη,
570 859 676 944 danai,
701 861 815 942 Φιιοίν,
841 862 879 934 ὥς
903 864 937 926 οὐ
963 862 1044 926 τιών.
1094 861 1299 950 Intellegitur
1322 866 1408 928 enim
1431 861 1493 927 Ho-

306 970 460 1036 mericum
485 971 543 1052 (vs.
570 965 667 1050 326):
693 967 802 1043 θιιῦμά
826 970 861 1044 μ’
886 967 952 1048 ἔχει
976 969 1014 1039 ὡς
1039 967 1314 1053 (111110111111,
1341 967 1380 1032 V.
1406 967 1440 1032 L.
1464 989 1493 1051 p.

308 1075 384 1149 108,
421 1065 500 1160 araia)
535 1073 569 1139 οὕ
603 1098 633 1137 τι
669 1076 742 1138 πιὼν
771 1073 847 1138 τάδε
878 1075 1025 1156 Φάρμοιιί
1057 1073 1216 1156 ἐθέλχθης.
1264 1073 1331 1139 Iam
1365 1074 1494 1160 planum
1588 1141 1589 1148 ,

304 1183 426 1248 factum
450 1181 602 1256 arbitror,
628 1201 690 1265 quo
713 1182 782 1245 iure
801 1202 897 1266 supra
917 1183 1130 1266 rescripserim
1152 1179 1309 1258 μαθόντων
1330 1177 1376 1244 ὅτι
1398 1181 1495 1266 (οὐχ)
1588 1179 1589 1218 l

303 1291 319 1364 ἦ
352 1287 465 1367 ῥάβδος
499 1288 516 1360 ἦ
540 1291 797 1365 μεταμορφοῦσα.
845 1287 939 1353 Nunc
969 1289 1054 1352 enim
1080 1291 1180 1354 totius
1205 1287 1377 1374 Porphyrii
1402 1309 1495 1374 argu·

303 1395 508 1461 mentaticnis
543 1398 745 1479 conspectum
782 1399 814 1458 et
846 1395 937 1479 quasi
969 1415 1130 1460 summam
1161 1381 1335 1480 proponere
1366 1397 1496 1460 remotis

304 1503 365 1568 loci
389 1502 528 1566 tenebris
551 1501 617 1564 iam
638 1498 724 1564 licet.
757 1499 827 1565 Non
852 1521 960 1565 recum
988 1508 1152 1587 pugnant,
1172 1503 1295 1585 inquit,
1317 1501 1402 1586 quod
1420 1501 1496 1566 socii
1588 1487 1589 1490 ¹

303 1610 336 1674 in
359 1629 430 1674 sues
450 1609 594 1672 conversi
612 1612 751 1672 mentem
771 1607 979 1674 immutatam
999 1609 1169 1674 retinuisse
1190 1608 1341 1672 dicuutur
1359 1613 1392 1672 et
1414 1605 1497 1690 quod

305 1723 412 1780 tamen
435 1713 522 1778 idem
545 1711 636 1778 Ulixi
655 1734 717 1778 non
737 1733 886 1779 converso
907 1714 1057 1778 accidisse
1078 1712 1169 1780 01111
1188 1716 1336 1778 miratur.
1366 1713 1495 1779 Etenim

303 1820 385 1886 illud
409 1819 448 1884 de
471 1822 565 1884 sociis
588 1840 650 1884 non
673 1819 799 1894 stricte,
825 1826 860 1884 ut
884 1823 991 1896 aiunt,
1017 1821 1070 1886 sed
1094 1819 1207 1887 latiore
1227 1841 1320 1886 sensu
1341 1823 1497 1906 accipien-

302 1927 378 1992 dum
413 1932 468 1992 est.
525 1925 740 1992 Rotinusrunt
779 1932 939 2002 mentem,
981 1928 1092 1992 verium
1128 1933 1184 1992 aut
1216 1928 1282 2002 111,
1317 1934 1354 1992 ut
1386 1927 1493 1994 adesse

303 2034 450 2120 quidem,
475 2031 528 2098 scd
553 2031 782 2098 obdormivisse
807 2037 838 2097 et
863 2032 1096 2116 quodammodo
1119 2034 1317 2119 obtorpuisse
1340 2035 1410 2101 visa
1435 2037 1494 2110 sit,

304 2147 360 2206 aut
383 2148 501 2206 utnon
520 2144 620 2205 totam
639 2145 782 2204 mentem
802 2140 978 2204 humanam
998 2139 1052 2204 sed
1070 2141 1347 2206 mansuetudinem
1368 2147 1495 2206 tantum

303 2249 510 2313 servaverint.
550 2245 616 2311 Nee
638 2247 745 2331 potuit
766 2244 872 2320 aliter,
899 2267 972 2310 eum
996 2249 1088 2333 virga
1112 2248 1496 2334 magistermemoriae,

304 2357 396 2420 cuius
425 2352 502 2418 hacc
533 2355 583 2418 vis
611 2358 673 2422 est,
709 2358 742 2414 at
773 2352 919 2434 animum,
949 2375 1008 2415 aaa
1031 2376 1135 2436 corpas
1152 2354 1270 2438 feriat,
1296 2376 1417 2434 corpore
1439 2355 1497 2416 iam

297 2461 521 2544 paparionem
544 2459 769 2543 transformato.
804 2457 875 2524 Non
900 2457 1005 2524 obstat
1027 2459 1103 2524 huic
1126 2461 1398 2545 interpretationi,
1413 2463 1496 2547 quod

301 2565 412 2643 Ulixes
435 2587 559 2650 quoque
583 2585 619 2630 ea
641 2567 732 2651 virga
757 2570 861 2630 tactus
884 2571 1040 2630 narratur.
1087 2565 1214 2632 Etenim
1238 2567 1298 2632 hoc
1318 2589 1381 2632 non
1401 2590 1439 2632 ea
1459 2569 1496 2633 de

304 2694 397 2738 eausa
431 2671 566 2747 factum,
601 2671 684 2756 quod
715 2671 801 2736 hunc
829 2674 956 2754 potione
990 2693 1021 2736 11
1046 2673 1267 2738 transformare
1290 2694 1381 2758 posse
1406 2673 1497 2740 Circe

302 2779 503 2864 desperabat,
537 2778 591 2843 sed
624 2777 707 2861 quod
731 2799 842 2862 corpus
866 2781 997 2842 iamiam
1022 2786 1186 2844 mutatum
1209 2782 1251 2844 iri
1274 2802 1404 2846 censens
1431 2785 1496 2847 ani·

300 2907 393 2950 mum
418 2905 540 2968 quoque
563 2883 694 2970 adgredi
717 2885 857 2967 parabat.
893 2883 994 2952 ¹Haec
1018 2885 1100 2950 mihi
1124 2885 1362 2971 Porphyrianae
1387 2889 1496 2973 dispu-

302 2993 431 3057 tationis
454 2992 609 3056 eententia
634 2989 771 3072 videtur,
796 2992 829 3054 in
853 3011 915 3074 qua
939 2999 971 3054 et
993 2991 1075 3055 illud
1099 3013 1155 3056 noe
1180 2993 1338 3076 advertit,
1358 2995 1444 3078 quod
1465 2997 1496 3060 in

300 3096 422 3182 duplici
454 3097 751 3162 commemoratione
782 3098 829 3161 rei
861 3096 899 3161 ad
924 3098 1232 3164 transformationem
1258 3099 1439 3178 adhibitae,
1465 3107 1496 3168 11

299 3203 437 3289 potionis
468 3209 500 3268 11
528 3205 654 3291 virgae,
692 3203 777 3264 illam
809 3203 850 3266 ad
880 3226 1001 3285 empus,
1033 3205 1108 3266 Isaac
1138 3207 1179 3266 ad
1201 3213 1322 3270 meatem
1344 3208 1497 3288 pertinere

300 3309 497 3373 existimabat.
547 3307 581 3374 Si
612 3312 646 3372 in
678 3309 795 3374 talibus
827 3327 922 3394 quam
947 3313 1183 3376 accuratissime
1207 3332 1262 3376 nos
1286 3333 1380 3399 agere
1406 3335 1492 3399 opor·

298 3421 394 3492 teret,
428 3415 565 3482 dicerem
597 3437 636 3482 ex
666 3418 707 3479 iis
740 3435 819 3499 quae
852 3439 869 3477 ιι
901 3414 1081 3480 392-394
1106 3416 1258 3503 leguntur
1284 3419 1332 3482 ita
1355 3425 1496 3486 statuere

301 3521 515 3608 Porphyrium
540 3522 650 3588 videri.
688 3523 731 3584 At
755 3527 892 3606 praestat
916 3523 948 3586 in
973 3522 1023 3586 his
1044 3542 1106 3588 non
1125 3525 1364 3590 accuratissime
1387 3547 1494 3614 agere.

345 3774 378 3823 ιι,
406 3746 482 3812 242.
531 3745 712 3814 (inmitibus
744 3749 778 3810 in
809 3767 881 3812 sues
910 3751 1068 3814 conversis
1100 3769 1173 3814 enm
1206 3752 1329 3814 vietum
1359 3755 1494 3836 proiecit

300 3856 410 3930 Circe,
446 3849 495 3918 οἷα
530 3855 601 3926 σύες
631 3853 866 3934 χαμαιευνάδες
892 3856 955 3918 αἰὲν
979 3853 1100 3919 ἔδουσιν.
1148 3853 1210 3922 His
1233 3855 1493 3939 quaestiunculae

298 3968 482 4047 excerptum
519 3960 732 4046 adscriptum:
771 3961 813 4023 Τί
856 3955 921 4033 οὖν,
958 3962 1057 4040 olari,
1095 3962 1203 4031 τίνος
1239 3963 1363 4036 αὐτῆς
1400 3963 1492 4042 χρεία

297 4069 487 4147 cartapeta
520 4069 545 4131 εἷ
577 4069 633 4141 μὲν
666 4068 728 4146 γὰρ
753 4066 913 4140 οἰκέτην
943 4065 1130 4151 iacenter,
1156 4068 1213 4132 ἔδει
1238 4067 1415 4148 φυλάττειν
1440 4073 1493 4134 οὐ·

296 4177 381 4251 roda,
417 4177 441 4238 εἰ
475 4173 505 4238 δὲ
536 4175 674 4250 άνελεῖν,
707 4171 741 4247 ἦν
773 4173 965 4236 ἀποκτεῖναι.
999 4173 1052 4260 (Τ)
1085 4172 1336 4262 Corrigendum:
1374 4175 1492 4260 (άντὶ)

295 4283 401 4352 τίνος
443 4283 546 4360 αὐτῇ
579 4281 671 4361 χρεία
705 4279 898 4357 άποθηριοῦνς
928 4281 954 4344 εἷ
992 4279 1047 4354 μὲν
1080 4282 1143 4358 γὰρ
1178 4282 1345 4344 οἰκετῶν
1383 4281 1491 4362 ἔχρῃ-

295 4385 314 4466 ζ
320 4413 377 4462 εν,
404 4385 461 4450 ἔδει
486 4385 661 4466 φυλάττειν
687 4383 814 4456 αὐτούς,
840 4387 865 4449 si
891 4385 921 4449 δὲ
950 4387 1086 4462 άνελεῖν,
1112 4381 1145 4459 ἦν
1171 4387 1366 4452 άποκτεῖνοιι.
1414 4386 1491 4452 Ras-

293 4494 462 4580 pondotur:
492 4490 559 4562 icor
586 4493 627 4555 rai
651 4492 767 4568 μυθικὰ
792 4491 1057 4573 άσιικοφάντητα,
1081 4492 1133 4556 καὶ
1156 4491 1318 4578 (1011Ἣ)
1341 4487 1387 4556 ὅτι
1408 4491 1489 4572 ἐτέο-
