3242 5140
894 363 959 431 416

335 555 444 621 lidieei
479 553 595 637 simul,
630 553 713 639 quod
744 554 826 620 male
858 555 959 632 deest,
984 555 1036 624 aiv.
1062 552 1223 639 simulque
1247 559 1305 617 τῶν
1329 555 1420 617 ὄντων
1445 553 1508 637 (τὸν

333 661 424 726 ὄντων
458 661 498 746 Q)
530 663 563 725 in
598 661 809 726 neceesarium
844 665 1054 748 eompoeitum
1087 659 1215 737 refinxi,
1250 659 1350 724 fretus
1379 661 1420 722 iie
1443 679 1510 744 quee

332 768 580 856 explicatissime
600 770 621 832 i.
641 788 670 832 e.
690 765 730 832 ed
754 792 769 832 ν
794 767 859 832 408
883 768 1053 856 leguntur:
1077 769 1223 843 είιίίσιμεν
1247 766 1277 830 δὲ
1303 767 1509 843 σημαίνειν

332 878 409 942 ἀπὸ
433 881 507 940 τῶν
532 874 788 938 ἐνοικούντων
812 874 1018 946 πολλοίκις
1043 875 1135 946 τοὺς
1160 873 1324 950 πίπους,
1348 874 1387 944 ὥς
1406 871 1431 937 οἱ
1450 875 1510 937 Ἀτ-

333 984 421 1048 τικοί·.
468 979 579 1068 Neque
609 1003 662 1046 me
695 981 830 1047 deterret
861 981 944 1068 qued
976 983 1015 1047 ed
1046 991 1067 1046 Z
1099 977 1143 1045 25
1166 975 1208 1028 4
1243 980 1435 1065 (Βουκολίων)
1458 1003 1510 1042 ποι-

332 1091 448 1168 μοιίνοιν
480 1090 505 1154 δ’
541 1089 589 1152 ἐπ’
621 1086 702 1152 ὅισσι
733 1089 814 1166 μίγη
838 1089 984 1170 φιλότητι
1008 1090 1059 1153 κοιὶ
1086 1090 1155 1170 εὐνῇ
1180 1122 1222 1135 -
1247 1085 1395 1152 Scholion
1419 1087 1511 1154 estin

333 1196 410 1262 Ven.
436 1196 465 1260 B
488 1195 585 1262 verbe
608 1195 657 1259 ἔπ’
676 1193 758 1259 ὄεσσι
782 1201 925 1280 epeetene
947 1196 1148 1262 huiusmodi:
1171 1197 1321 1267 Ἀττικῶς
1346 1193 1426 1258 riri
1448 1199 1511 1257 τῶν

333 1302 454 1368 ίντιον
489 1301 552 1366 τὸν
588 1301 712 1366 τίπον
745 1300 882 1380 δηλοῖ,
908 1305 946 1375 ὦς
970 1303 1004 1366 τί
1031 1302 1133 1381 ,δνίεις
1157 1302 1209 1366 τίν
1230 1309 1272 1379 ’γε
1295 1299 1402 1366 σύεσσι
1427 1299 1512 1379 πορνί-

226 1423 228 1426 ’
334 1409 458 1489 μενον.”
482 1409 510 1495 (ν
534 1407 625 1494 407),
650 1409 704 1473 uhi
729 1429 781 1474 me
805 1409 1064 1495 quidem'iudioe
1086 1410 1195 1474 minue
1217 1407 1354 1474 feliciter
1376 1409 1415 1473 A.
1439 1408 1513 1472 Roe

332 1538 440 1582 merue
453 1515 477 1602 ¹)
500 1510 563 1581 νίπδ
587 1523 645 1579 τῶν
665 1518 750 1579 οἰῶν
771 1517 1005 1582 reeeribendum
1028 1515 1184 1582 eeneebet.
1233 1515 1391 1600 Equidem
1415 1521 1448 1580 et
1468 1515 1514 1578 hie

333 1624 483 1690 audacter
502 1623 564 1687 oleri
582 1629 640 1687 τῶν
660 1622 830 1686 ἐνόντων
848 1618 1071 1712 eorrige'ndum
1091 1625 1250 1698 existimo,
1268 1622 1514 1687 eetiedefeneum

332 1733 538 1797 Aristonieeie
569 1729 619 1794 hie
649 1727 689 1793 ed
721 1730 856 1794 eundem
888 1751 1018 1795 veroum
1045 1733 1080 1794 in
1103 1729 1181 1795 Ven.
1205 1729 1250 1794 A:
1275 1729 1344 1793 etet
1368 1733 1425 1793 τοῦ
1439 1727 1514 1806 παρ’

334 1837 435 1922 ὄεσσι,
459 1837 511 1902 κσιί
537 1832 582 1900 ὅτι
608 1837 638 1900 ἕν
665 1839 707 1916 τῷ
731 1835 814 1917 τίπῳ
838 1842 896 1901 τῶν
920 1839 984 1902 οίῶν
1008 1835 1106 1915 λέγει.

378 2073 405 2133 ι,
431 2049 506 2113 425.
554 2048 607 2114 Ad
630 2047 753 2127 ἄρσενες
775 2049 838 2123 ὄϊες
859 2046 936 2123 ἦσαν
957 2049 1138 2130 ἐϋτρεφέος,
1161 2047 1376 2132 δοισιίμιιλλοι,
1399 2053 1517 2133 praeter

333 2156 396 2222 elie
418 2160 452 2221 in
475 2155 566 2235 ΒΗΘ
588 2155 725 2242 legitur:
750 2161 785 2222 τί
808 2158 840 2223 δὲ
864 2158 1061 2234 δασύμαλλοι
1084 2159 1191 2222 οίκεῖον
1211 2158 1346 2220 ἐπίθετον
1368 2155 1452 2220 ἀπὸ
1465 2155 1516 2217 τοῦ

334 2265 607 2343 κοιτοικριίπτεσίοιι
642 2263 700 2327 ὑπὸ
731 2273 793 2336 τοῖς
819 2266 902 2344 ἐρίοις
928 2264 997 2337 τοὺς
1023 2265 1167 2343 ἑτκίροος.
1190 2261 1391 2343 ἁρμοδίως
1418 2263 1450 2326 δὲ
1474 2259 1516 2323 οίεί

334 2373 484 2450 κίχρντιιι
509 2379 571 2440 τοῖς
596 2367 743 2442 ἐπιθέτοις
768 2374 844 2436 τοτὲ
868 2373 924 2447 μὲν
947 2378 1007 2448 (ve.
1033 2369 1113 2456 336)
1137 2371 1330 2450 κοιλλίτριχσι
1355 2367 1459 2447 λέγων
1480 2366 1518 2430 rel

333 2487 443 2557 μῆλοο
470 2479 521 2543 διὰ
544 2477 579 2542 τὸ
603 2479 725 2557 εὐεργὲς
749 2485 808 2544 τῶν
832 2479 930 2557 ἐρίων·
954 2481 1013 2542 τοῖν
1038 2480 1102 2557 γὰρ
1126 2476 1230 2544 ἄλλοιν
1254 2475 1334 2558 ζῴοιν
1357 2479 1390 2540 al
1419 2477 1517 2556 τρίχες

333 2586 494 2664 περιττοί·
527 2584 579 2648 κοιί
595 2582 680 2660 ,ἑξῆς
707 2585 767 2671 (ve.
793 2584 873 2670 464)
896 2585 1055 2650 τοονιίποδοι
1081 2586 1145 2670 [τὰ
1170 2588 1298 2666 μῆλα]
1323 2584 1374 2649 διδ
1397 2585 1435 2647 rh
1456 2581 1518 2659 περὶ

331 2695 401 2763 τοὺς
433 2691 528 2762 πίδοις
559 2691 681 2768 ίδίωμοο.
713 2690 788 2757 οὕτω
813 2693 933 2772 δένδρων
959 2693 1042 2772 δρύες
1068 2693 1228 2771 ὑψίκομοι,
1255 2690 1372 2766 μκλέοιι
1397 2687 1518 2768 ἀγλαί-

332 2820 460 2878 ιιοιρποι·
486 2833 506 2846 -
520 2833 540 2846 -
564 2797 614 2861 ἐπὶ
639 2798 671 2862 δὲ
693 2797 772 2880 ζῴων
796 2796 882 2866 ἵπποι
909 2799 1102 2878 ἀερσίποδες,
1124 2799 1235 2874 luten
1258 2799 1434 2872 τοιλνιεογοί
1453 2809 1518 2862 κτλ.

333 2906 405 2972 Non
429 2912 476 2970 eet
499 2903 627 2969 difficile
651 2905 690 2970 ed
714 2905 940 2982 divinandum,
961 2909 1090 2971 euinem
1110 2909 1232 2971 ouetori
1253 2905 1330 2970 heee
1343 2903 1520 2970 observatio

332 3017 375 3078 eit
405 3011 578 3076 tribuenda.
626 3011 737 3096 Neque
768 3015 874 3100 megie
905 3033 999 3078 eeuee
1030 3016 1063 3077 in
1094 3014 1226 3078 obeeuro
1250 3015 1354 3095 poeite
1376 3019 1446 3087 eet,
1470 3030 1520 3074 eur

333 3118 471 3183 alterum
506 3125 593 3192 μῆλιι
630 3119 874 3203 expungendum
909 3141 1066 3185 eeneenm.
1091 3118 1193 3216 'Quis
1223 3118 1331 3182 eredat
1362 3117 1521 3202 scripsisse

333 3224 506 3310 quemlibet
535 3228 713 3302 auctorem,
742 3226 860 3291 nedum
892 3227 1105 3313 Porphyrium
1138 3224 1369 3311 elegantiarum
1404 3225 1518 3290 studio

335 3334 515 3415 nselmum,
540 3333 613 3396 ποτὲ
636 3332 693 3410 μὲν
718 3333 908 3413 καλλίτριχος
935 3331 1021 3410 λέγει
1045 3333 1088 3396 τὰ
1111 3339 1200 3406 μῆλον
1226 3367 1245 3380 -
1266 3332 1319 3395 real
1341 3331 1412 3408 ἑξῆς
1430 3329 1518 3396 τοιού·

335 3439 414 3502 ποδοι
447 3439 489 3501 τὰ
521 3437 632 3517 petel
666 3437 736 3512 Hoo
765 3461 888 3526 quoque
911 3461 972 3505 non
996 3439 1211 3525 probantium,
1241 3459 1378 3502 —nem
1404 3439 1517 3503 triein

334 3551 440 3611 nostre
461 3551 537 3612 note
560 3545 779 3611 emendatione
802 3546 944 3633 indigere
966 3548 1132 3622 existimo,
1156 3581 1198 3592 -
1218 3545 1302 3628 qued
1322 3543 1519 3620 δασύμαλλοι

299 3635 304 3642 ¹
333 3661 445 3740 epium
478 3653 639 3738 epitheton
672 3653 761 3717 audit
790 3653 868 3717 ιὶπὸ
891 3658 944 3717 τοῦ
968 3651 1241 3732 κοιτσικρύπτεσίοιι
1267 3651 1326 3716 ὑπὸ
1350 3659 1416 3722 τοῖς
1442 3651 1519 3731 ἐρίοις

333 3761 401 3830 τοὺς
428 3762 585 3841 ἑταίρους,
610 3781 685 3825 nem
710 3766 794 3824 oerte
817 3781 879 3824 non
902 3762 972 3823 ίιῗνιο
996 3781 1070 3825 oree
1095 3743 1419 3836 δοισύμοιλλοιίἰὶοίκε
1440 3767 1519 3825 eunt.

333 3868 404 3934 Niei
435 3889 508 3933 eum
533 3865 704 3932 Herleieno
729 3866 892 3931 malumus
923 3869 1016 3948 πρὸς
1046 3865 1089 3931 τὸ
1121 3865 1418 3946 κιιτσικρίπτεσίσι,
1443 3865 1521 3952 qnod

333 3975 464 4040 fortusse
488 3994 526 4038 ex
551 3975 742 4058 exeerptorie
765 3976 945 4039 eonieeture
968 3980 1092 4045 ortum.
1118 3976 1247 4039 omnino
1270 3973 1517 4039 reeerihendum.

334 4082 418 4167 quod
442 4081 524 4144 mihi
548 4086 684 4164 utroque
705 4071 944 4146 convenientius
967 4081 1111 4148 videtur:
1136 4081 1172 4146 τδ
1195 4080 1392 4156 δοιούμπλλοι
1421 4081 1521 4145 οἰκεῖον

336 4252 410 4259 ...ν--

368 4357 393 4416 1)
412 4358 442 4404 Δ.
462 4357 575 4406 Roemer:
595 4357 697 4422 Anzeige
715 4370 761 4404 von
780 4355 874 4404 Scholia
892 4358 982 4406 Graece
1002 4356 1026 4404 in
1045 4357 1146 4404 Homeri
1162 4356 1230 4404 Iliad.
1246 4356 1282 4405 ed.
1297 4355 1325 4404 G.
1337 4355 1445 4406 Diudorl
1456 4361 1474 4403 t.
1485 4353 1521 4401 lll
1581 4357 1582 4440 q

335 4441 359 4486 ot
377 4437 426 4495 IV,
446 4438 481 4487 lu:
502 4439 569 4488 Neue
587 4437 738 4490 Jahrbueher
756 4437 795 4488 flu·
812 4439 899 4489 Philol.
920 4439 967 4488 und
985 4437 1085 4504 Pnedng.
1104 4437 1152 4490 ll'l
1172 4455 1193 4486 u.
1213 4437 1262 4486 118
1279 4435 1324 4486 Be.
1341 4437 1369 4486 ὃς
1385 4435 1522 4496 Hiemi,

332 4537 356 4588 p.
377 4521 515 4572 eeu-541.
1157 4525 1163 4530 '
