3242 5140
713 341 800 438 ¹scr

173 530 340 604 emendare
374 531 594 618 desperamus,
631 533 781 602 continuo
815 541 853 602 ut
882 537 1023 603 insiticia
1053 533 1246 602 eliminanda
1276 535 1363 600 sunt.

173 639 303 706 Etenim
332 627 416 705 mira
440 646 487 705 est
509 647 567 706 τῶν
588 641 775 719 Ἡρακλείων
799 649 920 719 στηλῶν
944 642 1070 732 glossa,
1094 649 1131 708 ut
1154 639 1364 728 explanantur

173 764 246 832 per:
270 747 313 819 εἷς
337 745 435 833 (quod
458 750 634 814 mutatione
654 749 831 838 reponitur)
847 751 902 824 την
923 747 1047 828 ἄβατον
1066 746 1192 836 (quidi)
1205 751 1363 814 Ὠκεανοῦ

173 851 354 932 θάλασσαν,
386 855 492 942 magis
523 856 623 930 mira,
654 875 735 941 quae
765 857 800 920 in
830 856 977 944 pauculis
1001 857 1106 924 verbis
1129 862 1197 921 tarn
1220 853 1365 922 multifa-

172 961 255 1028 riam
289 965 438 1048 corrupte
473 963 524 1026 sit.
572 960 691 1027 Deinde
720 963 853 1028 abiectis
881 963 932 1028 his
963 983 1042 1049 quae
1074 965 1259 1040 remanent,
1289 958 1364 1025 αλλ’

175 1067 247 1147 ὑπὲρ
271 1065 474 1148 Ἡρακλέους,
500 1067 616 1148 Φασὶν,
643 1067 786 1148 ἐσχάτας
812 1071 951 1154 στήλας,
971 1070 1077 1135 nescio
1096 1068 1173 1154 quid
1192 1068 1364 1154 abruptum

174 1181 304 1258 sonant,
337 1173 376 1239 ab
408 1173 568 1240 Heracliti
597 1173 792 1241 rotunditate
813 1176 970 1262 plenoque
994 1195 1047 1241 ore
1068 1175 1163 1262 plane
1185 1174 1365 1241 abhorrens.

173 1277 286 1366 Itaque
317 1282 472 1346 retineam
497 1279 615 1347 ultima
638 1287 671 1378 at
694 1287 847 1349 correcta:
874 1284 950 1349 αλλ’
976 1283 1049 1366 ὑτδρ
1073 1281 1277 1366 Ἡρακλέους,
1302 1287 1367 1364 φα-

175 1386 241 1465 σίν,
274 1385 419 1467 ἐσχάτας
449 1388 569 1462 στήλας
594 1388 647 1453 καὶ
671 1390 726 1465 την
749 1389 984 1470 αδοαβατον
1006 1389 1165 1457 Ὠκεανοῦ
1189 1387 1365 1455 θάλασσαν.

176 1491 350 1560 Columnas
379 1494 529 1561 Herculis
562 1493 787 1582 Oceanumque
817 1504 925 1563 ments
956 1499 1105 1585 coniungi
1127 1495 1181 1564 vel
1203 1517 1242 1562 ex
1265 1493 1368 1562 Hero-

175 1601 252 1667 doto
282 1605 371 1686 patet
401 1601 447 1667 sio
470 1601 626 1668 scribente
650 1601 722 1688 (IV,
748 1602 804 1686 8):
828 1603 984 1685 Ἐρύθειαν
1007 1611 1109 1680 νῆσον,
1136 1603 1192 1677 την
1215 1601 1287 1683 πρὸς
1309 1609 1367 1676 Γη-

174 1709 292 1787 tetum
328 1713 406 1772 τοῖσι
438 1705 494 1784 ἔξω
526 1709 701 1788 Ἡρακλέων
725 1709 862 1784 στηλέων
883 1710 934 1776 teri
958 1714 1000 1792 τῷ
1024 1709 1183 1790 Ὠκεανῷ.
1228 1709 1273 1775 At
1295 1711 1368 1795 quis

176 1814 261 1880 dicat
285 1815 442 1880 Ὠκεανοῦ
467 1812 636 1881 θαλασσαδ
655 1815 683 1880 ii
703 1813 835 1883 Graecis
851 1837 945 1883 nemo
964 1837 1049 1883 nunc
1069 1813 1152 1882 rnihi
1170 1817 1367 1903 inpromptu

176 1925 224 1987 est
257 1923 312 2006 qui
347 1922 394 1986 sic
426 1921 553 1987 dixerit.
601 1921 647 1988 At
677 1923 790 1990 Florus
820 1923 903 1990 dixit
932 1927 967 1989 in
997 1923 1115 1990 ultimo
1138 1925 1241 2009 operis
1264 1924 1369 2009 capite

178 2025 245 2113 (IV,
276 2025 340 2092 XII
367 2028 385 2113 ξ
419 2026 495 2114 49):
522 2028 616 2106 „hinc
638 2029 718 2117 fuga
740 2028 997 2115 (Cantabrorum)
1022 2031 1056 2094 in
1078 2031 1368 2095 eminentissimum

181 2132 332 2199 Vinnium
351 2138 513 2219 montem,
536 2155 632 2220 quem
648 2136 746 2199 mas-ia
765 2137 854 2221 prius
877 2141 988 2201 Oceani
1006 2155 1103 2222 quam
1123 2134 1369 2202 armaRomana

177 2240 366 2306 adscensura
399 2259 466 2306 esse
500 2239 725 2307 crcdiderant.'’
782 2240 875 2318 Quod
911 2241 1037 2308 tumido
1071 2239 1216 2308 Romano
1251 2241 1370 2307 rhetori

175 2345 286 2420 licuit,
316 2346 428 2432 quidni
459 2344 581 2413 Graeco
612 2365 794 2412 concessum
820 2349 948 2414 sitnon
970 2349 1077 2436 magis
1099 2365 1274 2434 pancorum
1298 2367 1369 2414 ver·

175 2453 288 2519 borum
314 2451 459 2520 homini?

221 2662 259 2729 Ο.
290 2663 368 2729 XXI
399 2666 442 2752 (p.
469 2664 544 2752 tet:
568 2669 635 2742 Tire
659 2666 826 2747 ἐπιβουλὴν
851 2666 938 2754 (Διῒ)
964 2671 1142 2736 συνιστᾶσιν
1165 2705 1186 2720 -
1206 2666 1289 2750 Ἦρα
1313 2703 1333 2720 ·
1347 2703 1367 2720 -

176 2770 194 2836 ὅ
223 2774 253 2835 τ’
286 2773 425 2852 ἀδελφὸς
457 2771 624 2859 Ποσειδῶν,
653 2771 689 2850 ἐξ
719 2772 784 2839 ἴσον
807 2774 945 2852 νεμηθεὶς
967 2771 1115 2855 ἅπαντα,
1140 2774 1193 2842 καὶ
1216 2775 1288 2858 οὐχ)
1311 2781 1367 2842 τοῦ

176 2878 358 2959 διαμαρτεῖν
388 2874 421 2953 ἦρ
453 2878 567 2960 ὤφειλε
600 2885 693 2959 τιμῆς
725 2879 867 2957 ἠξιῶσθαι
898 2883 985 2947 κατὰ
1007 2873 1061 2948 τοῦ
1085 2885 1368 2958 πλεονεκτήσαντας

177 2985 411 3066 irasceretur.
458 2985 628 3074 Apertiora
659 2993 752 3054 erunt
785 2990 1018 3076 praepositione
1049 2991 1185 3057 maaria:
1216 2990 1271 3056 καὶ
1294 2989 1366 3074 οὐχ)

176 3093 243 3181 (ἐκ)
268 3097 321 3158 τοῦ
345 3094 527 3175 διαμαρτεῖν
552 3091 585 3170 ἧς
609 3094 723 3178 ὤφειλε
747 3104 841 3172 τιμῆς
869 3093 1011 3172 ἠξιῶσθαι
1034 3097 1121 3164 κατὰ
1144 3101 1198 3164 τοῦ
1221 3111 1368 3164 πλεονεκ-

177 3203 328 3277 τήσαντας
354 3201 587 3280 decucurrerit.
612 3199 659 3267 Ut
681 3202 784 3280 euim,
811 3201 895 3287 quod
916 3221 1000 3269 nunc
1019 3223 1101 3290 pono
1119 3209 1256 3283 tantum,
1281 3209 1367 3271 recte

170 3308 303 3375 dicatur
325 3308 433 3374 τούτου
455 3309 627 3385 ἀγανακτῶ
650 3331 696 3373 σοι
718 3329 777 3394 pro
797 3309 847 3374 διὰ
871 3313 977 3388 τοῦτο,
998 3313 1247 3398 quispropterea
1256 3313 1369 3398 probet

180 3418 351 3495 ἀγανακτῶ
375 3439 419 3481 σοι
444 3420 497 3482 τοῦ
521 3417 718 3496 διαμαρτεῖν,
745 3420 783 3480 ut
805 3417 849 3481 sit
871 3420 925 3482 τοῦ
948 3416 1132 3500 διαμαρτεῖν
1155 3413 1265 3484 issac?

225 3629 341 3697 Paucis
375 3629 565 3696 interiectis:
602 3625 710 3708 νομίζοι
748 3625 776 3692 δ’
809 3625 911 3706 ἔγωγε
942 3635 998 3702 της
1031 3629 1200 3708 ἐτιβονλιῑρ
1230 3626 1287 3695 Διῒ
1314 3631 1370 3705 την

179 3738 327 3816 σωτηρίαν
359 3735 609 3817 ατρετεστέραν·
642 3735 734 3808 Θέτις
767 3735 832 3815 γὰρ
860 3735 954 3800 αὐτὸν
976 3733 1146 3814 οὶτιὶλλαξε
1168 3744 1227 3803 τῶν
1251 3737 1371 3815 δεσμῶν

180 3844 232 3910 καὶ
264 3845 421 3927 Βριάρεως.
452 3843 604 3922 transtu
634 3841 660 3908 δ’
685 3843 718 3906 αδ
744 3845 888 3907 τοιαῦται
914 3841 1055 3918 ἐλπίδες.
1078 3845 1116 3916 ὡς
1140 3845 1280 3910 τοιούτοιν
1300 3843 1369 3918 δεη-

180 3953 263 4025 θῆναι
297 3949 488 4029 συμμάχων.
535 3947 660 4014 Ultima
682 3947 738 4014 vix
758 3951 887 4036 integra
909 3968 976 4014 esse
998 3953 1140 4034 possunt.
1167 3947 1307 4029 „Nullus
1330 3950 1370 4018 de

182 4057 285 4124 ἐλπίσι
309 4062 414 4143 potest
436 4076 502 4122 asse
525 4055 648 4122 sermo¹'
669 4057 837 4120 verissime
861 4053 1042 4140 Metione,
1063 4058 1249 4144 pergitque:
1270 4057 1370 4144 „quid

181 4165 316 4230 scribere
346 4161 491 4228 debuerit
518 4183 555 4227 ac
587 4160 723 4228 voluerit
753 4159 939 4226 Heraclitus
967 4163 1002 4226 in
1032 4164 1138 4249 aprico
1165 4169 1222 4229 est.
1270 4161 1371 4231 Ouius

182 4273 336 4338 sententia
361 4291 378 4337 e
402 4268 557 4355 corruptis
580 4269 686 4335 verbis
707 4269 792 4334 hunc
812 4267 944 4335 fortasse
961 4271 996 4333 iu
1016 4269 1146 4336 modum
1166 4275 1270 4356 potest
1282 4273 1370 4338 clici:

184 4377 321 4460 α’τρετές
356 4373 384 4440 δ’
408 4375 433 4441 ri
465 4380 608 4440 τοσοῦτον
632 4373 791 4452 ἐλείπετο,
817 4377 856 4447 ὥς
880 4373 968 4440 κτὲ.”
1002 4371 1065 4442 Sed
1086 4375 1146 4442 hoc
1171 4377 1253 4443 mihi
1274 4379 1374 4446 nimis

183 4507 202 4553 a
238 4483 409 4554 literarum
444 4482 589 4570 apicibus
623 4481 766 4550 recedere
796 4479 933 4548 ridetur.
979 4481 1124 4550 Fortasse
1157 4503 1219 4551 una
1248 4489 1377 4554 tantum
