3278 5148
862 353 928 422 318
1025 355 1026 358 ’

299 571 329 613 τ.
362 549 418 613 rint
443 553 497 614 τοῦ
522 547 613 625 τορός
639 563 709 618 κτλ.
733 569 861 634 prorsus
885 569 947 614 non
972 567 1045 613 cum
1071 547 1329 614 antecedentibus
1353 566 1490 612 mnnexa

298 676 385 740 esse,
420 658 610 743 quibuscum
645 662 754 722 tamen
785 661 871 721 arcte
902 659 1064 722 cohaerere
1096 656 1218 722 debent.
1269 653 1491 721 Cohaerebunt

297 765 416 829 inserto
448 761 600 830 relativo:
632 763 645 826 ό
679 762 711 828 δέ
740 765 888 828 Ποσειδῶν
913 797 965 812 --
989 771 1101 841 στομοῑ
1130 761 1240 838 αὐτόν,
1273 761 1410 833 δηλονότι
1440 763 1490 824 τδι

298 869 432 948 σόδηρον,
471 861 535 956 (ὃν)
571 870 657 946 μετά
689 871 743 942 την
777 870 804 933 ὑ.
838 893 866 934 τ.
892 893 925 934 τ.
951 871 1146 944 κατασκευὴν
1171 905 1224 918 -·-
1249 867 1490 945 κατασβέννυσι.

299 975 353 1042 Ad
384 997 451 1040 rem
485 977 570 1061 quod
600 978 731 1052 attinet,
756 981 831 1041 sunt
855 976 932 1041 haec
955 997 992 1042 ex
1018 975 1175 1042 Heracliti
1199 977 1254 1061 qui
1277 976 1398 1040 dicitur
1420 974 1494 1038 doc·

299 1085 399 1166 trina,
431 1081 547 1148 Martis
574 1083 763 1168 Venerisque
787 1083 981 1148 adulterium
1005 1083 1324 1166 intercessionemque
1347 1080 1491 1166 Neptuni

296 1193 333 1254 ut
368 1187 509 1273 plurima
543 1187 716 1255 Homerica
750 1189 921 1275 allegorice
953 1191 1210 1274 interpretantis,
1243 1208 1300 1253 nec
1321 1193 1430 1252 tamen
1452 1187 1490 1250 ex

296 1294 487 1362 Heracliteie
524 1300 684 1381 excerpta,
723 1295 775 1361 sed
813 1298 882 1360 eius
918 1298 1106 1361 sententiam
1140 1294 1323 1380 paraphrasi
1355 1293 1493 1360 fideliter

296 1401 479 1477 reddentia,
502 1407 540 1467 ut
558 1401 760 1467 Heraclitum
781 1405 888 1488 ipsum
909 1403 1079 1468 conferenti
1099 1399 1193 1467 facile
1210 1400 1342 1486 patebit.
1367 1401 1489 1466 Ponam

296 1510 398 1593 ipsius
421 1510 532 1584 verba,
562 1507 703 1595 (Heracl.
729 1530 757 1574 c.
783 1507 890 1573 LXIX
914 1531 945 1594 p.
969 1507 1032 1575 137
1057 1507 1175 1592 Mehl.)
1201 1513 1238 1572 ut
1262 1505 1362 1572 simul
1384 1512 1492 1572 vetere

297 1614 413 1680 mendo
448 1614 600 1691 liberem,
634 1617 726 1680 cuius
759 1617 899 1692 curatio,
924 1617 952 1680 si
975 1619 1060 1681 recte
1083 1615 1193 1689 video,
1219 1612 1360 1678 Mchlero
1385 1615 1492 1678 minus

268 1748 270 1752 ’
300 1740 447 1806 prospere
470 1723 572 1787 cessit
599 1721 729 1786 δύναταί
751 1745 792 1800 γε
815 1724 875 1799 μην
899 1721 952 1786 κα)
978 1721 1044 1800 τερδ
1068 1729 1123 1795 τῆς
1144 1727 1358 1800 χαλκεντικῆς
1378 1719 1492 1800 τέχνης

298 1828 493 1906 άλληγορεῖν.
520 1829 533 1892 ό
558 1830 615 1906 μὲν
639 1829 702 1908 γάρ
725 1828 822 1910 Ἀρης
844 1827 966 1902 εἰκότως
987 1830 1025 1895 διν
1047 1826 1221 1908 ὀνομάζοιτο
1240 1826 1495 1904 σόδηρος,τοῦτιν

301 1933 331 1998 δέ
354 1935 460 2018 ρ’ριδόως
482 1933 660 2016 Ἥφαιστος
686 1936 890 2016 ἐχειρώσατο·
916 1937 951 2001 τό
976 1936 1038 2014 γάρ
1063 1939 1140 2014 πῦρ,
1165 1931 1227 2010 ἅτ’,
1248 1929 1353 2016 οἶμαι,
1375 1931 1492 2010 σιδήρου

298 2040 517 2122 κραταιοτέρας
550 2041 694 2119 δυνάμεις
720 2041 930 2126 μετειληχός,
954 2041 1085 2114 εὐκόλως
1111 2041 1148 2105 ἕν
1172 2042 1278 2121 αὐτῷ
1301 2041 1356 2113 την
1381 2041 1493 2104 ἐκείνου

298 2147 486 2229 στερρότητα
519 2147 649 2224 όηλώνει,
685 2149 784 2214 δεῖδὲ
810 2152 851 2230 τῷ
876 2151 1005 2231 τεχνότη
1029 2151 1100 2230 τρδς
1125 2147 1159 2212 τό
1185 2145 1494 2226 κατασκευαζόμενον

299 2255 351 2321 καὶ
374 2256 558 2336 Ἀφροδίτης
664 2255 814 2322 Ποσειδῶν
846 2258 872 2323 δ’
906 2258 989 2321 ἐστὶν
1014 2259 1027 2323 ό
1052 2257 1192 2337 ῥυόμενος
1218 2258 1291 2335 παρ’
1314 2255 1492 2334 Ἡφαόστου

298 2361 350 2428 τόν
376 2365 472 2441 Ἀρη,
502 2365 631 2436 τιόανώς
664 2378 736 2429 κτλ.
765 2363 834 2429 Ιοιιι
867 2363 945 2430 olim
971 2365 1034 2429 viri
1058 2363 1142 2429 docti
1164 2365 1199 2427 in
1222 2361 1328 2428 verbis
1351 2362 1381 2424 έν
1403 2361 1490 2439 ἀὐτῷ

298 2470 486 2544 haeserunt,
523 2469 714 2556 adnotatque
748 2469 930 2536 Mehlerus:
966 2469 1140 2553 „vocabula
1171 2470 1201 2533 ἐν
1226 2468 1310 2546 αὐτῷ
1335 2471 1392 2533 aut
1416 2487 1490 2532 cum

297 2574 427 2662 Heynio
462 2581 537 2640 sunt
570 2575 718 2654 delenda,
756 2581 812 2642 aut
846 2576 1048 2642 scribendum
1084 2581 1132 2641 est
1168 2576 1196 2640 έν
1233 2573 1349 2653 αὑτῷ.”
1398 2573 1491 2640 Nihil

297 2682 437 2767 profecto
466 2681 592 2748 facilius
625 2703 721 2768 quam
754 2682 889 2748 molesta
920 2679 1040 2760 delere,
1066 2683 1120 2748 sed
1145 2687 1177 2748 et
1199 2701 1369 2756 numerus,
1397 2683 1489 2745 cuius

191 2817 192 2821 ¹
297 2788 404 2854 rhetor
434 2795 481 2854 est
509 2788 779 2866 studiosissimus,
805 2809 841 2854 ea
864 2789 1121 2876 addita'dagitat
1145 2794 1177 2854 et
1200 2787 1290 2853 nulla
1312 2789 1491 2875 excogitari

226 2969 232 2979 Ι
296 2913 392 2960 ceusu
422 2899 543 2979 potest,
573 2917 630 2960 cur
653 2898 847 2973 extrinsecus
871 2898 1083 2961 accessissent.
1132 2893 1266 2962 Mehleri
1291 2901 1399 2960 autam
1425 2914 1494 2959 cor·

295 3000 466 3068 rectionem
492 3022 544 3066 me
568 3023 630 3068 non
654 3023 763 3088 capere
787 3001 918 3068 candide
943 3001 1053 3066 fatcor.
1088 3000 1171 3081 Quid
1197 3001 1257 3065 sibi
1282 2999 1354 3064 vult
1374 3003 1409 3065 τδ
1430 3005 1494 3078 aaa

297 3105 428 3178 εὐκόλως
460 3107 490 3170 έν
522 3109 604 3187 αὐτῷ
635 3110 688 3179 την
719 3108 837 3187 σιδάρου
869 3105 1057 3184 στερρότητα
1085 3103 1225 3180 όηλώνειό
1251 3097 1349 3171 lilstue
1371 3107 1492 3180 ferrura

296 3217 330 3277 in
365 3236 396 3278 ιο
430 3214 617 3279 coniectum?
649 3214 746 3280 Estne
778 3220 840 3278 suia
871 3214 1009 3279 uiribus?
1040 3214 1135 3279 Prius
1159 3214 1326 3297 insanum,
1351 3211 1490 3278 alterum

297 3317 418 3386 Graece
446 3322 492 3386 ita
525 3320 587 3386 dici
617 3324 738 3407 nequit.
782 3320 1051 3408 Legendumest:
1078 3319 1113 3384 τδ
1136 3321 1198 3400 γάρ
1223 3325 1298 3400 πῦρ,
1325 3317 1379 3385 ἅτ’
1403 3315 1492 3395 οἴμαι

296 3424 413 3506 σιδάρου
448 3429 667 3508 κραταιοτέρας
699 3427 843 3504 δυνάμεις
879 3425 1088 3510 μετειληχός,
1120 3427 1251 3496 εὐκόλως
1284 3426 1329 3490 δι’
1358 3427 1492 3490 αὐτῶν

299 3531 333 3620 (i.
363 3552 390 3598 e.
420 3532 471 3597 διά
502 3534 615 3600 τούτων
646 3541 705 3600 τῶν
736 3533 956 3614 κραταιοτέραν
989 3533 1157 3618 δυνάμεων)
1184 3535 1238 3607 την
1263 3533 1374 3598 ἐκείνου
1399 3556 1491 3612 στερ-

296 3641 411 3722 ρότητα
445 3639 581 3718 δηλώνει,
619 3641 891 3726 quemadmodum
923 3642 1035 3708 statim
1070 3641 1152 3706 infrs
1187 3641 1309 3707 dietum
1346 3645 1408 3705 est:
1438 3639 1490 3706 διά

296 3746 387 3828 τνρδς
412 3745 566 3824 μαλάξας
592 3749 643 3812 τόν
669 3748 793 3830 σόδηρον.
951 3762 954 3769 “

342 3960 376 4043 ό,
401 3956 477 4024 271.
704 3963 817 4041 ”Αφαρ
841 3959 873 4024 δέ
897 3959 922 4023 cl
948 3955 1116 4044 (Vulcano)
1141 3954 1280 4036 άρριελος
1305 3953 1393 4032 ἦλόεν

545 4067 670 4141 Ἥλιος,
695 4063 713 4130 ό
734 4067 792 4148 σφ’
817 4066 919 4142 ε’νόησε
942 4061 1170 4142 μιγαζομένους
1194 4063 1354 4145 φιλότητι.

296 4169 382 4237 Ηίιιο
406 4191 586 4238 monemur:
612 4173 806 4238 narianensis
829 4175 870 4254 τῷ
900 4171 982 4250 όντι,
1007 4167 1052 4236 ότι
1079 4170 1138 4236 κάν
1162 4172 1233 4244 τοὺς
1257 4169 1373 4246 άλλονς
1398 4185 1492 4236 λαν-

297 4278 394 4360 όάνη
417 4277 620 4363 ἁμαρτάνων,
642 4279 693 4344 τόν
713 4278 821 4346 πάντα
843 4281 999 4360 ἐφορῶντα
1020 4278 1084 4344 θεόν
1105 4280 1157 4343 οὐκ
1178 4277 1217 4344 διν
1237 4277 1332 4342 λάόοι.
1354 4277 1423 4342 καό
1430 4300 1491 4343 τοι

298 4383 384 4457 εὐθὺς
421 4381 492 4462 άμα
527 4395 565 4466 τῇ
599 4386 700 4472 πρώτη
731 4385 840 4466 συνόδῳ
871 4383 1073 4465 καταφώρους
1099 4385 1240 4464 γενέσθαι
1265 4381 1350 4462 λέγει
1377 4383 1491 4456 αὐτούς

300 4491 356 4576 „cia
390 4491 431 4555 τά
466 4496 571 4571 τρώτα
603 4494 772 4570 μόνησαν.”
796 4494 886 4581 (HQ)
920 4493 958 4558 In
981 4496 1087 4578 primu
1110 4494 1268 4560 sententia
1291 4491 1492 4563 desideratur
