3330 5144
730 311 794 379 201

150 503 340 579 ίλεύσαντες
361 501 455 570 αὐτὸν
474 505 512 569 δι’
532 505 649 583 ἄστρων
674 501 946 584 ὐτεζιοηροίφησαν
972 502 1089 590 [αὐτὸν
1102 501 1132 566 ἐν
1157 505 1199 582 τῷ
1221 497 1346 589 οὐρανῷ]

151 611 240 690 μετὰ
278 615 332 676 τοῦ
364 612 516 690 σκορπίου.
564 611 719 676 Narratur
751 608 860 674 eadem
892 608 1041 685 historia,
1075 630 1114 674 ex
1137 607 1252 674 Ovidio
1276 629 1347 695 per·

150 717 380 805 uulgatissima
402 718 503 798 (Fasti
527 717 565 802 V,
591 716 654 781 531
681 719 790 801 sequ),
814 717 848 779 in
873 715 930 792 AD
955 716 993 782 ad
1020 727 1045 780 Σ
1071 714 1148 791 486,
1168 717 1223 783 sed
1242 718 1348 782 verbis

150 824 249 910 plane
283 825 433 902 diversis,
467 824 575 890 addito
607 826 640 888 in
670 821 745 888 fine:
780 823 797 896 η
829 822 947 903 ἱστορία
977 823 1063 902 παρὰ
1088 824 1256 904 Εὐφορίωνι
1280 826 1348 890 sive

154 929 317 1010 Φερεκύδην.
366 929 410 994 At
439 931 528 996 nullo
550 929 671 995 auxilio
695 915 890 994 extrinsecus
914 929 1034 994 adscito
1058 951 1137 1016 opus
1160 937 1224 1007 est,
1249 939 1287 997 ut
1310 917 1349 996 οἱ

153 1059 194 1104 ea
224 1043 330 1124 parto,
362 1059 459 1122 quam
491 1037 660 1130 descripsi,
693 1036 755 1102 duo
786 1038 942 1102 immania
970 1039 1051 1104 vitia
1075 1037 1372 1122 deprehendamus,

154 1152 189 1211 et
214 1146 419 1231 corrigamus.
444 1141 551 1218 Quid?
575 1142 672 1208 Orion
695 1145 805 1208 statim
822 1162 859 1208 oo
878 1149 971 1208 natus
990 1151 1038 1209 est
1058 1140 1156 1228 (οὗτος
1169 1142 1345 1231 γενόμενος)

156 1251 323 1336 deperibat
345 1247 503 1316 Dianam?
527 1250 650 1315 Immo:
678 1249 798 1336 (οὐνύιρ)
824 1249 918 1328 μενί
926 1272 1044 1327 μενος
1070 1251 1181 1330 ὐροίσίη
1206 1259 1261 1326 τῆς
1280 1254 1348 1329 ’Λρ-

156 1358 299 1435 τίμιδος,
332 1351 599 1442 quemadmodum
632 1355 766 1422 Ovidius
789 1359 850 1422 etsi
872 1355 971 1421 aliam
995 1357 1033 1422 de
1057 1358 1125 1423 eius
1147 1361 1280 1424 interitu
1303 1360 1348 1424 fa·

157 1484 249 1528 mam
285 1470 412 1528 secutus
442 1471 526 1528 rocta
550 1463 648 1528 dixit:
675 1469 839 1540 „creverat
860 1463 1085 1547 immensum”,
1110 1471 1142 1530 et
1166 1485 1270 1530 rerum
1294 1486 1349 1531 na·

158 1579 235 1636 tura
257 1571 461 1636 demonstrat.
510 1569 675 1634 Praeterea
697 1571 729 1634 in
761 1571 979 1654 sequentibus,
1013 1571 1096 1656 quod
1125 1575 1191 1636 iam
1223 1572 1347 1661 signifi-

159 1679 250 1754 cavi,
282 1677 379 1742 verbo
411 1679 502 1742 αὐτὸν
532 1679 562 1740 ἐν
591 1677 632 1758 τῷ
665 1677 774 1756 οὐρανῷ
806 1675 952 1741 cancellis
976 1685 1064 1762 cepta
1089 1681 1195 1763 spuria
1219 1687 1294 1746 sunt
1318 1686 1349 1748 et

154 1783 320 1850 eiicienda
370 1783 454 1849 Nam
485 1790 517 1848 et
544 1783 580 1848 δι’
613 1779 730 1859 οἶστρον
762 1782 947 1868 planissime
967 1783 1054 1849 idem
1077 1791 1143 1862 est,
1170 1784 1349 1876 elegantius

154 1898 285 1958 tantum
305 1893 527 1967 enunciotum‚
554 1899 649 1975 atquc
673 1891 702 1953 ir
727 1891 769 1968 τῷ
795 1891 925 1970 οὐρανῷ,
950 1903 982 1956 et
1004 1913 1098 1958 nemo
1123 1890 1264 1959 Graecus
1287 1898 1349 1960 nisi

154 1998 389 2064 infantissimus
426 1997 558 2062 dixerit:
587 1990 614 2060 σί
645 1997 701 2060 ίεοί
735 1997 918 2072 ἐλεήσαντες
950 1997 1043 2084 αὐτύν
1079 1997 1349 2082 ὐσεζιονροίφησαν

157 2105 262 2170 αὐτόν.
311 2103 426 2170 Omnia
459 2111 533 2169 sunt
568 2105 602 2168 in
636 2101 709 2168 illo:
746 2104 771 2168 οί
806 2098 856 2168 οὐν
887 2104 944 2168 θεοί
978 2105 1161 2180 ἐλεήσαντες
1190 2109 1283 2174 αὐτὸν
1312 2111 1349 2176 δι’

157 2211 277 2293 οἴστρων
309 2210 580 2292 ὐσεζαρροίφησαν
610 2210 695 2286 μετὰ
726 2214 779 2274 τοῦ
805 2211 956 2290 σκορπίου.
1003 2210 1057 2276 Ad
1078 2215 1212 2278 verbum
1237 2215 1316 2296 ὐτεζ
1340 2253 1350 2266 ·

156 2319 330 2400 γραφηοαν
365 2317 449 2403 quod
474 2321 606 2395 attinet,
634 2309 764 2394 „laudat
787 2313 979 2383 Creuzerns”
1004 2355 1044 2367 —-
1069 2320 1229 2386 indicante
1258 2322 1351 2388 Butt-

156 2445 275 2492 manno
307 2461 350 2474 -
383 2425 548 2511 „ignotam
581 2423 692 2489 lexicis
719 2424 853 2488 lormam
885 2430 921 2488 ut
952 2424 1224 2512 elegantissimam
1259 2432 1351 2515 eique

157 2536 207 2600 rei
230 2534 441 2618 aptissimam.
489 2529 573 2596 Vide
598 2529 774 2596 uberiorem
800 2533 868 2595 eius
891 2537 1000 2596 notam
1023 2533 1057 2596 in
1080 2531 1189 2599 Melet.
1214 2533 1234 2600 l.
1250 2535 1295 2601 c.''
1321 2539 1352 2624 (Ι

158 2663 193 2727 p.
218 2641 286 2719 51.)
316 2638 414 2704 Recte
445 2639 521 2704 lecit
552 2635 742 2722 Cremerae,
770 2675 809 2685 —
838 2639 929 2702 cuius
957 2637 1032 2703 libri
1063 2641 1153 2724 copia
1183 2642 1267 2707 mihi
1289 2665 1352 2710 non

158 2756 227 2823 est,
258 2781 298 2794 -
324 2745 407 2830 quod
438 2745 573 2810 verbum
603 2742 765 2820 laudavit,
788 2747 907 2809 rectius
930 2745 1068 2823 fecisset,
1095 2748 1123 2811 si
1146 2747 1262 2815 inutile
1286 2771 1353 2816 em-

157 2852 267 2920 blema
290 2850 482 2917 eiiciendum
506 2852 719 2936 proposuisset
727 2833 740 2928 ‚⁵
761 2850 800 2915 ad
823 2852 977 2916 amussim
996 2852 1185 2938 respondens
1204 2859 1250 2933 ci,
1269 2859 1352 2943 quod

157 2959 239 3027 olim
273 2961 307 3023 in
341 2955 521 3024 Observott.
553 2961 596 3044 (p.
628 2956 683 3044 38)
716 2955 894 3022 tollendum
924 2957 1064 3023 indicavi
1093 2961 1128 3024 in
1158 2962 1278 3030 scholio
1313 2966 1353 3031 ad

157 3067 176 3132 δ
198 3064 277 3142 123,
302 3064 437 3138 κλισίηνι
459 3060 489 3128 ὐν
513 3065 691 3150 [ὐλλαχού]
713 3063 750 3126 δι’
772 3063 876 3143 ἑτέρων
891 3065 1020 3143 κλισμὸν
1033 3066 1184 3148 ὐνομοίζει.
1200 3067 1236 3156 1).
1263 3070 1353 3139 Idem

157 3171 284 3238 dicendi
296 3191 398 3260 genus
410 3171 496 3236 aliud
509 3173 628 3238 vitium
640 3173 787 3256 inquinat
797 3175 830 3234 in
843 3169 969 3237 Scholio
982 3172 1212 3240 doPleiadibus
1222 3177 1263 3262 (Σ
1274 3180 1353 3265 486)

157 3301 200 3346 ex
218 3286 324 3345 nostro
343 3277 412 3343 loco
431 3277 613 3343 eluendum.
639 3277 788 3343 Scholion
808 3280 854 3343 ita
873 3276 979 3344 editur
997 3300 1036 3344 ex
1054 3278 1173 3348 Veneto
1186 3285 1225 3368 A,
1238 3282 1353 3352 Codice

156 3388 392 3455 laudatissimo.
411 3381 490 3464 (Cir.
503 3385 637 3472 Dionys.
649 3384 726 3451 Hal.
739 3386 781 3451 A.
794 3385 834 3450 R.
848 3385 863 3450 I
875 3407 902 3450 c.
917 3385 984 3472 61).
993 3389 1118 3459 Ἄτλας
1133 3387 1164 3454 δὲ
1176 3386 1220 3464 εἷς
1232 3395 1291 3457 τῶν
1304 3403 1353 3457 Γι-

156 3495 283 3574 ydaros
303 3493 410 3571 μιγεὶς
431 3495 563 3572 Πλη“ι”ο’νη
583 3502 621 3576 τῇ
641 3491 797 3557 Ὠκεανοῦ
820 3490 897 3573 ἔσχε
917 3494 1088 3574 θυγατέρας
1109 3493 1147 3574 ζ,
1160 3489 1194 3561 αὐ
1209 3501 1352 3578 τηνσταρ-

158 3603 275 3667 ὐενείαν
293 3601 506 3678 οὶνασιίσασαι
521 3602 739 3677 συνεκυνιὶρονν
752 3609 790 3680 τῇ
806 3597 974 3679 ’Λρτίμιδι
990 3603 1177 3679 θεασάμενος
1191 3604 1221 3670 δὲ
1238 3604 1353 3686 Ὠρίων

158 3711 274 3789 ἧροίσθη
299 3707 351 3772 καί
377 3707 496 3770 ἐδίωκεν
519 3707 621 3780 αὐτας
641 3714 775 3784 μιγῆναι
794 3707 993 3784 βουλόμενος.
1013 3709 1046 3774 αί
1068 3708 1099 3774 δὲ
1120 3715 1354 3790 περικατάληπ-

159 3841 206 3883 τοι
231 3816 398 3895 γενόμεναι
424 3813 497 3883 droit
524 3810 654 3889 ηὔξαντο
679 3814 878 3893 μεταβαλεῖν
901 3815 956 3889 την
979 3814 1086 3896 Φύσιν.
1111 3817 1188 3890 Ζεύς
1217 3819 1248 3885 δὲ
1267 3821 1353 3897 ἐλεή-

159 3947 219 3998 σας
253 3922 353 3994 αὐτὰς
379 3919 448 3985 καὶ
474 3918 539 3984 tat
564 3927 635 3985 τῶν
660 3919 819 4001 ἄρκτων
844 3923 1154 4003 κατηστέρισεν.
1181 3927 1355 4004 ὐνομοίσύη-

159 4055 221 4097 σαν
252 4030 281 4095 δὲ
307 4027 461 4104 Πληίόίύες
487 4028 550 4092 cirri
574 4025 724 4104 Πληίύνης
747 4036 802 4104 τῆς
827 4029 939 4110 μητρὸς
964 4031 1074 4095 αὐτῶν.
1123 4031 1160 4097 Ιιι
1183 4033 1234 4101 his
1259 4058 1353 4104 nomo

162 4179 344 4194 „uu—-

196 4291 223 4357 1)
242 4289 410 4356 Nempe-id
427 4289 490 4354 qood
507 4289 565 4338 olim
583 4304 680 4338 monere
696 4289 943 4354 neglexi-occurrit
957 4288 971 4340 δ
984 4289 1045 4350 loo,
1056 4291 1165 4354 adquam
1173 4306 1267 4340 rmum
1276 4290 1353 4343 brevio

160 4387 219 4432 nota
241 4385 277 4430 ost
300 4381 324 4429 in
347 4380 385 4438 Η,
409 4395 463 4428 cum
485 4378 561 4429 altera
584 4377 625 4428 illc
643 4378 672 4427 cd
690 4393 724 4429 τι.
742 4377 791 4426 128
809 4377 983 4442 coniungenda:
1002 4377 1031 4437 ίίν
1049 4377 1096 4428 dou
1114 4381 1158 4443 (vs.
1183 4379 1240 4445 128)
1258 4382 1354 4442 κλισίην

161 4468 230 4531 εἶτα,
248 4463 337 4521 τοῦτον
355 4463 394 4518 νῖν
412 4469 515 4531 κλισμὸν
534 4471 612 4518 καλεῖ.
630 4469 720 4534 (Praei.
739 4485 762 4534 p.
782 4469 833 4532 nn).
