3232 5136
552 335 716 408 .21

123 523 223 604 μόνοι
250 527 344 610 σοφός
378 529 542 610 ῥώεσόαι
574 528 725 608 όοινώσου,
762 533 787 598 ει’
817 531 852 596 τό
876 532 951 609 παρ’
975 529 1102 602 ἑαυτοὺς
1126 529 1223 598 αἶσιον
1246 531 1289 610 μὴ

122 633 256 716 πρόφασιν
276 635 408 700 ἐνδοῦναι
428 636 571 702 πείσειεν.
594 636 703 704 Etiam
723 638 802 703 haee
821 636 1017 723 quincupliei
1035 638 1117 726 vitio
1129 637 1292 705 liberanda

120 751 192 807 suut.
233 743 278 808 Αο
306 745 449 828 primum
474 742 644 809 delendum
668 752 717 810 est
741 742 927 828 [ῥυόμευοο],
953 743 1036 829 quod
1060 750 1093 809 et
1115 747 1291 811 arctissime

120 849 321 937 mniungendn
355 848 483 915 divellit
518 855 550 916 et
584 849 677 936 plene
713 871 946 938 supenvnuuum
984 856 1039 916 est.
1087 852 1226 918 Ῥώεοόαι
1258 857 1291 918 et

119 953 206 1036 σώζειν
222 955 273 1021 vel
293 956 464 1036 ἐλευθεροῦν
484 976 611 1041 prorsus
623 956 714 1022 idem
740 955 939 1045 significent,
959 963 1068 1043 estque
1092 956 1175 1023 illud
1197 965 1290 1026 vetus

119 1067 144 1126 et
163 1065 330 1148 poeticum,
355 1063 416 1128 hou
438 1064 588 1128 omnibus
610 1066 644 1128 in
667 1083 738 1147 ore,
762 1070 800 1129 ut
823 1083 916 1128 nemo
939 1067 1049 1129 uesnit.
1073 1063 1289 1153 Porphyrius,
1357 1095 1362 1106 ·

119 1169 163 1251 qui
182 1171 287 1236 insano
311 1190 536 1254 nonnunquam
562 1171 712 1236 orationis
736 1171 893 1250 punendee
924 1169 1154 1256 veriaudeeque
1185 1173 1290 1238 studio

118 1271 232 1362 degni,
264 1297 301 1341 en
329 1277 424 1342 modo
448 1276 629 1362 copulavit,
654 1281 690 1342 ut
713 1279 746 1342 in
770 1275 974 1363 Pythagorae
998 1279 1066 1342 vite
1090 1297 1115 1341 ο.
1142 1275 1177 1341 6:
1202 1285 1292 1356 φιιο-

118 1382 216 1462 σοφίαν
249 1383 275 1447 δ’
300 1383 529 1462 ἐφιλοσόφησεν
553 1377 586 1456 οἷς
611 1383 624 1446 ό
650 1383 760 1454 σκοπός
785 1383 987 1463 ρ’ώσασόαι
1012 1384 1064 1446 καὶ
1090 1383 1291 1450 όιελενόε·

117 1494 220 1568 ρώσαι
250 1496 309 1553 σοῖν
339 1488 480 1554 σοιοώσων
509 1491 643 1566 εἱργμῶν
673 1513 708 1554 σε
744 1489 796 1553 καὶ
834 1486 1005 1562 συνδέσμων
1042 1487 1093 1552 τόν
1125 1525 1178 1539 --
1209 1495 1290 1569 νοῦν,

118 1593 213 1678 nudo,
235 1600 273 1661 nt
296 1603 403 1660 nostro
425 1594 496 1660 loeo
516 1595 609 1672 feeit,
632 1597 666 1658 in
687 1593 787 1661 altene
807 1597 981 1660 sententiae
1000 1596 1144 1661 membro
1157 1595 1292 1663 alterum

118 1701 235 1765 terbum
263 1702 382 1787 posuit.
429 1699 492 1767 Sed
515 1700 622 1766 ἑαυτὸν
645 1700 763 1783 σώζει
788 1699 821 1766 ἔιι
844 1725 921 1773 τινος
946 1703 1138 1782 ῥυόμενος
1163 1705 1293 1770 όοινώσιιι

117 1827 167 1872 non
199 1807 300 1873 multo
330 1810 437 1873 senius
466 1815 514 1874 est
545 1828 640 1894 quem
672 1810 700 1872 si
736 1811 807 1894 quis
845 1809 954 1875 ἑαυτὸν
995 1809 1111 1890 σώζει
1146 1811 1180 1876 ἔκ
1214 1836 1291 1886 τινος

119 1915 231 1994 σώζων
270 1914 402 1978 όανώσου
441 1913 590 1990 dixisset,
630 1914 714 1999 quod
746 1935 820 1981 vere
855 1913 1061 1982 balbutientis
1097 1917 1194 1995 soret,
1230 1941 1292 1985 non

118 2020 277 2086 scribentis.
324 2019 446 2086 Deinde
485 2001 690 2085 emendemus
726 2041 853 2087 censeo:
889 2025 927 2093 ώς
963 2023 1027 2101 γὰρ
1063 2022 1170 2088 ἑαυτὸν
1205 2025 1291 2106 σώζει

118 2125 145 2188 in
174 2132 284 2198 παντός
322 2129 396 2212 (le.
429 2124 553 2198 σώντιις
589 2131 627 2191 ut
662 2124 685 2191 l.
718 2127 761 2193 33
793 2133 826 2191 et
857 2147 886 2213 p.
923 2127 974 2204 14,
1007 2126 1028 2192 l.
1064 2129 1119 2214 12)
1149 2129 1208 2196 ΕΚ
1238 2138 1291 2197 τοῦ

119 2236 179 2311 rep*
201 2233 307 2297 ἑαυτὸν
330 2231 473 2310 όανώσον,
498 2231 590 2304 οὕτως
617 2233 670 2297 καὶ
698 2233 933 2313 inlicitumve
966 2234 999 2297 ἐκ
1028 2240 1081 2299 σοῦ
1116 2241 1189 2316 παρ’
1224 2241 1294 2304 ἑαν-

119 2343 218 2405 sote
239 2339 368 2406 δύνασαι
381 2339 497 2417 μόνΟΤ
511 2340 606 2420 σοφός
617 2339 749 2419 ρ’ώεσόαι.
763 2339 937 2425 [letoleto]
952 2361 1144 2428 quemquam
1158 2347 1292 2412 vitiosae

118 2447 273 2530 scriptume
291 2449 324 2512 in
337 2453 470 2532 utroque
483 2444 599 2512 Oediee
612 2467 678 2512 esse
690 2447 850 2512 videntur.
876 2445 1008 2531 Requini
1027 2449 1058 2512 id
1072 2449 1155 2533 qnod
1167 2455 1292 2536 reposui
1383 2469 1387 2478 ’

119 2557 143 2614 et
168 2573 238 2618 suun
267 2557 350 2619 rntio
380 2553 488 2630 docet,
513 2559 545 2618 et
568 2573 603 2618 ee
627 2573 707 2637 quae
732 2556 880 2618 continno
904 2561 1095 2638 sequuntur:
1115 2557 1292 2630 ’ἀθανάτους

118 2653 224 2724 diutine
248 2663 347 2741 σοφία
370 2667 494 2734 ποιῆσαι
525 2657 766 2737 όσαγχὲλλεσαι
801 2649 876 2724 ott·
913 2659 926 2722 ὁ
963 2662 1086 2738 σοφός
1121 2659 1290 2730 σώσειεν

118 2761 155 2826 ἂν
185 2767 224 2830 ἐκ
254 2765 408 2838 σανσός
439 2763 630 2848 testeae,
662 2766 753 2831 ἀλλ’
783 2768 818 2830 ἐκ
848 2765 968 2842 μόνον
996 2763 1059 2844 ἄρα
1090 2771 1158 2832 σοῦ
1183 2772 1291 2850 παρὰ

118 2869 175 2942 σὴν
197 2872 399 2951 ἡμετέραν
423 2873 565 2937 αῐσόαν
590 2872 895 2955 ὑφισταμένου,
922 2873 947 2936 ει’
975 2875 1124 2938 σεισόεῑεν
1153 2878 1237 2957 αὐτῷ
1265 2879 1291 2944 ol

118 2975 255 3062 συνόντες,
280 2980 398 3064 quibus
421 2978 530 3044 eudem
556 2980 712 3043 sententie
737 2978 842 3045 verbis
862 2977 957 3062 puulo
977 2977 1070 3044 eliter
1089 2981 1293 3050 conformetis

117 3085 202 3152 inesse
230 3095 370 3174 upperet.
417 3085 527 3171 lteque
559 3083 670 3151 Ulixes
701 3105 826 3172 quoque
857 3087 991 3150 comites
1014 3105 1052 3150 ex
1076 3091 1190 3154 mortis
1213 3094 1292 3176 peri·

117 3189 177 3257 uulo
205 3213 328 3260 sunere
358 3193 529 3278 potuisset,
561 3193 594 3256 in
624 3191 707 3276 quud
739 3211 796 3257 eun
826 3213 860 3256 se
883 3189 976 3276 culpe
1000 3190 1240 3277 implicuerunt,
1264 3201 1291 3262 si

117 3298 174 3364 eius
204 3301 341 3367 consiliis
372 3300 457 3366 dicto
492 3298 655 3364 audientes
687 3319 755 3363 esse
786 3297 969 3363 voluissent.
1019 3295 1082 3364 Sed
1112 3300 1290 3369 noluerunt.

116 3403 170 3469 otti
200 3409 260 3487 γὰρ
291 3406 358 3474 οὐδὲ
390 3411 444 3470 σοῦ
477 3413 585 3470 σεῖσαι
611 3405 645 3468 εἰι
669 3403 785 3474 παντὸς
810 3407 906 3483 κύριος
932 3405 945 3468 ό
970 3405 1075 3486 σοφός.
1123 3405 1194 3472 Hoc
1218 3429 1292 3475 eum

116 3516 249 3602 pupugit.
297 3513 424 3580 Servari
451 3519 636 3599 potuerunt:
661 3513 780 3576 mentis
803 3509 948 3577 vecordis
973 3511 1097 3596 ubrepti
1120 3515 1291 3598 perierunt.

117 3621 207 3684 πολλὰ
230 3618 317 3710 (οὖν)
343 3621 357 3685 ό
381 3619 438 3699 μὲν
462 3617 575 3684 ἔσαόεν
597 3619 760 3697 ἀρνύμενοι
785 3613 818 3693 ἦν
841 3640 877 3681 σε
896 3619 1003 3696 ψυχὴν
1023 3617 1074 3681 καὶ
1095 3617 1197 3684 νόστον
1211 3622 1294 3687 ἑσμό-

115 3745 161 3802 ρνν
193 3735 222 3791 ἐν
258 3737 324 3802 σοῖς
356 3729 430 3807 παρ’
461 3726 567 3806 ἑαυτῷ
599 3726 729 3804 (immoz
759 3759 778 3773 -
802 3722 881 3811 τόν)
910 3731 1069 3796 σωσσικοῒς
1101 3723 1198 3804 ἔργοις
1233 3737 1291 3795 τῶν

116 3830 249 3913 ειυώώνων,
275 3837 351 3901 elne·
375 3835 430 3900 οὐκ
452 3835 483 3899 ἐν
506 3839 570 3905 τοῖς
593 3833 637 3910 pl
661 3833 735 3911 παρ’
761 3833 844 3908 ἡμᾶς
868 3830 1109 3910 ἀποβαινόντων.
1156 3830 1221 3899 Onu
1244 3834 1291 3902 οὖν

115 3936 283 4008 innumerim
327 3943 490 4007 neminem
532 3939 632 4005 latere
674 3941 788 4024 potest.
835 3935 920 4002 Nem
955 3957 1036 4022 qnne
1070 3940 1217 4006 universe
1252 3943 1291 4010 de

115 4047 240 4129 sapiente
273 4047 359 4114 dicte
394 4053 501 4125 erent,
528 4066 574 4111 en
606 4065 691 4110 nune
722 4044 762 4110 ed
798 4042 929 4108 Ulixem
964 4044 1163 4123 referuntur,
1199 4047 1291 4117 euius

116 4169 197 4218 taust
215 4153 310 4220 silete
333 4157 419 4220 sunt.
465 4151 526 4218 Sed
550 4153 619 4216 eius
642 4152 806 4236 inceptum
830 4148 948 4215 frustra
972 4149 1043 4214 fnit.
1068 4151 1119 4215 sai
1144 4153 1290 4229 ὁμοίως

115 4255 141 4320 όν
167 4265 225 4332 τοῖς
255 4263 329 4342 παρ’
360 4263 444 4339 ἡμᾶς
473 4257 566 4330 αὐτὸς
600 4256 657 4336 μὲν
688 4255 837 4322 ἔσωσεν
868 4258 961 4336 iperi
995 4254 1290 4344 meldenses-ntiae

117 4363 349 4443 ώνννόόνσαι
384 4367 429 4434 ἂν
463 4369 508 4445 μὴ
544 4366 595 4432 διὰ
629 4362 731 4446 σώχνν
765 4361 870 4442 ἔξωθέν
906 4386 975 4427 σινα
1004 4365 1072 4428 ιιαό’
1105 4365 1290 4444 εἱμαρμένην

116 4471 401 4554 inolescimus
424 4473 456 4540 dl
480 4481 534 4549 σῆι
558 4473 632 4552 παρ’
656 4472 788 4536 ἑαυτῶν
811 4469 934 4546 atinias,
959 4469 1070 4550 ιιαόσερ
1092 4471 1197 4538 πολλοὶ
1222 4499 1290 4560 πρι-
