3330 5144
747 331 813 402 227

182 526 253 592 Hoc
272 545 371 590 unum
392 529 513 590 certum
539 525 681 593 videtur,
706 527 839 592 ἐντεῦθεν
866 525 1056 591 eiiciendum
1081 543 1147 588 esse
1171 524 1209 587 ad
1234 519 1297 586 diss
1321 515 1374 585 ad·

182 633 348 718 scriptum.
371 631 439 697 Neo
461 634 567 698 minus
590 637 711 697 certum
735 640 798 712 est,
822 653 877 720 pro
899 629 1176 710 κατακερτομήσαι
1197 628 1266 699 τοὺς
1286 628 1374 708 θερα-

183 763 298 812 τοντας
330 738 526 827 singularem
554 741 689 825 requiri,
714 741 781 805 τὸν
804 738 1000 821 θεράποντα,
1025 739 1156 803 namin
1180 743 1374 802 totanarra-

183 847 269 912 tione
299 845 338 911 de
360 865 424 911 uno
448 851 574 910 tanturn
599 845 721 912 famulo
744 869 847 914 sermo
872 851 929 913 est.
977 844 1026 910 Ex
1049 843 1181 929 reliquis
1204 845 1374 928 corruptis·

184 954 276 1017 simis
316 951 371 1017 diu
414 949 619 1038 multumque
654 954 804 1041 agitando
841 951 920 1018 nihil
954 953 1023 1018 sani
1059 949 1230 1016 extundere
1266 951 1374 1035 potui:

188 1057 338 1145 „Sisyphi
361 1077 492 1134 saxum,
519 1096 559 1106 -
584 1063 622 1123 nt
645 1058 729 1144 apud
752 1057 935 1124 Ciceronem
961 1057 1079 1123 dicitur
1107 1094 1146 1105 -
1175 1059 1299 1122 versavi
1325 1077 1374 1121 su·

188 1163 303 1240 dando,
330 1183 432 1248 nequa
454 1163 572 1249 proieci
595 1163 698 1229 hilum
713 1163 740 1241 ;”
762 1167 870 1251 itaque
893 1165 970 1229 haec
989 1163 1183 1228 acutioribus
1202 1162 1274 1228 aliis
1292 1183 1376 1228 nunc

189 1269 342 1356 relinquo.
367 1269 453 1336 Illud
474 1274 583 1335 autern
602 1289 664 1335 non
684 1271 739 1336 abs
760 1293 794 1337 re
815 1273 875 1336 erit
887 1271 989 1336 obiter
999 1275 1140 1347 notasse,
1154 1289 1250 1354 quam
1263 1270 1379 1334 vitiosa

188 1377 345 1465 elegantia
369 1381 480 1442 utatur
502 1375 573 1455 hic,
597 1379 777 1464 quicunque
805 1379 882 1444 haec
912 1378 996 1442 unde
1025 1376 1109 1442 unde
1138 1377 1377 1440 consarcinavit.

190 1492 302 1565 Χριῑμοι
327 1483 396 1556 συὸς
420 1483 565 1560 μεγάλου
585 1483 725 1548 effictum
746 1491 793 1550 est
813 1485 852 1550 ad
872 1483 1117 1549 similitudinem
1137 1482 1378 1568 Xenophontei:

188 1591 353 1663 ἀκοντίσας
388 1589 592 1666 καταβάλλει
624 1590 678 1662 τὴν
709 1589 845 1672 ἔλαφον,
879 1589 976 1655 scats
1006 1614 1035 1654 τι
1065 1596 1176 1670 χρῆμα
1201 1589 1254 1653 καὶ
1278 1588 1376 1669 μέγα.

187 1695 316 1786 (Cyrop.
349 1695 374 1780 Ι,
408 1696 428 1760 4
459 1693 558 1782 tii),
588 1695 771 1778 ἕτιζαρῆοοιι
803 1697 941 1782 sumpsit
964 1696 1003 1760 ab
1026 1695 1188 1780 Euripidis
1211 1697 1379 1762 notissimo

187 1805 256 1871 loco
281 1803 454 1890 (Phoeniss.
479 1823 527 1868 vs.
554 1801 633 1890 45.)‚
657 1802 814 1882 προσέθετο
832 1805 887 1877 τὴν
907 1803 1021 1868 κύλικα
1040 1822 1112 1888 pro:
1134 1801 1227 1866 ίαόσίι
1250 1803 1380 1868 adcrevit

188 1913 289 1997 ipsius
312 1915 360 1976 est
383 1915 416 1975 et
439 1911 640 1995 aequiorum,
665 1909 935 1996 quemadmodum
959 1908 1053 1995 paulo
1076 1915 1149 1975 ante
1168 1909 1269 1976 dixit:
1289 1935 1379 1990 τροο-

188 2017 339 2096 τιθέμενος
370 2015 434 2093 γαρ
464 2017 614 2088 Ἀντίνοος
645 2017 680 2081 τὸ
711 2015 844 2094 ἔκπωμα
879 2014 1051 2094 βάλλεται.
1100 2014 1211 2101 Aeque
1244 2017 1379 2084 ridicula

188 2129 263 2190 sunt
294 2143 374 2209 quae
401 2123 435 2186 in
466 2120 527 2188 fine
558 2121 728 2212 leguntur:
759 2123 828 2188 ἔνθα
858 2123 892 2208 (i.
917 2144 945 2188 e.
970 2121 1116 2207 ἐνταῦθα)
1148 2123 1248 2203 φησι
1279 2148 1379 2190 κοιτα-

187 2237 292 2305 νοῆσαι
323 2229 378 2302 τὴν
411 2229 588 2310 παροιμίαν.
637 2229 716 2312 Quis
743 2225 922 2295 intellexit?
946 2230 1130 2294 Ancaeusne
1153 2229 1192 2293 ab
1216 2250 1291 2315 apro
1314 2234 1377 2311 iam

187 2333 397 2403 interemtus?
419 2335 481 2402 Sed
504 2336 635 2426 tortasse
658 2339 755 2403 homo
778 2336 875 2401 huius
899 2334 1012 2400 saltem
1036 2334 1193 2400 stultitiae
1216 2335 1378 2403 absolven-

187 2445 248 2512 dus
279 2450 343 2521 est,
378 2465 414 2509 sc
444 2443 525 2524 φασὶ
541 2519 543 2526 ¹
558 2443 793 2532 corrigendum,
829 2441 912 2528 quod
943 2441 981 2506 de
1005 2441 1149 2529 cognatis
1172 2440 1379 2530 affinibusque

188 2553 306 2618 Ancaei
328 2549 528 2618 commodius
549 2549 703 2636 capietur.

233 2788 274 2848 c,
301 2761 375 2828 192.
400 2765 621 2852 Agamemnon
644 2763 729 2850 apud
751 2763 867 2830 inferos
891 2783 1056 2848 procorum
1079 2764 1208 2830 umbras
1231 2786 1380 2845 cernens,

188 2871 408 2936 beatissimam
447 2867 552 2936 Ulixis
593 2869 755 2957 praedicnt
794 2875 929 2956 sortem,
965 2891 1096 2936 uxorem
1135 2875 1206 2957 post
1243 2859 1289 2937 tot
1323 2893 1379 2939 an·

188 2997 302 3044 norum
335 2975 512 3042 absentiam
544 2974 669 3043 fidelem
699 2978 762 3042 sibi
797 2979 900 3054 nacti,
935 2981 1031 3062 atque
1064 2979 1098 3041 in
1132 2977 1210 3043 haec
1244 2979 1381 3046 admira·

189 3083 316 3148 bundus
338 3083 436 3149 verba
458 3085 615 3167 erumpit:
640 3081 728 3161 ὄλβιε
752 3083 896 3163 Λαέρταο
920 3081 997 3157 xcii,
1027 3089 1059 3149 et
1086 3103 1166 3170 quae
1195 3091 1379 3170 sequuntur.

190 3190 239 3256 Ad
274 3191 359 3255 haec·
385 3196 531 3275 excerpta
563 3189 691 3269 ἀπορίας
724 3190 890 3255 cuiusdam
922 3171 1076 3276 leguntur
1105 3194 1139 3256 in
1171 3189 1214 3256 V:
1242 3193 1380 3270 ατρετές

191 3301 272 3374 Φασι
292 3296 432 3377 παρέντα
451 3297 679 3373 cicumcisio
700 3297 741 3378 τῷ
762 3295 989 3377 Ἀριφιμὲδοντι
1002 3296 1137 3362 ἐπαινεῖν
1150 3297 1201 3361 τὸν
1213 3297 1379 3365 Ὀδυσσέα.

191 3403 244 3468 oris
275 3404 416 3475 οὲσεοιιιὸς
448 3403 478 3468 δὲ
510 3403 561 3468 διὰ
593 3402 627 3468 τὸ
659 3401 711 3468 nol
741 3401 819 3492 [τὸν]
847 3403 939 3470 αὐτὸν
964 3403 1100 3478 ὑπὸτῆς
1125 3402 1314 3479 συνοικούσης
1339 3406 1382 3470 τοὶ

192 3509 328 3574 νοὶιιιοτα
353 3507 540 3576 πεπονθέναι.
573 3509 756 3576 Articulum
784 3511 892 3577 abesse
916 3515 1058 3595 oportere
1080 3530 1175 3575 nemo
1197 3531 1260 3576 nou
1282 3511 1381 3578 videt.

190 3617 262 3684 Non
300 3616 409 3683 Ulixes
441 3638 480 3682 cx
511 3635 609 3683 uxore
638 3617 680 3682 rat
712 3617 849 3683 scisma
880 3615 1042 3692 πέπονθεν,
1067 3616 1121 3680 sed
1144 3613 1382 3704 Agamemnon.

191 3721 361 3789 Caeterum
385 3744 480 3808 quam
515 3721 648 3788 mirifice
679 3729 827 3806 corrupta
851 3733 883 3787 at
906 3720 1021 3808 glossis
1045 3723 1195 3787 insitioiis
1216 3725 1383 3806 inquinata

192 3829 269 3894 haec
294 3827 567 3914 disputatiuncula
590 3831 623 3893 in
648 3828 840 3893 editionibus
862 3829 1024 3893 veteribus
1046 3827 1302 3906 circumferatur,
1335 3833 1382 3894 vi-

191 3933 264 4000 dere
290 3941 337 3999 est
361 3935 444 4020 apud
469 3934 723 4017 Buttmamnm,
754 3955 849 4019 quern
879 3936 913 3997 in
943 3933 1137 3999 emendando
1166 3936 1382 4021 eiiciendoque

193 4063 304 4107 verum
329 4041 446 4108 vidisse
470 4045 599 4127 opinor.
622 4043 681 4107 etsi
702 4041 838 4106 libenter
857 4060 1077 4126 cognoscerem
1096 4040 1172 4126 quid
1192 4041 1383 4109 Bodleianus

189 4149 273 4215 liber
304 4148 358 4235 (0)
390 4169 408 4214 a
439 4147 600 4214 Dindortio
632 4159 801 4234 usurpatus
830 4147 882 4211 hic
905 4147 1063 4242 praebeat.
1110 4144 1172 4212 Sed
1194 4146 1254 4214 hoc
1277 4157 1383 4216 nostro

193 4257 263 4323 loco
288 4257 326 4322 de
349 4254 512 4320 Bodleiani
536 4255 671 4321 lectione
694 4252 795 4319 altum
819 4262 867 4318 est
890 4252 1062 4317 silentium.

237 4361 308 4431 Hae
332 4365 435 4451 igitur
459 4366 533 4428 sunt
556 4363 693 4446 potiores
717 4359 991 4446 interpolationes,
1016 4381 1094 4444 quas
1112 4357 1301 4444 plerumque
1320 4361 1384 4428 alia

193 4489 317 4556 quoque
352 4467 423 4534 labe
455 4473 512 4532 aut
543 4467 663 4533 leviore
694 4473 751 4531 aut
784 4467 930 4554 graviore
961 4465 1099 4530 adiectas
1128 4467 1161 4531 in
1192 4465 1321 4534 scholiis
1344 4467 1384 4535 ad
