3278 5148
734 317 799 384 273

169 514 225 579 riti
256 517 289 579 et
320 509 395 588 filii,
428 515 481 576 τοῦ
506 510 541 586 δὴ
565 510 625 588 tro
651 507 703 572 καί
727 511 851 584 μᾶλλον
875 510 1018 591 θίν’ρομαι
1043 511 1117 589 ἦτορ
1140 511 1263 576 ἐκείνου.
1310 512 1360 580 Ad

169 641 249 707 quae
280 623 314 684 in
349 617 405 698 Pu
440 617 517 683 haec
552 616 708 682 habemus
731 615 911 682 observata:
936 620 1116 695 γυναικείως
1140 620 1183 698 τῷ
1207 617 1279 692 ίνθει.
1305 621 1357 685 καί

167 731 230 806 γὰρ
265 727 290 790 εί
326 725 369 789 τίκ
404 725 550 802 μάλιστα
581 719 740 800 στέργουσι
771 721 842 795 τοὺς
874 720 1006 804 ἄνδρας,
1040 724 1069 788 έν
1100 731 1163 797 τοῖς
1198 723 1271 804 θτέρ
1300 727 1359 790 τῶν

167 836 276 914 ψυχῶν
302 829 442 902 κινδύνοις
468 833 592 909 μᾶλλον
616 828 689 908 ὑπὲρ
713 833 772 892 τῶν
796 827 905 893 τέκνων
929 829 1105 908 οίγοονιῶσιν.
1140 828 1356 896 Levissimum

165 947 213 1004 est
243 943 275 1004 iu
306 939 357 1004 hie
387 942 572 1024 peecatum,
604 955 662 1000 nec
694 943 802 1000 tamen
835 937 902 1000 sine
926 936 1199 1002 animadversione
1221 945 1358 1022 praeter-

165 1045 370 1112 mittendum.
418 1042 513 1108 Edita
548 1042 633 1108 enim
670 1039 752 1106 illud
789 1041 916 1118 dicunt,
953 1043 1036 1127 quod
1068 1064 1141 1109 eane
1172 1063 1356 1129 perversum

166 1160 229 1229 est,
255 1153 405 1228 seminas,
431 1152 459 1215 ei
483 1148 615 1214 maritos
640 1168 735 1233 quam
760 1149 899 1212 maxime
919 1147 1061 1236 diligunt
1081 1170 1171 1228 euos,
1192 1150 1225 1214 in
1244 1151 1358 1236 capitis

164 1259 304 1346 periculo
338 1259 457 1322 maiore
491 1257 525 1319 in
560 1253 676 1320 liberos
707 1255 838 1319 caritate
869 1255 978 1320 teneri.
1026 1256 1070 1320 At
1103 1277 1165 1321 non
1195 1256 1255 1322 hoo
1286 1256 1358 1323 vult

165 1368 314 1452 scriptor,
349 1363 404 1429 ced
443 1361 579 1446 „etiamsi
610 1363 742 1426 maritos
774 1381 870 1446 quam
902 1363 1044 1428 maxime
1071 1362 1249 1451 diligant,'’
1274 1364 1357 1448 quod

165 1471 284 1540 Graece
315 1468 537 1536 tantummodo
569 1469 614 1532 sic
644 1467 784 1532 dicetur:
810 1467 861 1532 καί
887 1468 949 1547 γὰρ
973 1470 999 1532 εί
1025 1467 1119 1555 (καί)
1145 1469 1187 1533 τοὶ
1211 1468 1356 1546 μάλιστα

165 1581 325 1660 στέργουσι
351 1577 420 1648 τοὺς
445 1573 574 1654 ἄνδρας,
601 1611 642 1622 --
667 1577 791 1652 μᾶλλον
816 1573 888 1654 ὑπὲρ
912 1577 970 1642 τῶν
993 1576 1104 1640 τέκνοιν
1129 1577 1308 1655 οίγωνιιθσιν.

148 1829 153 1838 ·
210 1793 241 1870 i,
268 1790 345 1857 841.
381 1792 431 1858 Ad
455 1791 560 1865 νυκτθς
586 1791 718 1870 οίμολγῷ
743 1789 860 1876 duplex
882 1791 1102 1877 interpretatio
1125 1812 1190 1857 asae
1211 1793 1354 1872 videtur,

166 1899 265 1966 altera
290 1899 382 1966 alteri
404 1902 451 1964 ita
474 1918 670 1986 repugnans,
697 1901 733 1961 ut
758 1899 786 1962 ei
806 1918 932 1982 prorsus
952 1898 1155 1963 contradicat.
1180 1897 1215 1964 In
1235 1899 1355 1980 EHQD

166 2011 227 2072 est:
256 2005 285 2070 ἒν
310 2016 348 2086 τῇ
374 2010 426 2070 τοῦ
451 2004 648 2084 μεσονυκτίου
672 2001 749 2086 ὥρᾳ,
776 2005 844 2066 καθ’
868 1993 900 2076 ἣν
921 2001 996 2080 ἄρα
1015 2003 1238 2082 συμβέβηκεν
1256 2005 1356 2084 οίμέλ-

163 2115 275 2191 γετθαι
303 2113 345 2178 τίν
370 2111 441 2192 ζῷα.
489 2111 611 2177 Mirum
636 2116 781 2196 tempus,
808 2111 909 2186 dices,
934 2109 1102 2198 mulgendi
1121 2131 1244 2196 pecora.
1293 2111 1355 2178 Sed

165 2220 351 2295 videamus,
377 2238 506 2303 ecquam
532 2217 628 2283 aliam
655 2216 898 2302 explicationem
923 2215 1000 2280 alibi
1023 2219 1227 2302 reperiamus.
1274 2218 1355 2285 Ecce

164 2329 273 2392 statim
297 2325 380 2390 infra
403 2346 441 2390 ex
465 2323 554 2390 HPV
578 2322 656 2388 haec
679 2322 848 2410 leguntur:
874 2322 904 2385 έν
927 2332 966 2404 τῇ
990 2327 1043 2386 τοῦ
1067 2310 1266 2399 μεσονυκτίου
1284 2322 1353 2408 cipp.

165 2433 216 2498 καί
250 2431 315 2497 ἔστι
347 2432 433 2500 κατίι
457 2432 491 2496 τὸ
516 2429 625 2508 ἔτυμον
650 2429 714 2504 ἤτοι
739 2429 891 2514 οίμολγῷ,
916 2431 984 2494 καθ’
1007 2427 1041 2504 ἣν
1066 2427 1143 2508 ὥραν
1166 2431 1353 2509 συμβέβηκε

162 2542 210 2618 μίν
236 2539 433 2618 οίμέλγεσθαι
459 2537 501 2602 τὰ
526 2535 588 2618 ζῷα
612 2551 682 2602 κτλ.
709 2534 820 2620 Itaque
842 2538 876 2601 in
899 2536 1009 2602 eodem
1033 2535 1067 2602 H
1092 2538 1196 2610 νυκτὸς
1220 2540 1352 2620 οίμολγῷ

163 2653 290 2733 tempus
325 2650 389 2721 eat,
426 2664 487 2730 quo
522 2663 633 2728 peoora
669 2641 858 2729 mulgentur
892 2649 924 2708 et
957 2663 1020 2728 quo
1054 2663 1115 2708 non
1150 2643 1349 2732 mulgentur.

161 2753 248 2834 Quae
280 2751 415 2818 mirifica
436 2753 470 2816 in
494 2750 604 2816 eodem
631 2747 782 2816 vocabulo
804 2750 1039 2836 interpretando
1062 2752 1268 2818 contradictio
1291 2754 1352 2818 etei

159 2881 215 2946 par
246 2880 278 2925 aa
308 2857 391 2923 nihil
422 2857 518 2923 habet
548 2877 604 2922 cur
627 2858 817 2942 scripturam
843 2859 991 2922 vitiatam
1015 2857 1200 2932 credamus.
1227 2864 1264 2924 ut
1286 2865 1351 2925 ata-

161 2969 221 3032 tim
253 2965 451 3042 videbimus,
484 2964 537 3029 hic
569 2971 676 3029 tamen
707 2962 787 3028 aliae
815 2963 967 3028 accedunt
991 2984 1121 3043 caueae,
1144 2966 1261 3051 quibus
1285 2988 1352 3052 per·

159 3094 363 3151 moveamur,
395 3094 456 3139 nou
492 3071 594 3139 colum
631 3077 668 3136 ut
699 3067 758 3151 ἄρα
793 3076 956 3136 mutemus
978 3073 1013 3136 in
1036 3069 1112 3153 ιίρον
1135 3073 1219 3157 quod
1242 3073 1270 3138 D
1295 3075 1351 3140 ob·

160 3181 253 3258 tulit,
278 3179 332 3246 sed
356 3182 453 3246 etiam
479 3180 596 3265 absque
620 3177 679 3244 tali
702 3177 823 3243 auxilio
847 3179 1077 3244 rescribamus:
1104 3180 1172 3244 καθ’
1196 3170 1230 3253 ila
1253 3177 1354 3261 ὤραν

161 3284 353 3364 συμβέβηκε
387 3289 438 3363 μὴ
471 3285 668 3363 ἀμέλγεσθαι
701 3285 744 3349 τίκ
769 3283 841 3364 ζῷα.
889 3284 1016 3350 Etenim
1043 3287 1131 3371 priua
1154 3291 1297 3353 nostrum
1322 3294 1355 3355 et

160 3391 296 3458 alterum
321 3390 479 3457 scholium
502 3411 612 3457 revera
635 3385 725 3454 ιιιικννν
747 3392 879 3472 οἰθκνορυο
902 3397 996 3469 sunt,
1021 3394 1053 3456 in
1075 3391 1194 3473 EHQD
1215 3401 1355 3460 contrac-

159 3499 224 3563 tius
259 3503 439 3576 servatum,
472 3498 588 3564 melius
613 3497 804 3582 uberiusque
826 3499 860 3562 in
883 3497 988 3563 HPV.
1038 3498 1129 3579 Quod
1152 3520 1214 3585 quo
1238 3502 1353 3566 clarius

159 3611 323 3692 appareat,
366 3609 538 3690 utrumque
580 3609 684 3670 totum
721 3604 925 3692 subiungam.
973 3605 1088 3672 Melior
1122 3628 1202 3694 quae
1239 3607 1355 3674 dicitur

158 3713 296 3778 recensio
327 3710 405 3776 haec
437 3717 503 3776 aet:
529 3712 559 3776 έν
583 3721 621 3793 τῇ
645 3715 700 3776 τοῦ
724 3711 922 3789 μεσονυκτίου
947 3710 1018 3795 cipp.
1043 3713 1095 3778 καί
1121 3711 1187 3779 ἔστι
1211 3713 1296 3780 κατοὶ
1320 3713 1354 3780 τὸ

160 3815 270 3896 έτυμον
295 3815 359 3887 ἤτοι
383 3818 532 3898 οίμολγιρ,
560 3817 629 3883 καθ’
654 3815 688 3890 ἣν
712 3815 788 3897 ὅροιν
811 3818 998 3898 συμβέβηκε
1022 3823 1066 3898 μίν
1091 3822 1287 3899 ἀμέλγεσθαι
1311 3821 1354 3886 τοὶ

161 3923 239 4004 ζῷα·
265 3925 281 4000 ἢ
307 3923 392 3988 κατὰ
420 3923 453 4008 (l.
480 3927 566 4010 κατ’)
592 3923 757 4004 οίφαίρεσιν
782 3929 835 3988 τοῦ
856 3948 879 4002 γ
906 3926 1032 4010 οίμολῷ,
1058 3928 1128 3990 καθ’
1152 3916 1184 3999 ila
1208 3925 1284 4006 ιίροον
1308 3930 1356 3994 οὔ·

162 4031 219 4100 laic
253 4031 413 4108 μολίσκει,
446 4027 464 4094 ί
492 4033 557 4095 ἐστι
581 4029 721 4112 βαδίζει·
748 4031 764 4106 ἣ
790 4031 875 4096 κατὰ
901 4031 936 4118 (l.
961 4033 1045 4119 κατ’)
1071 4033 1235 4114 οίφαίρεσιν
1256 4037 1309 4098 τοῦ
1334 4047 1354 4098 λ

161 4141 291 4220 ιίμογῷ,
328 4139 397 4204 καθ’
430 4127 462 4210 νίν
496 4136 573 4218 ίίραν
605 4139 699 4212 οὐδείς
734 4147 844 4218 μογεῖ,
877 4135 949 4219 ίίτερ
974 4139 1040 4204 ἐστί
1066 4143 1255 4217 κακοπαθεῖ,
1281 4141 1356 4205 ἀλλ’

159 4245 369 4312 οίνοιταιίεται.
400 4249 539 4309 ταῦτα
571 4243 611 4310 δέ
642 4244 779 4312 τοίντα
812 4247 870 4316 είς
896 4247 965 4321 τίιν
989 4252 1058 4311 τοῦ
1082 4247 1354 4324 μεσονυκτίου

159 4351 258 4434 ίίραν
283 4351 586 4432 καταστρέφει.
611 4350 788 4418 Videamus
810 4373 894 4417 nuuc
918 4352 1104 4418 deteriorem
1123 4355 1354 4420 recensionem:

160 4462 190 4530 ἐν
215 4471 253 4544 τῇ
278 4465 332 4524 τοῦ
358 4459 556 4538 μεσονυκτίου
581 4456 661 4543 cipp,
687 4459 753 4523 καθ’
778 4449 811 4532 ἣν
836 4457 897 4541 ἄρα
923 4461 998 4548 (ie.
1023 4457 1134 4548 ίίροιν)
1155 4461 1358 4542 συμβέβηκεν

1200 4581 1233 4632 18
