3232 5136
731 329 774 398 29

169 521 238 588 rieos
256 521 387 590 interitu
407 544 469 590 non
488 543 597 610 posse,
618 521 782 589 vulnerari
801 543 907 610 posse,
929 525 962 590 id
981 522 1162 611 philosophi
1175 527 1344 617 respuunt,

167 650 197 696 eo
221 633 284 717 ipso
307 631 391 718 quod
413 632 549 717 simplex
573 636 631 696 est.
657 628 720 698 Sed
744 636 936 697 monuerunt
961 621 1185 720 grammatici,
1211 653 1346 720 quorum

165 759 236 804 unus
264 739 303 805 ud
331 738 467 804 eundem
498 758 646 805 versum:
671 742 740 804 oret
764 736 855 805 Circe
879 738 1028 804 δεδοικυῖαι
1053 740 1107 814 τὴν
1133 741 1277 818 πληγὴν,
1308 741 1347 806 ed

163 848 207 910 τὸν
235 845 378 926 θάνατον,
407 841 431 931 ¹)
464 845 517 934 (T)
548 850 585 911 nt
615 847 787 911 rectissime
819 847 955 912 correxit
988 831 1138 912 Oobctus.
1188 845 1347 927 Quoniam

161 951 216 1018 huc
234 951 381 1040 delapsus
400 972 483 1038 sum,
507 952 588 1018 dubo
607 957 639 1018 et
658 951 760 1018 elium
779 950 886 1018 locum
907 951 990 1017 unde
1009 955 1116 1040 magis
1135 955 1234 1019 etium
1254 974 1349 1040 apps-

159 1065 236 1136 reet,
257 1065 449 1145 quantopere
467 1079 524 1124 nos
543 1060 646 1147 siguis
663 1057 836 1124 discritiois
855 1058 1001 1125 edendos
1021 1060 1235 1145 interpunctio
1247 1081 1346 1148 prove

158 1168 255 1250 positu
277 1165 386 1234 fellere
410 1172 443 1233 et
464 1165 620 1252 impedire
639 1168 747 1251 possit
773 1165 831 1230 Idst
853 1164 942 1233 locus
963 1164 1182 1232 nobilissimus
1207 1191 1246 1242 a,
1267 1166 1345 1246 215,

159 1272 211 1339 ubi
232 1272 443 1340 Telemachus
467 1272 612 1339 Mentee:

221 1384 320 1460 μήτηρ
344 1381 401 1457 μέν
424 1380 460 1444 τέ
482 1379 523 1457 μέ
548 1387 625 1462 φησι
649 1383 702 1443 τοῦ
727 1377 879 1457 ἔμμεναι,
904 1380 1004 1460 αὐτὰρ
1029 1377 1135 1460 ἔγωγε

222 1489 274 1552 οὐκ
297 1483 372 1552 οἷδ’·
398 1488 440 1551 οὐ
465 1485 544 1566 yetp
568 1487 621 1551 πώ
644 1508 706 1558 τις
731 1486 791 1551 ἐὸν
815 1485 929 1564 μόνον
953 1485 1078 1558 αὐτὸς
1103 1485 1277 1572 ἀνέγνω,

161 1594 245 1657 euius
273 1592 423 1660 Scholion
453 1593 709 1681 Porphyrisnum
741 1595 808 1659 inm
838 1595 873 1657 in
896 1590 1075 1660 Observett.
1100 1615 1132 1680 p.
1158 1592 1198 1659 61
1226 1594 1347 1680 triplici

99 1755 104 1770 ,
161 1699 235 1764 uitio
266 1698 411 1766 liberavi.
458 1700 583 1786 Nempe
613 1700 660 1765 its
690 1701 907 1766 ratiocinatur.
957 1698 993 1765 Si
1023 1722 1104 1765 nemo
1136 1721 1266 1778 eorum,
1290 1703 1346 1788 qui

162 1808 223 1868 nati
251 1813 342 1891 sunt,
373 1811 497 1892 patrem
527 1793 726 1894 cognoscere
744 1810 862 1892 potest,
891 1845 932 1858 --
957 1807 990 1870 οὐ
1026 1805 1089 1887 γάρ
1124 1807 1170 1872 πώ
1207 1832 1254 1880 τις
1291 1841 1312 1857 -
1326 1843 1346 1859 -

166 1911 273 1990 inipso
298 1951 339 1962 -
365 1914 449 1979 unde
471 1914 601 1979 tandem
625 1913 717 1978 liberi
738 1915 818 1978 scire
838 1919 981 1998 possent,
1002 1916 1074 1998 quis
1093 1915 1235 1999 ipsorum
1256 1919 1347 2001 pater

167 2015 221 2082 siti
253 2019 361 2106 Itoque
396 2040 476 2106 quae
511 2017 721 2086 Telemachus
755 2018 854 2094 dicit,
887 2018 925 2084 de
955 2021 1025 2105 ipso
1057 2019 1163 2086 velere
1195 2027 1346 2108 possunt,

170 2126 273 2211 quippe
305 2130 378 2213 qui,
416 2149 490 2194 eum
525 2133 615 2212 peter
648 2145 779 2213 peregre
814 2123 1080 2211 proficisceretur,
1116 2127 1209 2213 plane
1239 2127 1345 2194 iniens

171 2227 271 2310 inerit,
303 2233 342 2300 de
372 2233 521 2300 omnibus
546 2235 580 2298 in
605 2235 790 2298 universum
813 2231 920 2298 uslere
941 2253 1005 2298 non
1028 2239 1170 2319 possunt.
1195 2231 1254 2298 ἔδει
1278 2236 1341 2315 γὰρ

172 2449 303 2510 ποιεῖσθαι
326 2449 381 2522 τὴν
402 2446 563 2528 ἀπόφασιν
582 2449 621 2518 ὠς
643 2444 768 2522 μηδενὸς
789 2443 901 2516 εἰδότας
921 2445 1229 2526 senseresensere.
1254 2447 1343 2514 Haeo

169 2555 210 2616 ost
235 2551 419 2632 difficultas,
451 2574 549 2639 quum
578 2551 745 2620 videamus
776 2553 933 2640 quomodo
965 2551 1162 2640 expediverit
1184 2550 1337 2622 Seleucus

173 2751 324 2768 *⁸¹*—

201 2893 224 2957 l)
239 2897 348 2948 Similiter
357 2899 403 2966 BQ
416 2901 485 2950 edre.
497 2901 556 2952 2962
571 2897 705 2964 Oresteion
720 2900 751 2958 eir
768 2901 941 2965 τρυθησνμένιι,
957 2899 990 2950 ed
997 2919 1019 2964 χ
1037 2901 1073 2960 ὥς
1087 2901 1344 2967 ἀποθανουμένη,

176 2983 304 3051 etVulpete
324 2990 353 3038 ed
375 2989 476 3039 eundern
498 3005 593 3040 versum
616 2992 676 3040 323:
701 2987 741 3040 διὰ
764 2990 794 3040 τὸ
817 2991 946 3054 pedere-teu
971 2991 1099 3054 τρωθῆναι,
1125 2989 1179 3041 oie
1202 2992 1345 3054 ἀπονανιτν,

177 3079 224 3127 quse
243 3071 314 3119 omnio
334 3087 361 3121 ex
383 3072 465 3122 eodem
486 3073 552 3123 fonte
569 3074 662 3124 fluxisse
679 3079 783 3141 eppei-st.
803 3075 885 3124 (iobeti
903 3076 1019 3125 mnectio
1037 3075 1125 3140 legitur
1144 3077 1261 3128 Mnemon.
1282 3080 1344 3130 Nor.

178 3147 217 3196 Ser.
232 3149 249 3198 1.
264 3168 285 3217 p.
304 3155 339 3206 le.
357 3182 391 3192 —
408 3156 536 3206 Owesione
554 3157 609 3206 datu
626 3158 670 3207 hoo
688 3159 754 3207 eddo.
773 3159 844 3225 Quod
861 3158 932 3207 eiiter
945 3159 1039 3208 evenire
1053 3174 1101 3208 non
1115 3162 1209 3224 poterut
1223 3160 1248 3210 in
1263 3162 1345 3212 eodem

178 3227 361 3298 investigationum
374 3255 459 3304 genere
474 3240 604 3306 occupetis,
619 3241 763 3306 saepiuscule
778 3242 839 3290 mihi
852 3241 962 3290 eccidisse
970 3241 1088 3308 comperi,
1098 3257 1182 3308 nempe
1192 3247 1218 3293 ut
1227 3259 1285 3308 ques
1294 3261 1346 3295 cor·

180 3313 273 3367 remorer
288 3320 401 3372 invenisse
419 3322 479 3372 mihi
496 3321 605 3381 videbor,
624 3338 662 3373 ese
679 3323 727 3374 iona
745 3341 759 3373 e
776 3324 880 3384 Oobeto,
900 3325 929 3374 V.
950 3325 987 3374 cl.
1005 3329 1129 3392 ooenpetus
1147 3327 1346 3393 deprehenderem

181 3395 199 3438 ti
216 3395 291 3459 publici
310 3403 369 3454 iuris
386 3405 461 3454 indes
476 3405 502 3454 iu
520 3405 637 3456 Mnemon.
657 3407 717 3456 Nor.
737 3408 787 3456 Ser.
807 3407 820 3456 1
838 3423 860 3472 p.
882 3409 974 3467 t-el;
994 3409 1036 3460 111
1052 3425 1078 3475 p.
1097 3411 1242 3470 loe-11&
1261 3409 1345 3477 1119.

183 3471 299 3542 tlt-lte
318 3487 352 3535 lv
370 3504 393 3553 p.
412 3487 553 3538 rel-ees.
573 3488 644 3553 Quod
662 3493 690 3538 ut
705 3491 804 3552 cognovi
821 3489 903 3540 sedulo
919 3491 1021 3556 expunxi
1038 3507 1098 3550 mee.
1115 3506 1164 3543 uon
1180 3493 1249 3558 potui
1265 3497 1346 3544 eutem

183 3551 243 3608 iniis
261 3579 313 3628 qnae
334 3585 360 3619 ιιι
384 3571 550 3634 Mnemosynen
575 3571 657 3620 Nosne
679 3571 731 3621 Vol.
756 3573 807 3621 VII
825 3588 848 3638 p.
865 3573 999 3624 ste-445
1017 3579 1175 3635 recesserunt,
1194 3591 1280 3640 magne
1297 3575 1345 3625 ianr

183 3634 237 3691 huin!
256 3652 357 3724 ⁸oletteeuli
383 3657 452 3719 parte
479 3653 504 3704 in
529 3653 624 3704 ohertes
648 3653 735 3704 nitidee
758 3656 921 3722 transscripta.
957 3657 987 3706 in
1011 3657 1048 3706 his
1066 3657 1141 3722 igitur
1157 3657 1196 3706 ubi
1215 3673 1270 3706 cum
1286 3657 1345 3706 meis

184 3727 322 3790 Μὲνπνσνν
338 3742 524 3808 deprehendere,
543 3743 672 3809 diligenter
688 3744 812 3794 ednoffio.
847 3745 915 3794 Idern
932 3745 977 3793 feci
995 3746 1020 3796 iu
1038 3747 1211 3795 Germanorum
1227 3744 1344 3804 urentis,

184 3811 215 3872 iii
234 3824 333 3880 permulti
353 3825 392 3876 his
416 3825 562 3892 temporibus
585 3825 642 3876 huie
659 3826 785 3876 literarum
802 3828 948 3876 Gneoerum
965 3828 1030 3892 perti
1047 3843 1145 3893 opernm
1161 3843 1228 3878 susm
1245 3842 1345 3878 meere·

185 3899 238 3957 fini»
257 3907 315 3956 enne
337 3910 456 3970 intentus,
475 3915 501 3961 ut
519 3926 589 3960 snum
606 3909 690 3976 cuique
707 3926 722 3959 e
738 3925 776 3959 me
793 3908 948 3960 tribueretur.
984 3909 1031 3960 Ubi
1048 3913 1128 3960 temen
1146 3926 1206 3974 quse
1222 3911 1273 3976 ipse
1291 3925 1345 3976 pro-

185 3979 235 4036 runi
253 3983 294 4038 im
308 3990 338 4040 eb
355 3992 409 4043 aliie
427 3997 551 4060 praerepto
569 3997 625 4043 suut
642 4009 684 4042 neo
702 4009 717 4042 e
733 4009 770 4042 rue
787 3995 983 4051 commemorate,
1002 3993 1165 4058 ignorantiae,
1182 4009 1230 4043 non
1247 3994 1344 4058 eulpae,

184 4053 217 4106 δον
232 4065 325 4124 retunt
347 4076 416 4140 ecqui
439 4075 549 4132 lectores,
573 4089 615 4123 nee
638 4091 719 4124 recuso
737 4074 863 4138 quominus
877 4073 906 4124 eb
924 4074 954 4123 iie
971 4074 1048 4140 priori
1065 4074 1184 4123 inventori
1200 4075 1345 4125 inventionis

183 4153 225 4192 ’Μ
238 4145 290 4212 laur,
306 4184 340 4194 -—
356 4159 376 4206 si
393 4172 440 4222 qne
457 4157 508 4206 leus
526 4159 574 4214 eet,
594 4183 625 4192 -
642 4156 696 4205 iure
712 4157 845 4220 meritoque
859 4155 979 4207 habeatur.
1015 4157 1109 4206 &euim
1124 4161 1217 4216 nutus,
1232 4163 1260 4209 ut
1274 4162 1345 4212 modo

183 4221 277 4292 Μὶν,
290 4239 402 4303 proximis
415 4239 483 4288 aunis
497 4240 525 4289 de
539 4239 577 4289 hie
591 4237 660 4288 rebus
677 4237 787 4306 provenit
803 4254 916 4288 uumerus
933 4239 1090 4305 scriptionum
1107 4255 1177 4290 omne
1193 4257 1280 4305 genus,
1290 4261 1344 4310 pro·

182 4319 313 4372 muttum
333 4337 393 4386 quse
409 4321 535 4381 dicuntur,
553 4322 747 4372 dissertationum
765 4319 973 4382 Academicorum,
995 4322 1184 4388 disputationum
1201 4325 1273 4374 reriis
1289 4326 1344 4376 hcr-

183 4402 259 4449 Mrun
276 4404 396 4467 gmeribus
418 4404 575 4463 nurerum,
600 4408 627 4454 ut
650 4419 725 4468 neque
744 4404 802 4454 hree
820 4403 900 4455 onnuie
917 4404 976 4454 mihi
994 4419 1132 4472 competere
1149 4421 1258 4457 meernna
1273 4423 1345 4475 opum

182 4469 216 4532 di·
230 4493 294 4548 neque
309 4486 430 4553 perlegere
446 4487 493 4539 mei
509 4485 624 4552 temporis
