3242 5140
293 527 459 613 Ἀνθρατοο
493 558 533 578 ⁴-
564 537 698 609 χαλκοῖς
738 553 816 596 τισιν
848 529 1017 618 [ὀργοένοις]
1050 526 1349 604 κατεσκευασμένοις
1381 527 1480 608 ἐφειλ-

295 637 427 708 κύσαντο
451 637 520 710 τοὺς
545 637 609 701 eet
633 645 690 703 τῶν
714 641 869 721 μετεώρων
898 638 1081 721 φερομένους
1106 637 1285 717 σπινθῆρας,
1313 635 1400 700 κατὰ
1423 634 1480 706 τόις
1583 653 1584 658 ’

296 744 494 826 μεσημβρίας
526 744 651 810 ε’ναντθα
681 747 723 824 τῷ
747 746 829 826 Ιἡλίῳ
861 747 910 810 τόι
941 744 1097 827 ὀργανα
1131 744 1278 816 τιθέντες·
1309 739 1374 807 θθεν
1397 737 1480 818 οἶμαι

295 851 379 917 δοκεῖ
406 852 458 916 καὶ
491 853 664 931 Προμηθεὺς
695 855 754 918 ἆτ’
786 855 908 933 οὐρανοῦ
939 851 1108 932 διακλέψαι
1140 851 1174 916 τό
1202 854 1273 930 τῦρ.
1320 847 1386 915 Hie
1409 869 1481 914 vero

295 962 450 1026 contrario
483 978 579 1043 quam
615 980 677 1044 quo
712 959 869 1026 Mehlerus
904 983 980 1029 usus
1011 969 1060 1027 est
1088 957 1225 1044 iudicio,
1256 955 1482 1022 secludendum

295 1067 374 1132 duxi
396 1065 554 1145 ὀργοόνοις,
579 1066 771 1131 servandum
795 1068 837 1131 τόι
862 1061 991 1148 ὄργανα.

342 1275 378 1343 C.
402 1277 486 1343 XIX
511 1279 554 1366 (p.
581 1277 654 1358 40):
680 1278 800 1361 Σχεόὀν
823 1281 886 1360 γόορ
910 1283 927 1356 ἡ
952 1280 1017 1354 θεὸς
1043 1279 1184 1364 (Ἀθηνᾶ)
1209 1277 1263 1341 οὐκ
1282 1273 1382 1339 ἄλλον
1404 1272 1483 1344 τινός

296 1384 313 1461 ἢ
336 1384 483 1458 συνέσεως
505 1385 659 1463 έτιόνυμθς
685 1387 782 1464 ἔστιν,
808 1388 921 1468 οὶθρηνῖι
948 1411 996 1460 τις
1020 1383 1112 1462 οὖσα,
1138 1385 1189 1450 καὶ
1215 1383 1322 1449 ταντα
1346 1388 1411 1453 τοῖς
1436 1396 1485 1444 λε-

296 1491 463 1563 νττοτθτοις
497 1489 617 1568 ὀμμασι
648 1499 707 1557 τῶν
738 1501 897 1572 λογισμῶν
929 1493 1107 1573 ὀιαθροῦσα·
1132 1491 1175 1557 eo
1200 1490 1235 1563 a
1260 1488 1313 1553 καὶ
1338 1487 1484 1568 παρθένον

296 1599 393 1672 αὐτην
428 1598 588 1678 ἐτήρησαν.
635 1597 791 1665 'sentabat
819 1601 938 1666 editor:
970 1600 1014 1666 ὀιό
1046 1599 1081 1674 δη
1117 1597 1170 1663 aa}
1202 1595 1366 1677 παρθενίαν
1403 1597 1483 1668 αὕτη

297 1705 447 1784 ἐτήρησεν.
495 1703 654 1791 Equidem
677 1706 771 1772 aliter
794 1704 1070 1774 eorrexerimt'dcd
1095 1703 1131 1779 tt
1153 1707 1205 1770 καὶ
1222 1703 1366 1782 παρθένον
1387 1703 1484 1774 αὐτὴν

296 1810 529 1892 ἱστόρησαν.
576 1810 767 1898 Saepissime
796 1820 902 1880 noster
931 1817 996 1892 ita,
1029 1835 1067 1879 ex
1097 1815 1188 1879 euius
1211 1809 1380 1898 permultis
1405 1807 1484 1874 duos

295 1917 382 1983 loooe
405 1937 595 2003 proponam,
619 1941 652 2004 p.
679 1919 758 1986 115:
784 1921 829 1986 ὀιό
852 1921 887 1994 δη
912 1921 1105 2000 καὶμητέρα
1130 1923 1259 1984 Μουσῶν
1277 1915 1485 1994 Μνημοσύνην

295 2027 461 2104 ἱστοροῦσι,
495 2030 528 2090 et
559 2045 590 2111 p.
624 2025 707 2093 127:
737 2026 775 2092 δι’
800 2024 838 2092 ὧν
863 2027 1010 2093 οἱσοένσοιν
1034 2031 1051 2103 η
1075 2031 1146 2091 κατ’
1170 2025 1330 2104 ὀλίγον’ἕν
1352 2025 1395 2103 τῷ
1419 2031 1485 2098 Τη-

295 2130 433 2213 λεμάχῳ
456 2131 628 2214 τρεφομένη
653 2133 772 2207 σύνεσις
797 2135 826 2199 ἒν
851 2143 914 2208 τοῖς
937 2133 1041 2200 ἔτεσιν
1065 2131 1234 2214 ἱστόρηται.

342 2341 381 2410 (ὀ.
406 2343 468 2410 XX
494 2345 537 2430 (p.
562 2345 636 2422 41):
672 2349 750 2427 Παρ·
785 2343 815 2413 ὀν
845 2349 902 2425 μὲν
930 2347 994 2426 γόιρ
1023 2345 1179 2428 ὀργίζεται
1210 2343 1328 2428 καιρόν,
1361 2344 1391 2407 έν
1419 2350 1485 2412 τοῖς

296 2452 426 2532 στέρνοις
456 2454 471 2517 ὀ
502 2451 595 2528 θυμός
625 2451 764 2528 ἕστηκεν.
789 2491 843 2504 --
868 2455 955 2529 ἡνόιια
988 2453 1018 2517 δ’
1048 2454 1064 2528 η
1089 2453 1162 2533 ὀργη
1186 2452 1318 2529 τέτειρα
1342 2447 1483 2528 γίνεται,

263 2609 270 2621 .
295 2559 511 2641 μετεόληφασθ
534 2561 564 2624 τ’
589 2560 682 2624 αὐτὸν
709 2555 757 2626 οἷοι
780 2567 992 2639 μετανοοῦντα
1012 2561 1066 2636 ἤδη
1087 2560 1249 2643 λογισμοί,
1264 2567 1318 2632 τῆς
1339 2564 1484 2636 κεφαλῆς

294 2663 391 2747 ciani&
423 2668 439 2741 ἡ
471 2667 612 2748 φρόνησις
645 2668 801 2740 εόλητται.
849 2669 887 2734 In
919 2668 970 2733 his
995 2665 1085 2732 nulla
1107 2668 1189 2732 mihi
1212 2668 1393 2732 coniectura
1416 2683 1485 2747 pro-

293 2773 437 2862 ponenda
471 2780 537 2851 est,
573 2775 627 2839 sed
663 2780 771 2840 textus
803 2774 929 2860 qualem
963 2774 1112 2859 descripsi
1143 2796 1162 2838 a
1193 2772 1328 2858 duplici*
1345 2769 1483 2837 Mehleri

293 2882 474 2970 coniectura
498 2881 644 2970 tuendus.
661 2881 808 2950 xEtenim
834 2884 975 2966 primum
999 2880 1191 2945 mutandum
1217 2881 1341 2944 censuit
1365 2879 1395 2941 έν
1419 2885 1483 2947 τοῖς

294 2986 422 3068 στέρνοις
445 2987 458 3050 ὀ
484 2986 576 3063 θυμός
600 2985 721 3070 έζεσεν,
745 2986 883 3070 quod-
895 3009 935 3052 ne
958 2988 1018 3052 hae
1043 2986 1227 3070 metaphora
1250 2985 1315 3049 iam
1342 2987 1375 3049 in
1395 3005 1484 3070 prae-

293 3093 479 3161 cedentibus
503 3099 665 3159 ductorem
689 3115 785 3159 usum
811 3113 1058 3160 commemorem
1072 3089 1099 3178 ¹)
1123 3130 1163 3140 -
1186 3089 1240 3158 rel
1263 3092 1304 3158 ob
1328 3094 1483 3157 aoristum

293 3201 518 3266 inconcinnum
544 3199 770 3266 damnaverim.
812 3201 966 3288 Sequitur
990 3199 1155 3278 εθλητται,
1181 3199 1294 3285 quidni
1318 3199 1484 3284 praecedat

293 3305 440 3381 ἕστηκενέ
475 3305 520 3370 At
547 3345 586 3354 -
612 3306 776 3373 Mehlerue
807 3311 914 3392 inquit
940 3346 981 3356 —
1008 3306 1107 3391 „quid
1131 3309 1173 3371 eit
1197 3307 1210 3370 ὀ
1235 3305 1327 3384 θυμός
1357 3301 1483 3380 ἕστηκεν

293 3437 350 3481 nee
384 3415 467 3478 mihi
499 3435 555 3479 nee
586 3415 735 3498 ediquem
769 3415 861 3480 eredo
892 3421 940 3480 est
963 3413 1192 3479 intellectum.'’
1227 3411 1387 3479 Meliusne
1412 3415 1484 3498 quis

294 3520 463 3608 intellegat
487 3521 501 3584 ὀ
526 3521 617 3597 θυμὸς
641 3517 735 3585 oiseii
759 3520 805 3585 Ae
828 3520 923 3605 paulo
946 3526 1019 3585 ante
1036 3523 1079 3604 (p.
1100 3518 1157 3605 35)
1176 3518 1258 3584 dixit
1278 3517 1482 3586 Heraolitus:

294 3633 347 3694 τοῦ
379 3627 407 3691 δ’
438 3627 555 3704 οόλόγου
586 3626 693 3707 μέρους
718 3627 731 3690 ὀ
756 3627 813 3703 μὲν
839 3627 929 3704 θυμός
953 3628 1030 3692 einer*
1051 3627 1116 3705 περ)
1141 3629 1196 3701 την
1221 3626 1367 3707 καρόθαν,
1394 3630 1427 3692 αἱ
1452 3629 1482 3692 δέ

295 3737 353 3800 τῶν
389 3735 551 3809 έτιθυμιῶν
583 3731 692 3814 ὀρέξεις
724 3735 755 3796 ἐν
786 3734 894 3810 ἥπατι.
942 3731 1007 3799 Our
1036 3735 1144 3818 itaque
1173 3753 1235 3798 non
1259 3733 1393 3813 dixerit,
1422 3755 1482 3801 non

294 3841 416 3906 nudum
450 3841 463 3904 ὀ
496 3841 587 3915 θυμός
619 3839 763 3924 ἕστηκεν,
796 3839 850 3905 sed
882 3841 911 3906 έν
935 3847 998 3913 τοῖς
1028 3841 1156 3919 στέρνοις
1181 3842 1194 3904 ὀ
1217 3841 1309 3916 θυμὸς
1334 3839 1482 3915 έστηκενό

294 3945 452 4012 Similiter
475 3945 642 4011 adhibuit:
667 3946 920 4022 έτισιιοτουμένου
944 3951 998 4011 τοῦ
1022 3947 1108 4011 κατόο
1131 3947 1186 4021 την
1210 3949 1353 4027 κεφαλὴν
1378 3963 1482 4026 λογισ-

295 4060 354 4131 μοῦ
378 4061 440 4125 τοῖς
464 4053 530 4132 τερό
555 4053 596 4115 τόι
621 4054 728 4132 στέρνα
754 4054 874 4130 θυμοῖς,
901 4061 932 4119 et
956 4055 985 4117 ἒν
1010 4047 1031 4136 ᾧ
1055 4055 1138 4133 τότῳ
1163 4055 1197 4119 τό
1219 4053 1343 4131 λογικόν
1363 4053 1482 4134 ὀόρυται

295 4160 400 4241 μέρος,
425 4164 519 4245 atque
541 4157 680 4225 infinitae
704 4159 828 4224 dicendi
852 4158 971 4247 figuras
996 4158 1048 4225 vel
1072 4160 1329 4225 violentissimas.
1373 4161 1482 4247 Neque

328 4395 353 4453 1)
376 4359 499 4444 i’raeeedit
522 4395 596 4444 anim:
622 4397 752 4460 τοιγαροῦν
779 4389 819 4442 ixi
844 4399 892 4444 τῶν
918 4391 1100 4457 διαφλεξάντοιν
1120 4388 1246 4459 Ἀχιλλέα
1264 4393 1342 4456 θυμόν
1361 4395 1440 4458 ὀέστερ
1459 4414 1484 4443 τι

296 4483 438 4548 σβεστήριον
458 4487 531 4532 κοινοῦ
550 4480 675 4547 φάρμακον
693 4482 787 4544 έπθστη
807 4481 833 4547 (ἡ
852 4481 982 4550 optimae).
