3242 5140
842 343 907 409 366

275 532 363 611 τόξον
396 533 544 611 ἑκηβόλος
577 536 637 600 οὐδ’
669 533 833 610 ὐπόνησο.”
857 535 923 622 (Q.)
953 536 1071 602 Eadem
1104 539 1212 601 onmis
1241 541 1316 600 sunt
1337 539 1370 600 in
1396 535 1468 610 ΕΡ,

278 643 333 707 ssd
368 643 577 708 Ambrosieno
611 641 718 708 multo
753 647 910 720 breviore⁴
926 665 984 709 neo
1014 643 1238 710 emendetiore.
1284 643 1472 728 Disputarit

279 755 387 815 entem
411 749 448 814 de
468 749 517 814 his
536 748 772 826 Buttmannns‚
795 787 836 798 -
851 749 1094 836 Dindorfinsque
1105 751 1269 836 repetivit,
1284 787 1326 800 -
1340 752 1373 814 in
1385 749 1470 816 huno

278 857 430 922 modum:
466 858 616 943 „egregie
648 857 798 922 confusio.
846 855 968 922 Versus
998 864 1046 922 est
1076 856 1239 943 Apollonii
1268 856 1412 942 (Rhodii)
1435 855 1468 933 1,

279 962 341 1040 88,
378 963 531 1046 Εὐρύτου,
567 956 588 1044 ᾧ
624 963 695 1043 πόρε
730 960 815 1039 τόξον
850 963 1017 1042 ἑκηβόλος,
1050 961 1113 1030 οὐδ’
1147 961 1282 1040 ἀπόνητο
1313 963 1468 1036 Δυτόνης·

279 1069 363 1149 αὐτῷ
396 1069 459 1148 γὰρ
493 1067 566 1133 ἑκὼν
590 1067 701 1148 detines
723 1069 855 1149 δοτῆρι.”
901 1067 1051 1137 Confusio
1073 1091 1184 1136 versus
1206 1068 1370 1155 Apollonii
1393 1091 1469 1136 oum

276 1175 448 1241 Homerieo
471 1177 679 1263 grammatioi
698 1177 757 1253 sit,
776 1179 831 1261 qni
851 1177 929 1242 heeo
950 1177 1145 1262 oomposnit;
1167 1181 1201 1269 et
1217 1177 1359 1244 confusio
1378 1177 1469 1244 verbi

277 1303 351 1348 oum
387 1285 616 1368 praepositione
651 1288 734 1348 torte
769 1285 891 1349 scribae
925 1289 973 1349 est
1007 1281 1210 1370 impetendo,
1254 1303 1310 1350 neo
1355 1283 1467 1350 dubito

275 1391 351 1473 quin
378 1392 625 1477 gremmstione,
658 1391 802 1475 quisquis
833 1395 897 1468 est,
932 1397 1016 1456 rente
1039 1399 1134 1476 etque
1156 1389 1264 1456 ordine
1287 1391 1465 1476 scripserit:

275 1491 296 1576 ᾧ
328 1495 422 1574 πόρε
455 1493 539 1570 τόξον
577 1493 741 1573 ἑκηβόλος,
776 1517 838 1562 non
868 1499 946 1577 τερό.
993 1496 1055 1564 Sed
1079 1497 1250 1586 diligenter
1272 1497 1466 1572 videndum,

275 1623 315 1668 en
345 1623 408 1668 non
436 1603 564 1686 gravior
588 1621 712 1687 quoque
735 1601 792 1668 ills
816 1623 921 1668 rerum
947 1605 1104 1680 confusio,
1130 1623 1226 1689 quem
1249 1603 1466 1670 Buttmannns

275 1715 367 1776 sonte
386 1711 595 1796 investigavit
614 1711 816 1794 notavitque,
830 1711 1005 1776 scribarum
1026 1713 1232 1776 oscitantium
1248 1713 1465 1796 potiusquam

276 1817 481 1905 grammatici
516 1817 558 1881 sit
592 1815 753 1903 flagitium
786 1817 938 1883 habende
987 1817 1115 1884 Etenim
1138 1799 1238 1902 ⁴pluro
1269 1825 1358 1894 sunt,
1383 1837 1465 1903 queo

274 1925 357 1990 mihi
380 1924 415 1986 in
438 1922 497 1988 heo
520 1922 735 2008 disputatione
759 1925 966 2009 miransque
989 1945 1007 1989 e
1029 1926 1316 2011 gmmmstioomm
1335 1943 1465 1992 eonsue-

275 2030 386 2096 tudine
415 2051 481 2096 esee
512 2029 688 2096 videantur.
737 2029 811 2095 Nisi
834 2051 886 2096 me
909 2031 1017 2116 omnis
1040 2029 1168 2106 fallunt,
1197 2052 1258 2096 non
1282 2037 1330 2096 est
1353 2050 1463 2096 eorum

274 2137 388 2221 moris,
418 2139 451 2201 in
482 2137 622 2202 Homero
656 2137 781 2204 nitendo
812 2138 949 2223 incipere
979 2137 1018 2202 sb
1050 2135 1086 2208 ὐς
1124 2145 1218 2215 φησιν
1244 2137 1258 2200 ό
1282 2135 1393 2214 οὐτός,
1421 2125 1461 2184 ’-

273 2244 356 2310 nihil
378 2251 588 2330 praecesserat
610 2263 649 2308 ex
673 2265 709 2309 eo
733 2245 886 2320 citatum,
900 2249 1043 2320 -tnm,
1068 2246 1158 2328 qussi
1181 2264 1243 2310 non
1267 2247 1333 2310 iem
1352 2247 1464 2329 poetae

274 2356 435 2437 respectus
469 2356 550 2416 esset
581 2349 729 2435 habitus,
760 2353 798 2420 ύι
831 2352 860 2415 ἐν
893 2349 1005 2416 Ἰλιάδι
1037 2351 1143 2432 φησίν.
1189 2350 1297 2415 Eitism
1321 2351 1380 2416 hoo
1406 2371 1464 2416 nos

273 2458 418 2523 advertat
454 2475 577 2522 neeesse
613 2463 677 2541 est,
709 2457 771 2522 duo
802 2459 908 2542 prims
937 2458 1034 2524 verbs
1063 2457 1126 2522 ούτ·
1155 2455 1279 2538 Ενρύτρ
1310 2478 1372 2522 non
1395 2475 1464 2522 esse

274 2561 455 2650 Apollonii,
487 2562 541 2628 sed
572 2561 724 2636 Homeri.
757 2569 789 2628 st
820 2585 881 2629 non
899 2585 951 2654 er
983 2553 1098 2647 Iliade,
1123 2563 1175 2628 sed
1201 2585 1239 2628 ex
1264 2569 1370 2630 nostro
1393 2563 1463 2648 ipso

272 2670 350 2736 loeo.
388 2668 476 2734 Itane
493 2671 742 2757 grammaticum
762 2669 951 2736 obliviosum
972 2669 1070 2734 fuisse
1090 2676 1253 2754 putemus,
1268 2691 1363 2755 quem
1376 2669 1462 2735 hond

273 2797 362 2842 secus
393 2797 428 2841 no
459 2774 658 2852 mendaeem,
684 2778 777 2840 utin
801 2777 966 2860 proverbio
990 2785 1054 2846 est.
1079 2797 1255 2844 memorem
1279 2797 1345 2842 esse
1369 2797 1462 2862 opor-

273 2881 340 2949 tet?
371 2883 528 2968 Equidem
552 2885 658 2968 potius
682 2885 952 2967 existimaverim,
978 2883 1071 2948 solito
1099 2883 1274 2948 scribarum
1298 2903 1400 2948 errore
1423 2879 1462 2953 ὐε

272 3001 367 3067 φησιν
401 2989 414 3054 ό
438 2989 529 3060 αὐτὸς
555 2995 587 3054 et
612 2992 649 3054 cic
675 2989 705 3052 ἒν
729 2987 836 3052 Ἰλιόδι
861 2997 955 3067 φησιν
979 2991 1084 3056 locum
1110 2995 1263 3058 motasse.
1291 3011 1327 3054 no
1349 2989 1464 3054 deinde

273 3099 306 3161 in
349 3095 409 3161 fine
450 3103 577 3181 propter
612 3097 839 3172 ὁμοιοσέλεοτον
873 3097 1026 3166 excidisse
1060 3097 1226 3181 quaedam.
1274 3096 1385 3182 [toque
1416 3100 1463 3162 sio

274 3208 377 3268 totum
410 3205 648 3269 constituerim:
679 3209 896 3277 συλληττιιιῶς
922 3237 941 3254 ·
956 3239 976 3254 -
1000 3225 1068 3266 τινι.
1093 3202 1110 3277 ἢ
1135 3203 1201 3266 ἐπεὶ
1226 3201 1336 3280 ἔτρωσε
1360 3203 1461 3280 θεούς,

272 3312 318 3382 ὡς
351 3311 389 3374 ἐν
422 3308 568 3374 Ἰλιοόύι
602 3308 749 3388 Φησόν·
787 3308 926 3390 „reid”
951 3308 1028 3388 Ἥρη
1056 3327 1108 3358 ⁴-
1132 3304 1311 3388 τριγλώχινι
1335 3307 1461 3386 βεβλύ·

167 3435 168 3440 ’
274 3415 348 3480 κει.”
371 3416 385 3479 ό
410 3415 439 3481 δὲ
464 3413 595 3494 Εὔρυτος
616 3413 788 3480 Ἀπόλλωνι
809 3416 921 3499 ἤρισεν,
943 3413 986 3487 ύς
1009 3423 1135 3494 Φησιν
1160 3416 1173 3478 ό
1198 3413 1340 3484 ιούτύτ·
1365 3415 1462 3490 ,οὐτ’

272 3524 432 3603 Εὐρύτῳ
470 3521 709 3608 (οὐχοιλιῆἵ”
739 3523 805 3586 usi
838 3521 888 3586 τόν
921 3520 1023 3596 ἑξῆς.
1057 3523 1069 3586 ό
1104 3520 1134 3585 δ’
1166 3523 1458 3594 Ἀπολλώνιος·

275 3629 508 3711 stitione),
534 3623 555 3710 ᾧ
576 3627 670 3707 πόρε
690 3627 777 3702 τόξον
797 3627 945 3704 ἑκηβόλος
966 3627 1028 3693 οὐδ’
1050 3626 1214 3700 ιὶτόνητο.”
1241 3627 1363 3702 Scriba,
1377 3631 1460 3714 quod

271 3719 526 3822 frequentissime
549 3736 687 3819 foetum,
716 3755 779 3800 une
802 3733 887 3800 lineo
909 3737 1045 3817 omisso,
1069 3741 1140 3819 post
1164 3733 1226 3799 οὔτ’
1250 3733 1391 3816 Εὐρύτῳ,
1417 3775 1460 3786 -

269 3862 332 3909 non
360 3847 398 3908 nt
420 3843 555 3908 debebat
579 3847 649 3926 post
672 3842 823 3920 Εὐρύτου,
852 3879 892 3888 -
918 3859 1046 3907 exerere
1069 3843 1208 3924 perrexit
1231 3835 1252 3924 ᾧ
1277 3839 1369 3925 πόρε,
1392 3863 1460 3910 vor·

271 3948 350 4013 bum
382 3950 511 4032 insuper
542 3947 625 4013 mele
657 3947 776 4036 legens.
823 3946 925 4013 Verbo
956 3966 1086 4023 moneo,
1118 3948 1216 4013 etiem
1245 3969 1325 4033 quos
1349 3949 1387 4013 sd
1412 3971 1459 4014 rs.

270 4053 338 4118 226
368 4071 408 4119 ex
440 4053 549 4120 eodem
585 4052 612 4133 Q
641 4053 797 4140 sdsoripts
829 4061 904 4118 sunt
927 4073 1000 4118 oum
1025 4057 1131 4118 nostro
1155 4053 1276 4120 sobolio
1299 4075 1366 4121 esse
1390 4077 1461 4122 oon·

269 4161 445 4249 iungendo,
479 4159 538 4225 etsi
569 4159 718 4232 mendose
749 4167 781 4226 et
811 4161 881 4246 ipss
909 4165 1003 4244 etque
1035 4161 1080 4224 its
1103 4164 1309 4245 [comparate
1350 4166 1386 4226 nt
1422 4163 1461 4228 iis

271 4287 362 4352 opem
389 4265 526 4332 serendis
549 4287 632 4332 nuno
655 4285 717 4332 non
741 4271 812 4334 sim.

316 4483 345 4558 ό,
373 4480 449 4546 258.
476 4483 670 4561 Αἰσυμνῆται
695 4482 725 4547 δὲ
745 4479 837 4563 κριτοὶ
857 4479 943 4546 ἑννόυ
961 4481 1077 4552 πιόντες
1098 4481 1241 4547 ὐνέστσν.
1266 4481 1458 4548 Dubiietum
