3242 5140
905 301 970 368 414

347 491 455 560 c'odiee
485 491 642 570 sonabile,
666 499 699 556 ot
721 492 874 556 libentius
898 512 937 556 ex
961 513 998 558 eo
1021 497 1282 580 cognovissemus
1306 515 1346 560 an
1369 517 1478 564 revere
1497 499 1522 560 in

346 599 453 664 codice
483 605 553 683 poet
584 597 785 680 agazoniam
816 606 988 683 sequentur
1018 601 1114 666 verba
1146 604 1323 688 aenigmati
1346 602 1467 668 similia
1487 606 1523 672 ὡς

346 712 504 786 προσῆν.
538 706 635 793 (App.
668 727 700 792 p.
737 703 825 789 778).
873 704 907 771 Si
938 707 1071 784 adsunt,
1097 727 1135 771 ex
1159 709 1199 770 iis
1222 709 1362 792 pessime
1387 709 1527 774 mulcetis

346 810 594 898 exsculpendum
619 815 801 879 existimavi
828 812 892 880 tale
912 815 1105 896 quaestionis
1121 813 1268 878 initium:
1290 815 1342 878 οὐκ
1368 816 1527 890 οἰκεῖος,

344 919 457 1004 spania,
483 917 617 999 ἔλεγχος
637 919 708 983 οὐδὲ
733 918 935 990 ἀκόλουθος
961 927 1024 991 τοῖς
1045 918 1261 999 προκειμένοις.
1287 921 1355 984 καὶ
1381 923 1475 1002 πρὸς
1496 923 1528 983 τί

345 1026 541 1108 βλασφημεῖ
562 1026 591 1089 δὲ
612 1029 651 1097 ὡς
672 1024 937 1103 paradarum
961 1023 1127 1106 Quomodo
1145 1029 1286 1112 quaestio
1306 1025 1413 1094 soluta
1431 1029 1528 1104 fuerit,

345 1133 436 1198 nobis
457 1134 565 1218 periit.

1574 898 1588 940 o

393 1432 418 1486 ι,
444 1405 520 1475 364.
572 1408 727 1493 Κύκλωψ,
758 1410 882 1492 εἰρωτᾷς
912 1407 949 1488 μ’
981 1407 1076 1483 ὄνομα
1104 1411 1228 1488 adarim
1253 1411 1462 1479 Adiectivum
1485 1413 1532 1476 hic

347 1537 410 1581 non
433 1514 527 1580 solita
550 1514 780 1602 significatione
806 1515 949 1580 adhiberi
971 1516 1120 1583 docemur
1143 1517 1263 1584 scholio
1286 1541 1324 1584 ex
1348 1519 1395 1593 Q:
1427 1519 1532 1583 κλυτὲν

346 1623 399 1687 οὐκ
425 1619 553 1706 ἔνδοξον,
575 1621 652 1685 ἀλλ’
673 1621 708 1700 ἐξ
726 1617 759 1686 οὗ
778 1627 953 1706 καλοῦμαι,
971 1620 989 1688 ὅ
1005 1623 1086 1686 ἔστιν
1105 1624 1276 1700 ἐπώνυμον,
1298 1625 1533 1702 ὦςκαὶἼβνιιοε
1587 1677 1588 1680 ¹

349 1728 481 1812 „saurir
505 1726 614 1808 opopa?
639 1729 652 1793 i
676 1729 874 1804 καλούμενος.
925 1728 993 1794 Iam
1024 1729 1242 1796 Buttmannus
1274 1731 1313 1796 ad
1337 1729 1535 1819 Etymologi·
1587 1767 1588 1808 ρ

349 1856 423 1900 cum
446 1835 604 1923 Magnum
631 1837 668 1918 (s.
695 1858 725 1901 v.
752 1835 842 1920 Ἠώς)
869 1856 924 1900 noe
948 1839 1088 1920 remisit,
1108 1839 1141 1901 in
1160 1840 1251 1902 cuiue
1271 1839 1465 1926 paragraphi
1479 1837 1535 1902 fine

347 1941 515 2007 simillima
537 1940 691 2030 leguntur
714 1963 752 2006 ex
776 1941 1007 2027 antiquioribus
1030 1949 1123 2028 etque
1148 1942 1376 2032 integrioribus
1396 1945 1536 2010 fontibus

345 2050 384 2114 eb
415 2055 550 2137 utroque
580 2054 707 2113 auctore
739 2049 909 2134 descripta:
942 2051 1088 2122 Αἰολικῶς
1121 2049 1152 2113 a
1184 2049 1263 2120 αὔας
1293 2051 1450 2136 (dicitur),
1476 2052 1536 2114 ciri

344 2159 398 2221 τοῦ
429 2155 492 2220 ado
521 2159 556 2221 τὸ
588 2161 695 2236 φωνῶ·
727 2155 795 2220 αὔει
828 2156 890 2236 γὰρ
914 2158 956 2219 τοὶ
982 2154 1043 2236 ζῷα
1053 2205 1061 2235 ,
1088 2154 1106 2222 δ’
1127 2157 1191 2222 ἐστι
1217 2165 1325 2230 καλεῖ,
1352 2157 1406 2221 καὶ
1431 2157 1536 2224 adone:

344 2264 451 2330 πάντα
483 2265 537 2350 (an
571 2259 759 2347 πάντεςῖ)
793 2263 829 2326 δι’
862 2265 971 2336 αὐτῆς.
1006 2263 1057 2328 καὶ
1091 2265 1153 2344 γὰρ
1186 2265 1271 2328 κατα
1294 2268 1385 2328 τοῦτο
1409 2265 1462 2327 καὶ
1489 2265 1538 2329 τὸν

340 2373 466 2450 Ἴβυκον
490 2369 635 2452 εἰρηκέναι
662 2371 794 2448 ‚monada
814 2367 943 2448 o'pipov,”
960 2371 1012 2432 ria
1031 2373 1085 2434 τοῦ
1104 2371 1207 2435 κλύειν
1226 2371 1333 2434 αἴτιον.
1366 2369 1402 2434 Iu
1424 2371 1538 2438 scholii

343 2479 443 2544 nostri
475 2478 569 2544 initio
600 2475 731 2541 malim:
760 2476 869 2540 κλυτὸν
895 2477 982 2560 (νῦν)
1007 2479 1059 2540 οὐκ
1084 2473 1218 2550 ἔνδοξον,
1243 2478 1320 2540 ἀλλ’
1344 2489 1415 2541 ιιτλ.
1466 2476 1538 2542 Ηοο

240 2615 243 2622 ’
345 2606 467 2672 quoque
498 2587 657 2650 neminem
689 2583 799 2671 fugere
830 2587 948 2668 potest,
974 2585 1203 2668 expositionem
1240 2585 1411 2649 verborum
1446 2583 1539 2669 Ibyci

342 2713 405 2758 non
441 2691 534 2777 plane
570 2712 635 2756 esee
667 2689 797 2754 eandem
831 2691 864 2752 in
895 2701 1002 2754 nostra
1025 2695 1100 2754 nota
1121 2695 1153 2755 et
1176 2690 1260 2776 apud
1283 2689 1539 2776 Etymologurn:

344 2799 461 2883 quippe
494 2797 577 2883 apud
608 2795 693 2860 hunc
725 2794 834 2866 κλυτὸς
859 2793 953 2876 ὄρθρος
979 2799 1148 2881 exponitur
1169 2799 1184 2857 ὁ
1207 2799 1261 2859 τοῦ
1285 2795 1388 2860 κλύον
1414 2794 1536 2868 αἴτιος,

341 2907 374 2969 in
397 2907 513 2970 nostris
538 2907 550 2967 i
577 2903 783 2979 καλούμενος,
810 2923 906 2987 quam
931 2909 1038 2967 tamen
1060 2905 1248 2987 scripturam
1273 2922 1335 2966 non
1358 2902 1461 2966 habeo
1486 2925 1542 2968 cur
1587 2891 1588 2960 ἓ

342 3014 416 3080 vitii
439 3011 633 3076 insimulem.
1587 3023 1588 3032 ¹

388 3313 412 3362 ι,
438 3286 514 3352 366.
564 3279 658 3358 Οὖτις
689 3284 790 3361 ἔμοιγ’
821 3281 935 3360 tropa:
968 3279 1247 3361 προπεριτπαστὲον
1280 3284 1331 3342 νῦν
1355 3280 1397 3342 τὸ
1423 3275 1535 3356 ὄνομα.
1587 3329 1588 3340 ,

342 3398 391 3462 ἐπὶ
417 3398 449 3460 δὲ
472 3399 526 3460 τοῦ
554 3395 652 3478 „odra
678 3415 719 3468 με
740 3390 867 3454 arsiae?
888 3387 993 3474 (408),
1014 3385 1230 3464 παροξυντὲον·
1250 3389 1289 3456 ὡς
1309 3385 1360 3450 δύο
1380 3387 1446 3462 γὰρ
1459 3387 1538 3465 μέρη

341 3503 435 3582 λόγον
469 3499 772 3581 παραλαμβάνεται.
808 3497 862 3582 (Q)
894 3496 951 3560 Est
983 3495 1060 3560 haec
1088 3493 1264 3560 Herodieni
1297 3501 1387 3568 note,
1415 3494 1452 3556 in
1478 3513 1540 3575 qna

341 3613 564 3676 inconcinnum
596 3613 697 3682 certe,
729 3627 768 3670 ne
797 3603 928 3692 gravius
952 3602 1073 3677 dicam,
1103 3601 1228 3666 videtur
1251 3601 1286 3664 τὸ
1311 3597 1427 3681 ὄνομα,
1453 3597 1539 3682 quod

341 3717 490 3782 Struvius
515 3719 547 3780 in
571 3715 606 3778 τὸ
632 3709 726 3782 Οὖτις
753 3712 915 3784 mutabat,
942 3710 1145 3790 existimans,
1169 3709 1196 3772 si
1220 3711 1304 3772 recte
1328 3707 1541 3789 interpretor,

340 3823 434 3900 drona
471 3845 509 3888 ex
540 3821 692 3886 lemmate
724 3839 791 3884 esse
820 3819 1004 3900 repetitum.
1050 3813 1191 3880 Facilius
1221 3811 1326 3878 multo
1358 3811 1539 3876 Herodiani

340 3952 456 3996 manue
480 3929 664 3994 restituetur
687 3929 749 3990 sic:
775 3920 1054 4004 προπερινπαστέιν
1079 3925 1128 3984 νῦν
1151 3922 1196 3991 ὡς
1221 3918 1335 3996 ὄνομα,
1361 3925 1394 3982 et
1416 3917 1540 3984 simul.

341 4041 375 4104 ni
406 4037 516 4119 folior,
548 4036 671 4100 verius:
705 4025 799 4096 cansd
822 4033 908 4094 enim
926 4030 1045 4093 mutati
1069 4033 1215 4094 accentus
1238 4029 1284 4092 sio
1308 4031 1437 4092 tantum
1467 4026 1540 4091 red·
1587 3997 1588 4076 4

343 4146 440 4212 ditur·
488 4141 636 4209 indidem
670 4144 899 4224 provenerunt,
933 4155 1013 4218 quae
1042 4138 1072 4198 in
1104 4133 1328 4217 Epimeriemis
1351 4131 1539 4198 Homericis

251 4331 255 4341 Ι
344 4249 498 4340 (Anecdd.
531 4248 653 4314 Oxonn.
685 4243 845 4325 Cremuti,
877 4249 900 4306 t.
926 4242 940 4306 I
964 4263 995 4325 p.
1021 4239 1104 4322 314,
1131 4239 1172 4304 10
1205 4245 1305 4323 seqq.)
1329 4261 1352 4302 s
1380 4261 1410 4304 v.
1437 4237 1539 4306 odsi.-

341 4359 510 4444 leguntur:
543 4356 577 4418 τὸ
609 4353 641 4417 οὐ
671 4351 840 4430 ἐπίρρημα·
864 4349 899 4413 τὸ
923 4353 970 4418 τις
996 4346 1142 4425 α’ὀριστιν.
1167 4347 1202 4410 τὸ
1228 4346 1259 4412 δὲ
1284 4341 1380 4418 Οὖτις
1406 4347 1457 4412 ἐπὶ
1486 4351 1540 4410 τοῦ

344 4463 514 4534 Ὀδυσσέας
546 4461 634 4522 ἀντὶ
666 4459 765 4544 [τοῦ]
798 4457 995 4534 ὀνόματος
1022 4455 1148 4535 κυρίου
1173 4453 1454 4530 λαμβάνεται·
1485 4455 1539 4518 καὶ
1587 4527 1588 4536 ¹
