3232 5136
852 333 894 402 40

273 542 389 611 quam:
422 521 488 589 ἐπεὶ
513 523 577 586 καί
601 527 744 606 λοχαγὸς
769 527 783 592 ί
807 525 993 607 ταξίαρχος,
1018 527 1052 591 in
1077 523 1193 610 quibus
1218 523 1323 591 verbis
1347 521 1477 592 desinit

274 639 420 698 nostrum
449 629 615 704 Scholion,
640 639 672 697 et
694 640 911 707 contractum,
940 671 980 682 -
1005 637 1042 696 ut
1065 651 1160 717 supra
1183 627 1342 716 diximus,
1369 671 1414 681 -
1443 635 1478 699 et

273 758 348 804 vero
371 740 469 803 etiam
493 737 692 803 distractum.
739 739 823 805 Nem
847 739 946 805 altera
969 759 1041 823 pars
1064 737 1290 822 disputationis
1322 738 1477 825 Porphy-

273 846 400 930 manee,
430 868 510 933 quae
540 865 614 912 cum
644 847 857 931 superioribus
881 865 942 910 uno
966 850 1073 910 tenore
1097 846 1264 910 coniuncta
1287 844 1413 933 legitur
1439 847 1477 910 in

274 953 397 1020 Veneto
420 953 447 1019 Β
471 955 509 1021 ad
533 955 681 1038 iliadem,
705 956 738 1018 in
762 953 877 1018 nostris
900 949 1037 1017 Scholiis
1060 951 1135 1016 hinc
1164 949 1275 1016 avulsa
1298 950 1338 1016 ed
1359 951 1387 1034 θ,
1403 950 1476 1016 340

273 1059 375 1126 relata
409 1067 469 1130 est.
505 1083 617 1147 quam,
649 1049 724 1126 oum
755 1079 817 1124 non
848 1059 954 1144 magis
985 1057 1171 1144 corruptelis
1203 1062 1313 1135 vacet,
1340 1059 1389 1123 ibi
1415 1081 1479 1124 suo

276 1166 345 1235 loco
369 1169 587 1234 tractabimus.

321 1407 359 1468 οι,
386 1381 451 1448 110
475 1402 561 1468 seqq.
1062 1449 1064 1454 .

414 1489 438 1553 οί
463 1487 519 1564 μὲν
542 1484 593 1566 ἄρ’
618 1480 691 1549 οἶνον
715 1484 842 1560 ἔμισγον
867 1483 907 1548 ἐνί
931 1489 1071 1564 κρητῆρσι
1097 1483 1148 1549 καί
1175 1483 1266 1564 ὕδωρ,

410 1593 435 1658 οἱ
461 1592 489 1656 δ’
514 1589 589 1657 αὖτε
613 1591 780 1669 σπόγγοισι
806 1593 1018 1671 πολυτρήτοισι
1042 1591 1201 1673 τραπέζας

413 1699 489 1780 νίζον
512 1699 565 1763 καί
590 1697 794 1778 πρθτιθεν,
817 1699 877 1760 τοι
902 1697 943 1763 δὲ
966 1695 1039 1776 κρέα
1064 1698 1171 1762 πολλοὶ
1193 1698 1352 1763 δατεῦντο.

277 1804 458 1892 Legebatur
481 1803 560 1869 olim
585 1825 631 1869 vs.
656 1803 737 1869 112:
763 1803 839 1880 νίζον
862 1805 915 1866 καί
940 1804 1189 1882 προτίθεντο,
1216 1802 1273 1868 tel
1295 1802 1368 1882 κρέα
1386 1821 1478 1883 arra..

276 1912 382 1976 verbis
406 1932 444 1977 ex
467 1913 624 1995 scriptura
647 1911 794 1994 antiqua,
819 1909 937 1974 unciali
965 1930 1000 1974 ae
1021 1914 1187 1986 continua,
1209 1909 1303 1975 aliter
1322 1931 1358 1974 ac
1378 1911 1479 1994 peius

277 2017 406 2103 quidem
435 2018 611 2102 diremptis.
658 2016 708 2080 Ad
731 2016 808 2080 baec
831 2014 996 2080 Scholion:
1021 2015 1145 2092 ἄμεινον
1170 2024 1263 2096 φησιν
1288 2017 1479 2096 Ἡρωδιανὸς

277 2160 320 2171 -
344 2126 447 2189 immo
476 2123 685 2205 Aristarchus,
716 2121 771 2186 afr.
805 2119 917 2186 (lebeti
949 2127 980 2186 et
1004 2120 1159 2187 Dindorfii
1183 2122 1222 2187 ad
1246 2123 1315 2188 h.l.
1339 2131 1479 2190 annota-

276 2232 379 2295 tiones
409 2237 442 2294 et
471 2227 622 2294 Scholion
655 2227 694 2292 ad
724 2250 765 2304 γ,
793 2228 852 2310 10,
878 2227 963 2311 quod
987 2249 1055 2293 rem
1080 2226 1224 2312 conficit,
1251 2267 1292 2277 -
1317 2234 1479 2304 ἀναγινώ-

277 2360 359 2402 σκειν
392 2337 465 2414 ,καί
499 2335 655 2419 πρότιθεν,
685 2334 730 2398 τοί
763 2333 794 2398 δὲ
819 2333 895 2398 -.”
920 2334 972 2398 καὶ
998 2335 1061 2413 γοὶρ
1086 2336 1099 2399 ὁ
1124 2334 1217 2412 λόγος
1242 2333 1318 2400 οὕτω
1344 2340 1478 2413 μᾶλλον

277 2444 456 2516 οίιιθλουθος·
481 2443 507 2508 σι’
530 2443 588 2520 μὲν
611 2436 683 2506 οἶνον
708 2439 854 2524 ἔμισγον,
879 2441 903 2504 οἱ
928 2441 958 2505 δὲ
982 2441 1150 2518 σπόγγοισι
1176 2440 1267 2520 νίζον,
1291 2443 1316 2507 οί
1342 2440 1374 2506 δὲ
1395 2445 1476 2521 κρέα

277 2552 421 2633 ἐμίριζον.
456 2551 507 2614 καί
532 2548 636 2615 ἄλλοι
660 2547 712 2611 τίν
737 2545 951 2624 παρατατικθν
974 2552 1027 2610 τοῦ
1051 2547 1155 2623 τίθημι
1179 2548 1376 2628 ἕνεργητιιιῶς
1402 2544 1477 2615 οἶδε

276 2659 442 2736 λεγόμενον
464 2658 477 2721 d
498 2658 623 2730 ποιητής
634 2703 643 2732 ,
664 2657 695 2719 οὐ
718 2655 913 2736 παθητικῶς,
937 2654 1044 2736 ,παρα
1065 2654 1097 2718 δέ
1113 2661 1170 2733 σφι
1184 2653 1293 2720 τίθει.”
1309 2656 1361 2742 (α,
1379 2655 1474 2743 142.)

277 2765 496 2828 οίκὸλουθον
528 2761 819 2837 πληθυντικόν,
852 2759 928 2841 νίζον
953 2761 1005 2824 καί
1031 2759 1177 2839 πρότιθεν.
1225 2759 1395 2828 Servatum
1421 2771 1477 2828 est

276 2872 311 2933 in
343 2869 444 2933 tribus
473 2866 572 2932 Codd.
606 2866 720 2943 Mon,
746 2870 864 2951 optime
887 2869 921 2931 in
945 2865 1000 2943 M,
1025 2869 1079 2952 qui
1104 2872 1211 2932 tamen
1236 2888 1310 2933 cum
1335 2874 1477 2936 caeteris

276 2977 392 3042 habere
426 2974 554 3040 ridetur
588 2974 685 3038 verba
720 2993 782 3038 non
818 2972 1017 3037 cohaerentia
1054 2973 1215 3038 οίκίιιουθον
1248 2978 1475 3054 πληθυντικόν,

276 3083 316 3147 ιιι]
359 3103 438 3166 quae
483 3077 680 3144 Dindorfiue:
719 3063 941 3155 ,scribendum
988 3078 1114 3144 videtur
1150 3074 1171 3160 ᾧ
1212 3081 1373 3146 σίνίλοοίον
1415 3083 1476 3149 vel

276 3187 438 3253 ἀκόλουθον
470 3183 546 3252 οὖν.”
592 3187 755 3251 Posterius
785 3183 975 3268 amplectar,
1000 3185 1056 3250 sad
1078 3208 1118 3251 ne
1141 3189 1188 3252 ita
1210 3188 1341 3272 quidem
1365 3193 1475 3256 oratio

276 3299 353 3360 satis
389 3297 540 3359 concinna
575 3296 651 3358 exit.
700 3291 913 3371 Quamobrem
950 3295 1148 3376 scripserim:
1185 3293 1346 3359 οὶιιίιιουθον
1389 3293 1475 3380 (οὖν

277 3402 342 3467 καί
367 3401 423 3484 τὸ)
453 3399 670 3474 πληθυντικόν.
706 3397 803 3478 ,νίζον
826 3399 878 3460 καί
903 3395 1069 3475 πρίτιθεν,”
1094 3399 1215 3481 verbis,
1239 3421 1319 3484 quae
1341 3399 1473 3468 lunulis

275 3509 408 3591 inclusi,
432 3510 538 3572 nescio
561 3527 623 3590 qua
647 3507 685 3570 de
710 3524 805 3570 eausa
828 3505 964 3568 omissis.

322 3743 361 3796 α,
388 3717 464 3783 113.
487 3716 589 3781 Intrat
614 3715 736 3781 Athene
760 3722 792 3781 et

458 3826 512 3899 την
537 3824 566 3888 δὲ
591 3824 670 3887 πολὺ
695 3829 808 3902 πρῶτος
833 3821 881 3886 lte
905 3821 1099 3905 Τηλέμαχος
1125 3822 1262 3899 θεοειδής.

276 3933 459 3999 Adnotatur
493 3931 532 3996 ad
568 3931 661 3995 haec:
699 3931 802 4000 καλῶς
834 3935 948 4009 πρῶτος
979 3931 1174 4012 Τηλέμαχος
1205 3931 1335 4005 ’Λθηνᾶν
1368 3932 1469 4020 ἐφορᾷ

278 4042 375 4126 (recte
398 4041 443 4104 sio
462 4037 512 4112 D,
534 4039 587 4119 ι’·ρρῐ
612 4035 651 4120 ld)
677 4038 714 4106 cir
738 4035 831 4108 αὐτὸς
856 4035 945 4111 μόνοι
970 4035 1032 4099 dard
1058 4039 1117 4100 τῶν
1140 4035 1246 4102 ἄλλον
1269 4046 1295 4116 Φ
1304 4061 1385 4117 ρονι
1394 4043 1467 4117 μθ·

277 4170 410 4230 τερος,
443 4152 501 4209 τῶν
521 4143 697 4220 μνηστήρων
718 4143 782 4222 περί
804 4143 962 4218 συμπόσια
987 4144 1225 4224 ἀσχολουμένων
1250 4143 1334 4229 (DE)
1393 4147 1470 4214 Non

277 4259 351 4318 sunt
382 4251 487 4316 hercle
516 4251 626 4338 magni
658 4249 735 4314 haee
765 4251 940 4332 momenti,
972 4250 1025 4315 sed
1056 4256 1093 4314 ut
1117 4251 1238 4336 aliquid
1263 4249 1468 4338 significent,

275 4360 427 4424 suaserim
459 4364 496 4422 ut
525 4357 669 4445 legatur:
702 4356 739 4426 ὡς
770 4353 863 4428 αὐτὸς
889 4357 979 4434 μα’νος
1003 4358 1066 4422 erl
1091 4365 1148 4424 τῶν
1173 4355 1278 4423 ἄλλων
1306 4363 1467 4438 Φαντα-

275 4463 449 4554 ζθριενος.
