3330 5144
765 299 831 368 239

245 493 279 570 δ,
304 489 381 556 244.
414 491 543 566 Ταύτην
566 491 750 569 ἐπελέξατο
777 492 807 572 (ri
832 490 953 566 Ἑλένη)
980 495 1032 555 τοῦ
1059 491 1161 571 eistete
1187 491 1242 564 ,τήν
1266 487 1390 570 πρᾶξιν,

200 601 230 663 ἐν
262 595 337 681 ήτό
362 602 426 664 πῖον
450 600 629 680 ύφεληκυῖα
653 600 746 665 αὐτὸν
770 599 928 681 φαίνεται.
978 596 1114 664 Orodem
1137 595 1309 674 ἐξελέξατο
1334 597 1392 668 nli-

200 709 317 792 qnento
342 707 459 772 rectius
483 725 559 772 esse.

246 917 279 993 δ,
317 915 394 982 245.
440 916 678 984 Revertendum
712 923 761 984 est
796 919 836 983 ed
870 917 1012 985 scholion
1048 937 1086 984 ex
1120 917 1163 998 Q,
1195 915 1391 1003 adscriptum

201 1027 313 1109 poetae
347 1024 520 1088 narrationi
555 1023 594 1088 de
628 1023 723 1091 Ulixe
760 1025 896 1090 mendici
932 1025 1046 1091 habitu
1077 1023 1205 1090 Troiam
1236 1025 1394 1107 intrante,

202 1132 293 1196 ouius
327 1132 458 1216 initium
492 1132 559 1196 ium
594 1151 688 1217 supra
724 1133 768 1218 (p.
797 1130 875 1217 147)
908 1132 1019 1218 tetigi,
1054 1129 1105 1196 vel
1136 1131 1242 1215 potius
1266 1129 1307 1194 ed
1331 1128 1394 1194 duo

204 1255 284 1322 quae
313 1237 462 1302 videntur
490 1257 558 1303 esse
588 1257 682 1322 super
711 1237 792 1303 hune
823 1259 891 1302 rem
922 1236 1051 1303 sobolis.
1099 1236 1163 1300 Arai
1201 1238 1308 1302 πολλοὶ
1337 1269 1357 1285 -
1374 1269 1394 1284 -

204 1349 314 1409 auctor
347 1344 461 1429 incipit
497 1380 537 1392 -·
581 1352 636 1418 τής
670 1342 808 1424 πράξεως
840 1342 957 1418 ταύτης
983 1342 1163 1421 μνημονεύει
1198 1342 1213 1406 ό
1249 1343 1394 1420 ποιητής,

207 1444 328 1515 --ότι
354 1485 452 1534 -·-,
476 1451 528 1514 καὶ
560 1450 632 1528 πρὸς
663 1452 717 1524 τήν
748 1451 1021 1530 μνηστηροκτονόαν
1052 1452 1158 1514 ταῦτα
1189 1447 1392 1531 ᾠκονόμηται,

206 1553 255 1621 ἵνα
289 1555 365 1633 μηδὲ
396 1563 459 1627 τοῖς
491 1566 659 1636 μνηστήρσι
701 1560 792 1624 συνὼν
832 1558 862 1622 ἐν
896 1556 1019 1635 τοιούτῳ
1060 1558 1204 1636 σχήματι
1248 1557 1394 1622 οὶτόύανον

206 1663 354 1745 φαίνοιτο.
391 1663 453 1748 [τό]
484 1665 608 1748 πιόανόν
638 1663 669 1730 δὲ
692 1669 781 1730 τοῦτο
806 1665 858 1729 καὶ
883 1663 955 1744 πρός
980 1665 1035 1737 τήν
1058 1662 1255 1745 Τηλεμάχου
1280 1663 1395 1727 πύστιν.

203 1768 368 1848 δεξόμενος
399 1769 463 1850 γὰρ
491 1771 608 1846 ταύτην
633 1773 687 1847 τήν
705 1772 860 1850 διήγησιν,
884 1769 1077 1849 ἑτοιμοτέρως
1098 1771 1151 1835 καὶ
1171 1772 1245 1851 παρ’
1266 1770 1395 1848 Εύμαύιρ

205 1875 342 1941 πιστεύει
374 1881 479 1942 τοῦτον
510 1873 587 1940 εἶναι
619 1876 670 1941 τόν
694 1879 816 1959 πατέρα
840 1877 890 1942 τόν
916 1881 969 1942 τοῦ
992 1881 1120 1957 πτωχοῦ
1144 1877 1299 1955 πρόσωπον
1325 1877 1397 1940 bro·

205 1982 382 2063 κρινόμενον.
409 1982 474 2070 (Q.)
509 1983 613 2060 Tum,
636 1987 727 2070 quasi
748 2005 830 2050 nove
849 1985 1027 2055 obseruatio
1048 1989 1212 2068 sequetur,
1226 2003 1265 2048 ex
1285 1982 1396 2049 eodem

204 2111 268 2156 uno
298 2088 405 2157 codiee
435 2091 673 2178 subiunguntur
703 2091 833 2158 heeeee:
867 2092 1006 2156 πιστεύει
1039 2093 1122 2168 αύτῷ
1147 2088 1301 2154 όπιόέσύοοι
1325 2089 1397 2167 βου-

206 2196 357 2277 λευομένῳ
391 2206 454 2268 τοῖς
490 2203 684 2275 μνηστῆρσιν.
721 2199 735 2262 ό
771 2198 833 2277 γὰρ
866 2199 918 2262 καὶ
948 2199 1079 2275 πληγὰς
1109 2197 1295 2277 καρτερήσας
1325 2196 1398 2275 ὑπὲρ

208 2310 265 2370 τῶν
304 2313 384 2386 κοινή
429 2303 645 2383 συμφερόντων
688 2305 741 2370 καὶ
778 2303 896 2378 πόλεως
933 2300 1004 2379 inne
1041 2305 1297 2384 καταφρονήσας,
1334 2307 1398 2373 πῶς

209 2411 268 2476 τῶν
306 2409 386 2476 iiior
419 2410 653 2488 οὶποστήσεται;
692 2411 742 2476 Ne
775 2411 881 2477 ullum
919 2410 1046 2496 quidem
1084 2430 1210 2476 sensum
1246 2408 1299 2474 vel
1333 2428 1400 2474 me·

210 2519 350 2584 dioorem
385 2517 463 2583 hneo
498 2516 616 2582 ultime
655 2516 805 2602 praebent
844 2520 888 2582 sie
928 2519 1099 2602 seperatim
1139 2516 1238 2594 leots3
1284 2517 1401 2601 quippe

211 2645 291 2710 quoe
329 2625 507 2710 pertineant
549 2623 589 2690 nd
631 2622 827 2708 exponendas
870 2643 979 2689 causes
1028 2625 1094 2688 ism
1143 2643 1238 2708 suprs
1287 2623 1402 2706 exponi

211 2737 349 2817 coeptes,
377 2751 433 2795 rur
454 2731 531 2796 heeo
555 2749 678 2815 quoqne
696 2729 838 2806 Helenae
861 2730 900 2796 de
923 2729 1029 2795 Ulixis
1051 2729 1124 2806 dolo
1144 2729 1282 2794 narratio
1303 2727 1401 2794 faeiat

211 2839 283 2918 πρὸς
314 2837 368 2909 τήν
399 2835 595 2916 Τηλεμάχου
629 2836 732 2901 πύστιν
763 2838 797 2900 in
828 2835 1033 2903 ulterioribus
1064 2835 1225 2923 Odysseae
1246 2835 1401 2920 pertibus.

211 2943 425 3024 Quamobrem
455 2964 535 3028 quse
558 2945 663 3009 nescio
688 2964 749 3029 quo
774 2963 847 3008 essu
872 2963 945 3008 eum
971 2945 1144 3008 sententiae
1168 2942 1359 3008 detrimento
1385 2963 1404 3009 e

212 3050 425 3138 superioribus
456 3049 568 3116 evulsa
590 3055 666 3114 sunt
689 3051 876 3136 quantotius
900 3049 938 3114 de
962 3051 1086 3137 integro
1109 3069 1183 3115 oum
1207 3051 1248 3114 iis
1270 3052 1402 3115 coniun-

210 3163 329 3246 gantur
351 3159 396 3222 sie
420 3177 571 3222 connexe:
599 3154 765 3232 δεξάμενος
790 3157 853 3237 γὰρ
882 3155 999 3231 ταύτην
1023 3156 1078 3230 τήν
1102 3155 1260 3239 διήγησιν,
1288 3157 1403 3232 ἑτοιμο·

212 3265 302 3344 τέρως
327 3264 378 3328 καὶ
404 3261 478 3343 παρ’
504 3263 634 3343 Εύμαόρ
659 3262 797 3329 πιστεύει
821 3268 925 3329 τοῦτον
949 3258 1026 3328 εἶναι
1050 3265 1101 3328 τόν
1127 3262 1247 3342 πατέρα
1273 3264 1325 3327 τὸν
1350 3267 1404 3327 τοῦ

215 3375 341 3451 πτωχοῦ
376 3369 534 3450 πρόσωπον
570 3369 814 3447 ὑποκρινόμενον,
853 3371 988 3437 πιστεύει
1022 3369 1092 3456 (Δ’)
1129 3371 1213 3450 αύτῷ
1248 3368 1403 3434 ἔπιύὲσύαι

215 3477 422 3556 βουλευομένῳ
454 3484 517 3546 τοῖς
548 3484 742 3556 μνηστῆρσιν.
789 3477 827 3542 ln
851 3478 1055 3565 sequentibus
1078 3476 1173 3542 leobio
1198 3475 1361 3541 Euststhii
1386 3495 1404 3540 e

214 3581 377 3650 Dindorfio
407 3589 600 3649 memorate:
634 3591 696 3656 πῶς
721 3585 779 3648 τῶν
804 3584 883 3650 ἰδίων
906 3587 945 3650 ού
971 3586 1198 3664 προστήσεται
1222 3581 1327 3647 multo
1351 3599 1405 3648 ex·
1515 3575 1518 3582 ’

216 3692 362 3777 quisitior
394 3690 477 3754 mihi
507 3692 633 3756 ridetur
665 3711 700 3756 eo
732 3691 860 3757 lectioni
890 3692 988 3757 nostri
1021 3691 1137 3758 codicis
1161 3691 1404 3764 ἀποστήσεται

215 3797 310 3885 longe
341 3796 549 3881 praeferende.
599 3795 687 3877 Quod
721 3818 816 3882 snpra
844 3798 877 3862 in
909 3797 976 3863 his:
1008 3795 1056 3862 ἵνα
1080 3796 1158 3874 μηδὲ
1181 3821 1211 3862 τ.
1234 3802 1403 3875 μνηστῆρσι

216 3907 308 3968 συνὼν
339 3902 369 3966 ἓν
400 3901 523 3980 τοιούτῳ
554 3903 700 3982 σχήματι
730 3905 902 3969 απόόοινΟΟ
933 3903 1072 3980 Φαύνοιτο
1102 3907 1157 3990 (se.
1184 3901 1324 3988 Ulixes),
1348 3919 1405 3987 pro

180 4015 186 4026 ’
216 4010 362 4075 απύύανον
395 4010 586 4093 requiritur,
618 4013 834 4096 uuusquisque
866 4017 976 4098 sponte
1015 4011 1120 4088 videt,
1159 4031 1216 4075 nee
1252 4009 1336 4094 quod
1369 4007 1405 4072 rt

216 4116 331 4183 seclusi
367 4121 439 4180 ante
469 4115 592 4180 πιθανὸν
624 4137 662 4182 ex
696 4117 896 4203 apertissime
926 4117 1143 4205 dittographie
1165 4123 1272 4182 ortum
1296 4135 1405 4202 quem·
1477 4101 1480 4108 ¹

217 4244 313 4310 quem
336 4223 451 4288 herum
476 4243 583 4288 rerum
605 4223 844 4312 intellegentem
868 4225 1100 4310 improbantem
1123 4223 1262 4290 hebebit.

264 4437 298 4520 b,
323 4433 400 4501 247.
446 4433 556 4514 ”Anne
586 4435 708 4500 δἀύτόν
739 4434 819 4517 φωτὶ
852 4435 1077 4518 κατακρύπτων
1105 4433 1216 4510 ήῖσκεν.
1255 4437 1306 4504 Ad
1328 4438 1406 4510 haee
