3242 5140
843 318 911 386 too

283 528 385 592 neque
420 513 549 595 aptum,
580 511 652 594 (our
680 511 767 576 enim
801 513 858 595 qui
890 511 1008 576 metuit
1036 511 1105 575 sive
1131 461 1238 575 hostes
1261 511 1330 574 sive
1352 509 1474 576 milites

283 634 376 698 suos,
400 615 503 702 glorie
526 615 631 682 clerus
648 637 712 682 uon
732 637 800 684 esse
818 619 980 705 arguitur)
1000 637 1119 702 neque,
1131 617 1259 682 etiamsi
1270 623 1303 681 et
1315 639 1427 684 verum
1442 623 1474 682 st

282 727 395 805 aptum
418 729 518 799 eset,
541 723 595 788 bio
618 723 775 788 eiusmodi
799 724 877 809 quid
900 722 1092 808 Porphyrii,
1115 725 1169 788 oui
1192 723 1261 788 sine
1279 723 1376 789 dubio
1394 723 1472 790 hese
1512 769 1522 794 .

281 829 449 906 debemus,
484 835 623 894 mentem
658 830 763 895 refert
810 830 938 895 Etenim
970 851 1054 894 nune
1087 829 1127 895 de
1158 827 1265 893 Ulixis
1296 831 1472 895 virtutibus

280 937 328 1000 ite
359 939 428 1024 ogit
459 943 638 1020 ascentor,
670 943 708 1002 ut
729 937 874 1002 ostendet
897 939 924 1001 si
947 956 1058 1002 revers
1079 936 1131 1000 his
1154 936 1317 1020 praeditus
1339 937 1472 1020 inisset,

281 1043 392 1107 milites
422 1045 530 1108 omnia
559 1042 623 1108 elin
647 1049 772 1109 eoturos
796 1044 895 1110 fuisse
917 1063 1014 1128 quem
1039 1049 1181 1130 egerunt
1231 1041 1348 1108 Omnis
1371 1045 1473 1132 igitur

282 1150 379 1214 verbe
402 1149 442 1214 ud
465 1147 585 1214 milites
606 1149 767 1215 referende
791 1157 883 1226 suut,
909 1157 947 1215 ut
974 1149 1088 1228 έπειέε,
1115 1155 1151 1215 ut
1173 1151 1302 1230 ᾑροῦντο.
1351 1149 1473 1230 Quem-

282 1275 377 1339 quem
402 1261 435 1320 et
457 1255 516 1320 boo
540 1261 726 1341 corruptum
749 1265 814 1333 est,
838 1277 913 1320 oum
936 1258 1005 1322 sive
1027 1261 1134 1321 vertes
1146 1257 1298 1336 aleym
1307 1258 1376 1322 sire
1388 1256 1474 1320 electi

281 1373 353 1426 eunt
376 1383 425 1426 res
447 1381 546 1447 neque
569 1362 703 1428 absurde
725 1365 842 1428 evenit.
890 1363 1001 1450 Itaque
1024 1361 1180 1450 legerim:
1205 1361 1275 1426 οὔτε
1299 1356 1349 1427 οὖν
1368 1364 1473 1440 λέγειν

282 1467 375 1540 δεινδς
408 1461 460 1552 ἦν,
489 1465 589 1532 έπειίε
618 1469 681 1548 γάρ
712 1467 768 1533 ἄν·
801 1469 870 1534 οὔτε
902 1467 973 1550 δέξιν
1003 1469 1130 1546 μένας,
1156 1467 1363 1554 ἐδέδιο(αν)
1387 1470 1470 1550 γάρ·

282 1571 354 1640 οὔτε
384 1573 446 1652 μίιν
475 1574 629 1654 χρηστός,
662 1578 798 1657 ᾖΔοῦντο
829 1575 903 1655 γάρ.
938 1575 1109 1641 Omittitur
1137 1578 1172 1640 in
1203 1576 1391 1661 repetitione
1415 1580 1471 1642 ὶνε

282 1680 339 1745 ofr.
371 1681 410 1746 ud
442 1682 457 1744 ί
490 1680 573 1746 564:
608 1683 804 1768 (Οδνοοείνς)
836 1685 890 1748 οὐκ
922 1682 960 1748 ίον
992 1684 1124 1760 ἐμήνυον
1148 1717 1168 1732 -
1182 1718 1202 1733 -
1230 1681 1293 1746 οὔδ’
1318 1685 1473 1755 ’Λλκίνοος

283 1783 426 1867 ἔπεμψεν
451 1787 554 1856 αὐτόν.
602 1789 714 1876 Neque
738 1792 844 1878 mugio
866 1793 1027 1876 responsio
1052 1789 1210 1856 erroribus
1234 1791 1390 1856 immunis
1413 1797 1471 1858 est.

283 1894 429 1974 Ἐροῦαεν
460 1891 510 1960 οὖν
540 1893 586 1960 ίτι
615 1896 702 1968 εὐθὺς
733 1899 798 1963 άπὸ
830 1904 885 1971 τῆς
917 1898 999 1970 νίκης
1027 1899 1110 1968 ὄντες
1135 1897 1162 1960 oi
1187 1894 1300 1974 ἑταῖροι
1325 1898 1474 1977 έγαυοίινν

283 2011 322 2082 τῇ
352 2003 444 2084 reim.
477 2009 608 2069 τοιαῦτα
639 2004 671 2070 δέ
694 2029 763 2070 τινα
787 2005 840 2070 καί
865 2006 1078 2084 ’Δγαμέμνιιν
1099 2002 1255 2068 πέπονίεν.
1281 2007 1473 2080 ἠναντιοῦντο

284 2110 348 2188 γάρ
376 2097 461 2192 αὐτῷ
494 2109 647 2184 πολλάκις
677 2111 840 2186 Ἕλληνες.
887 2113 926 2178 10
955 2112 1062 2179 oodioe
1090 2117 1138 2177 est
1161 2111 1365 2196 έναντιοῦντο,
1390 2111 1474 2177 unde

282 2235 346 2282 non
376 2218 601 2302 imperfectum
631 2225 698 2284 eret
725 2221 918 2295 eruendum,
943 2219 998 2284 sed
1020 2238 1181 2304 praeseus:
1206 2217 1473 2283 ἐναντιοῦνται

284 2323 346 2404 γάρ
379 2326 462 2406 αὐτῷ
495 2324 648 2397 πολλάκις
680 2329 707 2410 (ο
716 2326 740 2411 ί)
771 2327 936 2398 Ἕλληνες.
983 2327 1151 2410 Sequitur:
1177 2323 1374 2405 παραδέδωκε
1399 2327 1472 2404 δέιί

284 2431 401 2512 ίοτορία
430 2429 474 2498 ὅτι
506 2434 558 2498 καί
583 2430 777 2512 Ἀλεξάνδρῳ
800 2437 842 2513 τῷ
867 2432 1022 2500 Μακεδόνι
1047 2432 1184 2511 δεύτερον
1206 2431 1382 2499 exteram
1404 2431 1472 2514 (ὕο-

282 2561 365 2618 τερον
388 2540 601 2606 έπανάοταοιν
624 2543 745 2626 optime
768 2540 931 2628 Struvius)
957 2541 1104 2614 ἐποίησαν
1126 2541 1152 2603 οί
1171 2538 1238 2604 ίδιοι
1259 2540 1354 2604 αὑτοῦ
1378 2565 1473 2622 στρα-

281 2653 398 2712 τιῶται.
447 2646 584 2712 Inseruit
617 2645 799 2714 Dindorfius
833 2643 898 2726 ίτι,
930 2646 1127 2734 probabilius
1157 2649 1219 2712 erit
1249 2649 1288 2718 νίς
1320 2652 1393 2713 ente
1416 2648 1470 2712 καί

282 2755 322 2820 ob
352 2753 610 2838 compendiorum
640 2753 884 2820 similitudinem
917 2754 1118 2842 neglectum,
1149 2774 1222 2818 eum
1246 2753 1299 2819 vel
1321 2755 1389 2820 sine
1411 2755 1472 2822 bes
1601 2815 1602 2818 ,

282 2881 377 2926 oense
407 2857 453 2924 ὅτι
484 2865 516 2924 et
546 2859 583 2929 ὡς
614 2863 740 2946 saepius
768 2863 853 2926 inter
876 2883 909 2928 se
933 2859 1106 2937 alternent,
1131 2859 1216 2945 quod
1240 2881 1271 2925 ν.
1295 2881 1323 2925 ο.
1351 2861 1471 2928 fectum

283 2965 322 3034 ed
353 2992 362 3031 ι
386 2963 464 3030 333:
491 2967 705 3046 Ἀριστοτέλην
728 2963 778 3032 οὖν
801 2973 896 3049 Φνοιν
922 2965 967 3032 ίτι
997 2967 1059 3050 ᾔδει
1085 2965 1207 3046 ἐχθροὺς
1231 2965 1322 3038 ὄντας
1347 2969 1482 3054 abueios

206 3119 211 3130 ·
282 3095 344 3159 qno
373 3073 442 3142 loeo
473 3069 519 3140 ὅτι
549 3075 679 3160 praebet
708 3074 763 3159 Μ,
792 3077 831 3148 ὡς
855 3075 894 3156 Q.
943 3075 1056 3162 Itaque
1080 3073 1203 3141 Strnvii
1227 3075 1380 3140 adhibitis
1402 3095 1473 3140 oor·

282 3181 489 3260 rectionibus,
516 3216 555 3229 -
583 3180 797 3247 tuendorum
820 3203 934 3248 verum
959 3203 1026 3249 esse
1050 3182 1103 3249 vel
1125 3182 1253 3248 dativus
1277 3183 1403 3269 arguit,
1430 3219 1472 3229 —

281 3291 422 3352 extrema
452 3287 498 3352 sio
528 3289 724 3374 scripserim:
750 3288 949 3370 παραδέδωκε
973 3289 1004 3356 δέ
1028 3292 1045 3366 ἦ
1069 3289 1185 3368 ίοτορία
1208 3291 1256 3361 νίς
1280 3289 1332 3354 καί
1358 3287 1473 3364 Ἀλεξ-

282 3388 374 3474 osteo
399 3395 440 3472 τᾷ·
464 3392 621 3460 Μακεδόνι
647 3392 814 3476 ὕστερον
838 3393 1132 3461 ἐπανάστασιν
1157 3393 1426 3482 έποινίοανίτο)
1446 3396 1472 3459 οί

282 3496 347 3564 ίδιοι
372 3502 467 3566 αὐτοῦ
489 3508 686 3582 στρατιῶται.

328 3732 351 3788 ι,
378 3709 434 3776 48.
485 3710 761 3789 Ἐπιονμαίνονται
791 3712 823 3778 δέ
852 3713 882 3778 ἕν
914 3712 1023 3778 Ἰλιάδι
1055 3710 1181 3789 γείτονα
1208 3712 1252 3786 uis
1277 3711 1469 3790 ὠνομάσθαι,

282 3817 313 3879 έν
343 3815 374 3880 δέ
410 3817 578 3902 Ὀδυσσεία
610 3823 659 3883 νῦν
692 3821 723 3886 δὲ
754 3821 848 3885 κάκει
878 3816 937 3897 ,ὣς
969 3821 994 3884 οί
1017 3823 1073 3896 μὲν
1098 3819 1236 3884 δαίνυντο
1261 3818 1396 3895 γείτονες
1420 3819 1470 3894 ἠδέ

282 3917 350 3987 έται
382 3922 577 3990 Μενελάονέ
605 3925 676 4013 (H.)
721 3925 805 3993 Sunt
834 3927 974 3992 boeot
941 3932 974 3992 et
997 3947 1077 4013 quae
1101 3929 1276 4012 sequnntur
1300 3925 1472 3994 Aristonici

282 4028 431 4096 adversus
455 4033 650 4098 ohorizontas
672 4033 848 4100 observate.
891 4033 927 4098 lu
953 4033 1069 4118 quibus
1091 4032 1232 4117 primum
1256 4053 1329 4097 oum
1353 4027 1473 4098 Oobeto

282 4133 415 4218 (Mnem.
447 4137 486 4202 N.
516 4137 549 4204 S.
582 4137 687 4216 1879,
714 4138 831 4224 VHp.
858 4138 937 4224 433)
926 4139 1019 4224 )pro
1043 4138 1299 4216 ἐπισημαίνονται
1322 4157 1472 4222 reponen-

283 4239 412 4304 dum'
398 4248 659 4321 επιονμειοῦνται.
714 4244 799 4309 Tum
834 4263 933 4330 prave
967 4245 1137 4310 verborum
1173 4242 1338 4310 001100οίίο
1372 4241 1470 4306 etiem

282 4347 483 4414 Dindorfium
515 4350 625 4416 edvert
612 4355 693 4416 teret
680 4352 876 4417 ttndnoteu
863 4357 948 4417 t:em
983 4355 1052 4433 ,νῦν
1082 4349 1114 4414 δὲ
1138 4351 1231 4415 νείκεϊ
1252 4345 1307 4418 ὣς.
1301 4348 1451 4412 ''baec
1426 4369 1470 4412 sno

282 4454 388 4522 fere'
380 4476 413 4520 sn
450 4455 593 4524 ordinem
635 4457 806 4546 redigenda
840 4457 956 4526 collato
990 4455 1226 4544 Hustetbiop.
1266 4453 1366 4530 1615,
1410 4455 1467 4518 25:
