3220 5144
702 354 766 426 lor

136 554 289 636 tanquam
309 545 447 636 caligine
466 549 652 634 obscurant,
673 549 790 635 quibus
810 548 945 618 sublatis
957 553 1028 615 tum
1043 548 1173 614 demum
1184 547 1331 618 hominos

137 655 177 720 ad
209 654 323 720 altiora
353 653 410 720 illa
441 655 562 740 templa
592 662 713 721 mentes
740 655 966 741 praeiudicatis
989 656 1192 741 opinionibus
1215 655 1332 721 liberas

137 764 259 848 origene
294 760 451 828 valebant.
505 759 760 847 Comprobantur
793 762 871 828 hacc
907 769 939 828 ct
973 762 1031 846 iis,
1068 783 1148 848 quas
1182 761 1331 829 continuo

137 873 330 952 sequuntur:
356 870 410 942 την
433 868 564 934 ἑκάστου
588 876 646 933 τῶν
670 867 830 949 ἀνθρώπων
852 871 992 948 ἀμαθίαν
1010 877 1144 942 πολλαῖς
1165 873 1329 944 νουθεσίαις

139 979 359 1060 κατατρώσας,
391 983 424 1042 et
454 996 534 1061 quae
565 956 660 1062 paulo
693 983 765 1042 ante
788 983 862 1042 sunt
887 978 930 1063 (p.
956 977 1031 1062 31):
1057 979 1074 1053 i
1099 977 1129 1042 δί
1151 975 1234 1057 Ἦρα
1258 981 1331 1056 μετ’

139 1081 233 1147 αθτίν
264 1082 401 1168 (Iovem)
436 1084 516 1146 ἐστιν
548 1083 625 1166 ἀήρ,
649 1079 868 1163 μαλακώτερον
892 1092 1062 1169 στοιχεῖον,
1087 1083 1137 1149 διά
1161 1089 1251 1150 τοῦτο
1275 1083 1329 1151 καί

139 1189 225 1264 θῆλυ.
260 1190 311 1254 τά
346 1191 373 1253 δ’
404 1188 554 1270 ἀκριβῆ
587 1189 677 1270 περί
709 1191 854 1256 τούτου
885 1189 1166 1269 διαλεξόμεθα
1189 1191 1332 1274 μικρὸν

140 1293 317 1377 ὕστερον,
355 1300 405 1360 νῦν
440 1297 466 1360 δ’
501 1297 627 1379 ἀπίχρη
663 1303 803 1362 τοσοῦτον
838 1299 955 1374 εἰπεῖν,
992 1293 1055 1362 ίτι
1090 1303 1160 1362 τοῦ
1195 1299 1331 1366 πάλαι

17 1445 21 1454 -
140 1405 303 1485 θολεροῦ
328 1402 597 1484 διαχυθέντος
621 1402 751 1485 ἀέρος,
773 1404 930 1485 αἰφνιδίως
952 1404 1079 1486 διεκρίθη
1100 1403 1136 1469 τθ
1155 1405 1331 1486 σύμβαμα.

185 1659 221 1728 (ί.
258 1661 389 1728 XXXIV
424 1663 467 1748 (p.
501 1661 574 1746 70):
606 1661 775 1748 Sequitur:
806 1667 870 1735 πάι
900 1667 964 1742 γάρ
996 1663 1069 1744 ἀνίηρ
1099 1661 1272 1745 φιλόσοφος
1301 1663 1333 1729 ἐν

140 1768 233 1848 θνητῷ
258 1768 309 1833 καί
336 1767 461 1849 ἐπιχείῳ
485 1771 527 1847 τῷ
552 1771 673 1845 σώματι
699 1771 810 1842 πτηνὸν
835 1766 934 1848 ι’ίσπερ
957 1793 986 1833 τι
1011 1768 1103 1847 βέλος
1128 1770 1179 1834 τὸν
1203 1774 1269 1834 νοῦν
1290 1771 1333 1842 είς

140 1877 182 1939 τά
206 1873 359 1954 μετάρσια
384 1874 609 1949 διαπέμπεται.
658 1875 793 1942 Faciunt
820 1879 918 1942 etiam
942 1876 1020 1942 haee
1044 1876 1084 1944 ad
1108 1877 1333 1943 stabiliendam

139 1985 334 2067 superiorem
366 1989 398 2046 et
429 1983 683 2047 emendationem
715 1993 748 2048 ct
771 1986 1074 2068 interpretationem.
1122 1983 1184 2049 Sed
1207 1985 1278 2048 iuro
1300 1986 1335 2048 in

139 2088 191 2153 his
214 2088 353 2154 advertit
375 2087 556 2153 Mshisrum
580 2088 754 2175 singularis
777 2109 854 2154 usus
877 2089 967 2155 verbi
991 2089 1217 2168 διαπέμπεται.
1251 2091 1334 2169 „Ex-

140 2202 296 2281 spectarcs
326 2195 446 2258 ἀνίεται
479 2193 531 2260 vel
562 2195 667 2260 simila
698 2195 794 2281 quid;
825 2215 927 2280 neque
957 2195 1171 2274 διαπέμπεται
1200 2199 1334 2283 abipso

139 2299 303 2367 Heraclito
332 2303 488 2386 scriptum
519 2321 586 2366 esso
618 2300 762 2368 censeo.'’
809 2301 942 2388 Scripsit
969 2301 1117 2370 fortasse:
1151 2303 1333 2382 ἀναπέμ-
1450 2373 1461 2392 ,

141 2432 279 2474 θΗΜί.

185 2653 221 2723 Ο.
253 2653 390 2720 XXXVI
419 2654 464 2753 (p.
490 2651 561 2739 74);
589 2652 635 2717 Ti
660 2652 821 2734 σφαιρικὸν
845 2653 917 2732 ἡμῖν
942 2659 994 2720 τοῦ
1018 2655 1133 2733 κόσμον
1157 2662 1273 2736 σχῆμα
1297 2653 1335 2722 δι’

140 2765 201 2834 ἑνὸς
225 2763 373 2844 ἐμίσρησε
396 2758 519 2842 στίχου.
566 2760 720 2847 Figurato
743 2781 837 2826 sensu
861 2760 965 2827 dicere
988 2761 1070 2827 solct
1094 2762 1335 2844 διεμέτρησε,

139 2879 176 2936 ut
208 2874 319 2936 statim
351 2869 448 2934 infra:
483 2875 674 2949 γεωμετρικῇ
707 2867 813 2950 θεωρία
845 2868 879 2932 τὸ
911 2870 1072 2950 σφαιρικὸν
1096 2857 1211 2951 σχῆμα
1234 2871 1336 2948 trepe-

140 3001 264 3061 τρησεν,
290 2983 321 3042 et
346 2978 466 3061 passim
491 2974 581 3040 alibiL

187 3219 222 3288 0.
247 3219 404 3286 XXXVII
427 3221 472 3305 (p.
498 3218 574 3302 75l:
602 3218 698 3284 Ἔνιοι
728 3219 755 3284 δ’
782 3220 862 3284 είσίν
894 3217 986 3290 οὕτως
1011 3222 1165 3306 ἀμαθεῖς,
1189 3218 1261 3287 ὥστ’
1287 3226 1336 3292 οιί·

141 3331 264 3394 τιάσθαι
291 3328 341 3392 τὸν
362 3325 498 3407 Ὀμηρον
522 3325 574 3388 καί
600 3325 665 3406 περί
689 3333 748 3390 τῶν
768 3331 887 3405 Λιτῶν,
908 3330 933 3391 εί
955 3328 1014 3400 τάκ
1039 3329 1111 3401 Διὸς
1133 3330 1227 3408 χονάς
1242 3329 1336 3404 οὕτως

142 3434 266 3518 ὕβρισε,
290 3434 471 3514 διάστροφιν
498 3433 610 3502 αὐταῖς
630 3432 758 3508 περιθείς
781 3435 941 3516 ἀμορφίας
961 3447 1159 3518 χαρακτῆρα.
1185 3437 1334 3502 Primum

140 3541 339 3628 recipiendas
370 3539 564 3606 scholiorum
595 3542 740 3604 inversus
769 3539 863 3605 ordo:
890 3538 957 3606 ἔνιοι
982 3542 1009 3604 δ’
1034 3539 1126 3614 οὕτως
1151 3543 1226 3607 είσίν
1249 3545 1336 3620 ἀμα-

140 3652 210 3726 θεῖς.
246 3647 329 3713 Tum
354 3649 437 3712 miro
461 3645 580 3712 iudicio
605 3644 769 3710 Mchlsrus
792 3646 908 3712 edidit:
931 3649 956 3711 εί
977 3671 1007 3711 τ.
1028 3658 1068 3712 Δ.
1090 3649 1184 3727 χονάς
1205 3647 1333 3729 ίίβρισε,
1389 3673 1396 3690 ·

140 3778 213 3824 cum
246 3762 369 3822 veteres
401 3753 555 3820 editiones
586 3751 724 3817 habssnt
747 3753 790 3822 sic
814 3777 844 3816 τ.
870 3763 909 3818 Δ.
937 3754 1042 3832 ysaac.
1091 3754 1176 3820 Nam
1200 3762 1336 3841 utroque

140 3885 234 3951 opus:
268 3863 301 3926 εί
340 3861 399 3931 είς
430 3861 489 3932 τάο
524 3862 595 3932 Διδς
628 3860 722 3938 χονάι
748 3857 838 3931 οὕτως
864 3857 981 3941 ἷίβρισε.
1030 3860 1120 3926 Licet
1143 3864 1227 3926 anim
1251 3861 1336 3947 quod

140 3972 311 4036 discrimen
335 3968 495 4033 Lucienus
519 3968 632 4032 ststuit
656 3968 788 4050 (Σολοικ.
815 3969 833 4052 §
861 3965 920 4032 10:
946 3967 980 4031 τὸ
1006 3967 1062 4044 μὲν
1086 3971 1119 4032 σί
1147 3967 1279 4050 ὑβρίζειν
1300 3969 1336 4033 τὸ

141 4077 232 4154 σῶμά
257 4075 321 4142 ἐστι
345 4076 380 4140 τθ
405 4074 470 4151 σίν,
495 4109 514 4124 -
528 4109 549 4125 ·
567 4072 602 4137 σθ
627 4072 658 4137 δὲ
682 4073 712 4144 ἐς
737 4074 789 4158 σέ,
814 4070 889 4138 ὅταν
912 4073 955 4146 είς
979 4096 1008 4139 τι
1029 4081 1088 4138 τῶν
1107 4081 1165 4140 σῶν
1185 4075 1335 4154 γίγνηται

142 4187 159 4257 ἡ
183 4181 284 4269 ὕβρις)
307 4184 406 4247 nimis
428 4186 552 4247 arctum
576 4201 634 4244 noc
657 4199 769 4245 verum
793 4181 951 4258 videstur,
973 4186 1079 4246 tamen
1099 4181 1220 4248 talibus
1239 4181 1331 4261 locis,

141 4289 246 4377 qualis
275 4291 327 4354 hic
360 4293 425 4366 est,
458 4287 512 4352 ubi
535 4307 598 4352 non
622 4285 660 4350 da
684 4289 802 4352 iniuria
825 4287 916 4354 illata
940 4289 1059 4376 agitur,
1085 4288 1139 4354 sed
1163 4289 1202 4355 ds
1225 4297 1335 4356 contu·

140 4397 284 4464 meliosis
317 4397 414 4462 dictis
447 4395 480 4460 in
516 4394 656 4478 aliquem
691 4392 745 4458 vel
778 4394 919 4480 aliquam
951 4397 1136 4480 praesertim
1171 4397 1335 4462 absentem

140 4505 293 4592 ingestis,
326 4499 425 4570 namo
452 4501 544 4568 t'acile
576 4500 669 4568 aliter
700 4499 936 4586 dixerit'quam
961 4503 1004 4592 είς
1029 4527 1097 4568 τινα
1123 4501 1272 4588 ὑβρίζειν,
1296 4511 1334 4573 ut
