3232 5136
854 306 896 380 10

280 502 475 572 coeuntium
498 507 689 591 requiritur:
715 501 840 582 ἔφαμεν
864 506 897 568 τὸ
922 507 1038 568 τοιοῦτο
1059 502 1146 592 ταροὶ
1166 503 1207 582 σῷ
1227 509 1336 581 ποιητῇ
1359 495 1469 564 οἱδια-

279 611 411 692 <tipus
441 612 577 691 θρῖιοθοιι.
624 611 674 676 Ne
704 631 776 696 quis
805 610 945 693 dubitet,
977 610 1116 676 conferat
1147 607 1282 674 eundem
1307 606 1347 672 ad
1371 604 1470 680 δύμεν

281 720 342 805 (0,
368 719 417 804 2):
451 718 558 796 ὁμοίως
589 720 630 798 τῷ
658 717 785 801 „rotari
810 716 835 780 δ’
860 719 1008 796 Ἀργείων
1034 717 1059 780 ον’
1084 714 1280 793 μὲνδοθμεν,
1305 715 1331 778 οθ
1356 713 1382 776 δ’
1406 713 1470 777 ἐνύ-

279 826 389 892 ντοντο”
416 835 476 908 (M,
503 824 558 911 14)
586 863 626 874 -
642 861 683 872 -
698 861 741 873 --
764 826 938 902 οξνερνύσθνι
960 824 1044 888 κατύι
1067 822 1232 902 docimo
1249 825 1302 885 τοῦ
1321 819 1471 901 ἄρχοντος

279 933 388 1014 χρόνον
421 931 490 1017 (cir.
518 940 563 1009 0,
591 929 690 1016 735)·
715 928 870 1012 ἔφαμεν
897 932 934 995 δὲ
959 932 1006 993 τοὶ
1032 935 1210 994 τοιαῦτα
1234 924 1469 1006 οὶθιαφύροις

279 1041 490 1124 ειὺρεθῆναι
510 1038 621 1117 ταρθ
642 1039 692 1118 τῷ
716 1047 882 1118 τοιιιτῑι.
910 1056 971 1122 quo
991 1036 1059 1101 ioco
1077 1035 1191 1100 iisdem
1213 1034 1472 1100 fereverbisuti-

241 1129 245 1137 ¹
280 1153 342 1212 tur.
377 1144 536 1232 Tangitur
553 1147 650 1210 etiam
666 1143 774 1209 eadem
787 1165 837 1209 res
850 1154 882 1218 Β,
898 1143 963 1210 427
978 1153 1016 1212 Δ,
1031 1141 1051 1206 3
1065 1151 1103 1218 Θ,
1118 1139 1194 1216 161,
1207 1148 1240 1205 et
1252 1177 1294 1188 -
1308 1138 1471 1226 quodiam

278 1253 519 1318 observavimus
544 1286 585 1299 -
612 1261 659 1334 A,
687 1247 770 1326 464,
795 1249 850 1313 ubi
874 1248 970 1335 paulo
993 1247 1066 1314 aliis
1085 1247 1191 1313 verbis
1210 1247 1265 1312 sed
1284 1246 1317 1310 in
1337 1245 1472 1310 eundem

278 1361 487 1426 sententiam:
513 1357 548 1421 τὸ
573 1356 604 1420 tt
628 1359 742 1420 τοιοῦτο
767 1357 846 1421 πολὺ
870 1357 955 1437 παρὰ
980 1357 1021 1432 τῷ
1046 1364 1174 1438 ποιητῇ,
1198 1353 1282 1432 λέγω
1306 1353 1337 1416 δὲ
1358 1350 1393 1414 τὸ
1416 1353 1470 1415 καὶ

277 1468 329 1532 τὸν
359 1465 499 1546 χρόνον
532 1465 596 1526 τὸν
629 1459 772 1536 ἔξωθεν
803 1459 978 1542 φυλάσσειν
1009 1461 1044 1524 τὸ
1075 1465 1160 1542 ῥῆμα
1184 1460 1236 1523 καὶ
1261 1457 1470 1538 ουνοθρχεσθοιι

278 1575 321 1654 τῷ
345 1573 498 1636 ἐνεστῶτι.

323 1677 494 1762 Perperam
530 1696 654 1760 quoque
693 1673 770 1740 Ood.
803 1675 829 1739 B
871 1675 985 1760 (Marc.
1029 1671 1107 1760 453)
1145 1672 1185 1737 ad
1219 1672 1473 1759 Agamemnonis

285 1785 398 1851 verba:
432 1783 448 1858 ἢ
481 1787 531 1846 νῦν
564 1782 713 1854 δηθύνοντ’
746 1781 762 1856 ἢ
796 1779 917 1860 ύσσερον
947 1777 1034 1850 αὖτις
1058 1779 1144 1844 ἰόντα
1169 1776 1219 1864 (ll.
1245 1791 1292 1850 A.
1318 1777 1374 1860 27)
1398 1783 1473 1862 post

280 1892 343 1958 alia
375 1890 452 1955 haec
484 1888 587 1953 dicere
610 1888 749 1952 videtur:
777 1925 818 1936 -
833 1925 874 1935 —
890 1925 931 1935 -
956 1887 990 1951 τὸ
1016 1887 1046 1951 δὲ
1070 1892 1122 1950 νῦν
1144 1885 1195 1951 τὸν
1220 1885 1374 1948 ἐνεστῶτα
1398 1883 1471 1956 ἕσθ-

280 2021 394 2075 μανεν,
427 1996 460 2059 ού
491 1996 543 2059 τὸν
576 1995 782 2058 τλατινιθν
802 1993 936 2072 -χρύνον,
969 1996 1015 2058 sic
1047 1992 1166 2057 iterum
1189 1989 1273 2075 apud
1297 1997 1472 2074 utromque

281 2103 454 2179 editorem,
479 2100 556 2166 licet
577 2101 730 2170 τλατικθς
754 2100 807 2165 hic
830 2102 965 2166 verbum
989 2103 1032 2163 sit
1055 2098 1148 2184 plane
1167 2097 1272 2162 nitio.
1320 2095 1402 2161 Rem
1424 2100 1472 2162 ita

280 2209 457 2294 expediam.
481 2207 551 2274 Iam
568 2209 745 2291 antiquitus
764 2205 886 2291 aliquid
906 2209 1032 2271 obscuri
1053 2205 1106 2270 hic
1126 2203 1269 2269 locorum
1290 2205 1472 2288 quaesitum

280 2336 347 2382 csso
378 2315 517 2381 videtur.
564 2314 648 2380 Nam
672 2316 770 2378 etism
795 2311 872 2378 Ood.
897 2315 926 2377 A
949 2312 1062 2376 hebet:
1087 2311 1260 2384 διθύνονταε
1285 2302 1323 2373 ἓν
1346 2311 1469 2388 μέρος

280 2423 352 2499 adr
365 2445 416 2487 ον.
435 2420 623 2502 χρονίζοντος
644 2419 846 2499 βραδύνοντα,
868 2439 948 2504 quse
968 2439 986 2482 a
1004 2415 1151 2482 Bekkero
1171 2419 1289 2483 omissa
1301 2417 1351 2480 bis
1363 2419 1470 2501 posuit

279 2527 556 2605 Dinuorfius‚.suo
576 2527 644 2594 loco
664 2529 698 2592 io
720 2533 827 2602 textu,
846 2529 965 2592 iterum
977 2527 1011 2590 in
1021 2522 1104 2609 App.
1120 2531 1196 2588 tom.
1212 2522 1252 2587 II.
1268 2545 1298 2609 p.
1313 2523 1378 2587 299
1392 2544 1468 2588 cum

276 2635 336 2702 hac
356 2642 449 2701 nota:
471 2655 601 2718 „carere
622 2632 694 2698 vult
713 2655 752 2700 ue
769 2633 840 2719 quis
854 2653 911 2718 pro
924 2632 958 2704 θθι
973 2629 1087 2696 θύνοντ’
1101 2629 1265 2716 accipist.''
1288 2630 1471 2696 Pueruntne

274 2746 391 2831 igitur,
414 2744 470 2827 qui
486 2741 540 2806 hic
552 2743 603 2824 (ut
615 2757 647 2824 οι,
662 2739 740 2818 160)
753 2743 804 2803 νῦν
820 2739 854 2812 δὴ
869 2737 977 2803 —vel
994 2739 1101 2822 potius
1112 2737 1198 2809 νυνδή
1213 2773 1254 2784 -
1267 2736 1469 2821 copularent,

276 2857 314 2915 ut
331 2868 387 2934 pro
407 2849 528 2931 ἀρτίως,
548 2847 651 2924 istros
671 2847 837 2926 ἔμπροσθεν
857 2852 940 2910 esset
959 2864 1047 2909 more
1068 2843 1270 2921 Atticorum,
1284 2851 1316 2908 et
1328 2848 1470 2908 contorte

276 2955 436 3044 legerent:
464 2955 551 3030 ἣνύν
569 2955 603 3027 st
635 2953 746 3040 (verti)
772 2947 908 3017 θύνοντ’θ
933 2950 1007 3016 Non
1026 2949 1205 3028 decernam,
1221 2949 1470 3026 sedhocvideo,

277 3063 375 3128 donec
387 3063 421 3126 in
433 3063 719 3148 grammaticorum
732 3059 884 3145 scriptisc‘
905 3074 958 3122 ra
968 3081 1034 3138 ατι
1045 3057 1107 3129 νὸς
1126 3055 1231 3136 χρθνος
1244 3059 1429 3142 reperiatur,
1446 3057 1469 3142 ¹)

311 3311 339 3382 1)
360 3310 434 3376 Atqui
457 3311 679 3376 constrepentes,
697 3337 731 3346 —
748 3309 846 3361 observo
863 3311 907 3360 hoc
925 3307 985 3374 θχρν
1005 3312 1050 3359 τοῦ
1069 3310 1105 3371 μὴ
1123 3304 1198 3358 densis
1217 3305 1312 3370 ν’σγνοοῖν
1332 3335 1365 3344 -·
1386 3309 1472 3359 vitiose

277 3399 326 3449 sive
344 3400 459 3467 scriptum
477 3398 527 3448 sive
542 3399 727 3464 pronunciatum
745 3417 788 3466 pro
806 3402 940 3460 τλατννιθς,
957 3417 1042 3466 nempe
1059 3400 1122 3465 apud
1136 3399 1324 3450 Chocrobcscum
1337 3399 1428 3465 ladit,
1440 3401 1471 3448 lt

278 3489 314 3537 ed.
337 3489 459 3540 Grisford:
486 3489 554 3551 ταρὰ
572 3488 616 3550 μιν
635 3485 687 3547 τοῖς
705 3488 887 3553 γραμματικοῖς
907 3491 1055 3541 τοιατινιθ
1060 3505 1071 3546 ς
1091 3485 1159 3538 ἔστιν
1177 3485 1292 3548 iaceres,
1311 3489 1385 3538 τοῦτ’
1402 3485 1473 3540 irs-cv

178 3565 183 3577 ’
278 3571 303 3626 ἰν
321 3576 430 3636 πλάσιν,
498 3604 531 3612 -
545 3605 574 3613 -
598 3580 666 3644 ταρὰ
684 3577 710 3629 δὲ
729 3577 781 3639 τοῖς
801 3585 943 3646 φιλοσόφοις
962 3575 1083 3644 ύιιοιριαῐθς
1103 3580 1172 3638 ders,
1195 3580 1219 3630 id
1236 3585 1286 3639 est,
1304 3581 1380 3630 Hsaio
1397 3581 1473 3631 inter·

277 3665 357 3727 prete,
385 3660 559 3712 ‚diuturnioris
582 3664 697 3728 temporis
713 3665 910 3732 significationem
928 3663 1023 3715 hrbet.”
1058 3664 1129 3729 Quod
1146 3663 1240 3713 etiamsi
1257 3663 1316 3712 vitio
1332 3667 1428 3723 estest,
1445 3667 1474 3714 de

277 3761 324 3808 quc
350 3743 432 3794 statim
455 3743 598 3804 ridebimus,
624 3749 703 3795 temen
722 3763 751 3796 ne
769 3762 798 3797 eo
815 3749 911 3813 quidem
926 3748 951 3798 id
968 3747 1032 3812 qnod
1048 3762 1119 3812 supra
1137 3763 1150 3794 a
1168 3761 1206 3795 ms
1222 3746 1327 3812 positum
1343 3749 1379 3795 est
1396 3749 1473 3797 everti

277 3833 463 3883 [autemnam.
498 3833 562 3882 Nam
581 3833 601 3881 si
616 3849 726 3899 praesens
740 3839 834 3902 tempus
850 3837 917 3899 ταρὰ
935 3832 987 3892 τοῖς
1005 3831 1187 3898 γραμματικοῖς
1203 3863 1237 3873 -
1255 3839 1282 3885 ut
1296 3835 1474 3888 Choeroboscus

279 3923 343 3982 vuit,
360 3951 394 3959 —
410 3923 532 3979 τλατινιθς
556 3917 625 3981 ἐστι,
649 3923 767 3989 oppositio
790 3940 838 3974 esse
860 3927 944 3991 nequit
960 3927 1024 3976 inter
1041 3925 1084 3975 τὸν
1102 3922 1227 3975 dumosa
1245 3929 1269 3976 et
1287 3923 1330 3974 τθν
1348 3927 1472 3976 ποντικὸν

278 4013 376 4076 χρθνον,
394 4013 474 4078 itaque
491 4029 551 4077 quas
568 4012 700 4062 Scholiasta
717 4013 778 4062 dixit
796 4030 823 4063 eo
841 4015 946 4065 redirent
964 4021 992 4066 ut
1008 4017 1113 4067 doceret:
1133 4015 1165 4065 τύ
1183 4017 1222 4065 νῦν
1240 4015 1283 4065 τὸν
1301 4012 1474 4068 ἐνεστῶτα

278 4099 403 4163 ἐσήμανεν,
419 4100 445 4152 ού
462 4101 504 4151 cdv
518 4098 690 4151 θνιττθτοι
706 4103 798 4165 χρόνον.
816 4103 943 4153 Praeterea
951 4105 1016 4156 aliud
1025 4111 1061 4156 est
1069 4107 1154 4165 dicere,
1163 4107 1260 4171 opinor,
1271 4102 1472 4165 θένιστύςτλα-

279 4195 346 4251 τιιιθς
355 4189 411 4242 ἐστι
419 4193 457 4243 vel
465 4193 589 4251 τοιατνιιῖιν
598 4189 655 4255 ’ἔχει
665 4193 796 4252 ruptarius,
805 4193 870 4243 aliud
879 4194 921 4244 illo
931 4195 1045 4246 adiectivo
1054 4201 1145 4246 certum
1156 4194 1222 4245 certi
1232 4199 1325 4261 tempus
1334 4197 1471 4262 designare,

279 4285 342 4351 quod
360 4285 425 4336 aliud
441 4299 513 4348 quam
531 4281 635 4340 ducente
652 4298 738 4332 nomen
755 4287 829 4347 gerat.
865 4285 999 4335 Sexcenties
1016 4286 1105 4351 iegitur
1122 4285 1134 4334 θ
1153 4284 1320 4348 παρασατινιθς
1340 4289 1439 4350 χρθνσς,
1460 4290 1474 4340 θ

279 4373 400 4432 uminis
424 4379 508 4438 χρόνος
531 4387 655 4438 numum.
690 4371 736 4420 Sed
758 4387 787 4420 ne
811 4372 874 4437 apud
891 4371 1080 4426 Chosrcbcscum
1097 4375 1194 4441 quidam
1211 4375 1331 4434 smmis
1349 4378 1409 4428 mihi
1432 4396 1473 4432 sn·

279 4465 382 4534 spinione
404 4479 484 4514 carcre
508 4462 608 4512 ridetur.
644 4461 711 4526 Quas
733 4465 780 4518 est,
804 4476 902 4524 quaeso,
928 4460 969 4511 iiia
992 4463 1170 4529 interpretatio:
1197 4461 1331 4524 θὶνιστὸς
1351 4471 1473 4527 τλατιιθς
