3220 5144
866 325 930 397 496

303 545 339 610 ln
364 545 550 612 difficultate
573 547 741 624 solvenda,
767 551 924 636 quomodo
950 553 987 617 de
1007 573 1043 617 eo
1065 573 1158 638 quem
1182 551 1363 615 dilexerunt
1375 549 1489 634 Iupiter

303 659 398 737 atque
434 650 547 739 Apollo
581 655 644 721 dici
680 660 821 742 potuerit
853 659 914 724 οὐδ’
945 657 1027 724 ἴκετο
1051 655 1286 738 poposceritis,
1311 657 1490 723 versabatur

304 763 446 843 quaestio
476 761 714 849 Porphyrium,
747 768 838 830 cuius
867 787 952 831 nune
982 765 1041 831 hae
1066 771 1176 831 extant
1199 761 1299 829 exiles
1323 762 1487 847 reliquiae:

303 865 316 929 θ
354 867 393 930 δέ
428 869 512 945 παρὰ
545 867 689 946 σύνταξιν
720 880 833 937 κεῖται.
865 871 952 950 λέγει
986 874 1048 951 γθιρ
1084 870 1129 937 ὅτι
1154 874 1267 950 καίπερ
1290 873 1433 948 θεοφιλής
1456 867 1489 932 ὢν

302 977 355 1040 οὐκ
380 977 524 1054 ἐγήρασε.
549 979 584 1042 τθ
610 973 657 1042 οὖν
682 977 763 1058 έξής,
787 983 900 1058 γήραος
927 981 957 1045 δέ
983 979 1065 1044 οὐδέν
1090 983 1150 1060 οὐχ
1174 976 1268 1044 ἵκετο.
1293 1012 1347 1028 --
1365 973 1490 1056 τούτῳθ

303 1083 473 1160 Μένανδρος
504 1087 537 1148 οὐ
570 1088 787 1167 προσεσχήκὼς
822 1083 904 1152 εἶπεν
941 1085 991 1170 ,ὃν
1014 1088 1039 1152 ol
1064 1087 1120 1151 troi
1148 1091 1288 1166 φιλοῦσιν
1313 1084 1490 1157 ἀποθνήσκει

302 1187 398 1260 νέος.”
440 1187 613 1276 Hucusque
644 1191 715 1274 HQ.
760 1193 911 1279 Sequitur
954 1197 1044 1280 quasi
1080 1213 1199 1258 novum
1236 1190 1378 1257 scholion
1415 1191 1491 1254 foret

301 1316 339 1359 ex
354 1317 415 1361 uno
428 1295 476 1360 H:
499 1298 541 1368 εἷς
554 1298 711 1376 σύμβολον
725 1307 778 1374 τῆς
794 1301 951 1380 θεοφιλθας
965 1300 999 1364 σθ
1013 1299 1057 1376 μή
1071 1296 1296 1376 καταγοράσαι
1309 1296 1345 1381 (l.
1360 1297 1489 1382 -ρᾶσαι)·

301 1400 401 1480 ἄμφω
426 1403 523 1479 δῶρα,
550 1405 583 1467 τὸ
608 1405 664 1480 μέν
689 1407 866 1490 θεοφιλίκς,
891 1409 926 1471 τὸ
951 1409 982 1472 δὲ
1003 1405 1211 1486 μικροχρονίον
1232 1402 1321 1484 ζαής.
1345 1403 1434 1484 Quae
1449 1405 1490 1468 sia

301 1508 386 1573 edita
408 1510 491 1572 nihil
515 1499 687 1596 quidquam
713 1513 834 1578 dicunt.
872 1513 933 1580 Sed
956 1513 1065 1579 omnia
1091 1515 1126 1576 in
1155 1533 1255 1576 unum
1283 1509 1491 1576 continuanda

271 1704 274 1711 ¹
301 1635 367 1681 esse
399 1617 449 1682 vel
480 1618 595 1684 melius
628 1621 791 1705 apparebit
814 1625 989 1688 necessaria
1012 1624 1205 1687 correctione
1230 1617 1428 1685 adhibituri
1453 1614 1489 1678 δι’

302 1721 388 1800 παρθι
412 1723 556 1800 σύνταξιν
580 1733 693 1789 κεῖται.
720 1729 849 1806 -τοθτιρ
875 1727 887 1790 i
914 1727 1084 1808 Μένανδρος
1111 1729 1144 1792 orl
1166 1726 1382 1807 προοεσχήκὼι
1405 1719 1488 1787 εἶπεν

304 1821 387 1902 „laſs
402 1825 496 1899 storf
520 1829 593 1916 (Ἦ)
618 1833 651 1896 ei
675 1832 834 1910 σύμβολον
858 1842 913 1908 τῆς
937 1835 1096 1914 θεοφιλίας
1120 1833 1154 1898 τὸ
1179 1834 1224 1910 μή
1247 1835 1488 1910 καταγήρᾶσαι,

301 1931 399 2013 ἄμφω
433 1929 527 2021 δῶρα,
552 1941 585 2003 τὸ
609 1940 665 2016 μὲν
689 1940 870 2020 θεοφιλθαρ,
896 1940 929 2005 τθ
956 1941 985 2005 δέ
1011 1940 1219 2020 μικροχρονίον
1243 1938 1330 2020 ζωῆς.
1366 1937 1488 2021 Nempe

301 2039 379 2105 duos
407 2042 517 2108 modos
540 2044 602 2109 init
623 2053 749 2123 auctor,
775 2053 812 2111 ut
835 2045 1055 2114 difficultatem
1077 2047 1241 2113 obmotam
1264 2043 1430 2129 expediat,
1458 2053 1491 2105 ut

299 2153 353 2210 unt
370 2151 526 2233 oppositio
548 2153 698 2217 innuatur
722 2155 792 2236 (etat
816 2189 858 2202 -
872 2155 992 2239 ιοικοο),
1016 2161 1069 2216 ant
1094 2157 1179 2223 vitae
1202 2170 1326 2236 quoque
1350 2148 1488 2214 brevitas

299 2255 383 2318 inter
406 2255 597 2322 documenta
621 2267 675 2333 τῆς
698 2261 857 2340 θεοφιλέοις
875 2267 1069 2326 numeretur.
1095 2259 1212 2324 Melius
1225 2257 1376 2322 dixisset:
1393 2255 1489 2334 alama

299 2359 395 2445 δῶρα,
420 2362 472 2426 καὶ
499 2365 515 2437 ή
540 2364 681 2443 θεοφιλθα
706 2366 758 2430 καὶ
783 2367 797 2431 θ
821 2367 1025 2446 μικροχρθνιος
1048 2368 1133 2445 βίοι,
1159 2366 1212 2430 sed
1234 2363 1305 2449 quis
1326 2361 1366 2430 de
1385 2362 1446 2427 hae
1461 2381 1491 2424 re
1572 2441 1573 2456 ἶ

298 2469 332 2532 in
355 2468 415 2535 hoo
432 2469 643 2536 adnotationis
664 2479 751 2537 statu
770 2476 888 2539 certius
901 2471 1052 2539 deliniat?
1071 2471 1241 2557 Duplicem
1255 2475 1364 2536 autern
1377 2471 1488 2534 initam
1572 2475 1573 2532 l

297 2572 395 2639 fuisse
428 2575 626 2642 difficultatis
661 2580 872 2666 expediendae
907 2583 1062 2645 rationem
1102 2592 1133 2643 et
1172 2597 1221 2642 res
1252 2580 1322 2660 ipsa
1345 2573 1438 2641 docet
1461 2589 1490 2639 et

297 2681 439 2748 scholion
463 2705 501 2749 ex
525 2683 552 2748 B
577 2684 686 2751 eadem
711 2691 875 2752 continens
894 2687 948 2752 sed
967 2687 1006 2751 ud
1029 2688 1182 2751 maiorem
1196 2685 1293 2748 etiam
1308 2681 1485 2748 exilitatem

296 2789 439 2854 redacta:
462 2792 478 2866 ή
500 2791 708 2870 σύμβολον
728 2803 797 2867 τῆς
819 2792 1038 2868 θεοφιλίας
1060 2796 1102 2857 τὸ
1122 2792 1170 2869 μή
1190 2791 1488 2868 καταγήροθσαι,

297 2895 314 2971 ή
341 2897 451 2974 παρὰ
476 2895 677 2974 σύνταξιν
702 2908 853 2964 κεῖται.
877 2899 964 2977 λέγει
990 2901 1053 2977 γαρ
1077 2895 1122 2963 ὅτι
1148 2899 1258 2976 καίπερ
1283 2897 1487 2972 trapitionta

297 3005 350 3068 οὐκ
379 3005 523 3084 έγήραοε.
548 3005 582 3069 τὸ
605 3001 653 3071 οὗν
678 3004 768 3082 iltis,
795 3007 906 3083 γήραος
932 3005 963 3070 δέ
988 3005 1060 3069 tots.
1099 3003 1178 3092 Lag.
1200 3003 1301 3086 οὐδέν,
1326 3009 1358 3067 et
1379 3009 1489 3067 notan-
1571 3052 1572 3092 ι

297 3109 393 3193 dum,
436 3111 519 3195 quod
560 3114 743 3197 saepissime
787 3113 839 3185 lit.
877 3116 1118 3197 epitomatorem
1155 3115 1189 3174 in
1225 3109 1330 3174 media
1366 3115 1489 3174 senten·

296 3217 342 3282 tia
372 3215 510 3283 desiisse.
557 3217 666 3284 Etiam
696 3217 747 3292 V.
781 3223 840 3284 etsi
873 3221 978 3285 verbis
1010 3217 1142 3304 paulum
1166 3217 1300 3282 diuersis
1321 3223 1489 3302 concepta,

296 3321 457 3408 duplicem
489 3327 781 3410 interpretationem
813 3325 999 3390 stabiliunt:
1032 3325 1094 3398 θεὸς
1120 3323 1183 3402 γθιρ
1209 3322 1410 3403 πεπρωμένης
1435 3327 1486 3387 οὐκ

296 3429 445 3516 ἀπολύει,
477 3430 562 3512 ζῶντι
595 3434 626 3498 θὲ
657 3435 782 3512 ἀγαθῶν
815 3433 910 3505 olrice
944 3433 1075 3511 γίνεται.
1110 3433 1183 3507 ήτθ
1209 3430 1410 3511 Μενάνδρειον
1437 3429 1486 3516 ,ἓν

295 3539 321 3602 οἱ
346 3553 416 3604 κτλ.

340 3641 490 3729 Sequitur
524 3647 562 3712 de
598 3649 709 3714 eodem
738 3648 934 3734 Amphiarao
965 3653 1040 3714 nota
1063 3647 1215 3712 historia:
1242 3645 1256 3712 θ
1283 3643 1485 3724 Ἀμφιάραος

296 3752 379 3822 εἰδὼς
403 3755 597 3833 πεπραμένον
621 3753 698 3819 εἶναι
723 3757 757 3818 τὸ
783 3756 807 3818 ri
832 3753 943 3828 ἐξέλθοι
969 3755 998 3818 έν
1019 3753 1143 3830 πολέμῳ
1164 3759 1347 3835 σφαγῆναι,
1371 3753 1485 3817 ἐδειλήα

296 3859 347 3924 τὸν
375 3859 521 3934 πόλεμον.
549 3859 607 3946 (H)
638 3859 820 3926 Infinitivus
844 3859 985 3925 solocous
1010 3865 1057 3924 est
1082 3868 1114 3923 et
1137 3862 1171 3922 τὸ
1196 3857 1378 3922 molestum.
1405 3857 1485 3938 Qua.-

295 3972 423 4052 propter
456 3967 586 4033 fortasse
621 3969 697 4033 suit:
734 3969 816 4038 εἰδὼς
853 3965 1046 4044 πεπρωμένον
1081 3965 1184 4044 αὐτῷ
1218 3959 1242 4028 ιθ
1279 3963 1390 4042 ἐξέλθοι
1416 3979 1483 4030 κτλ.

296 4071 402 4138 Simul
438 4069 516 4145 αὕτη
554 4074 756 4139 scribendum
792 4095 848 4158 pro
885 4073 964 4148 αὐτή
996 4073 1029 4137 in
1055 4072 1122 4137 his:
1148 4070 1282 4149 Θηβαῖοι
1308 4072 1485 4136 ἐστείλαντο

295 4179 394 4263 λθθρρι
426 4191 463 4261 σή
498 4181 621 4258 γυναικὶ
654 4182 748 4244 αὐτοῦ
782 4177 879 4260 ἔρρεον.
913 4213 964 4229 --
997 4180 1180 4259 παρέπεισεν
1212 4179 1291 4252 αὐτή
1327 4177 1378 4242 τθν
1414 4179 1483 4244 llere

296 4286 392 4366 ἄνδρα
415 4287 557 4365 ἐξελθεῖν.
596 4287 685 4352 ldsm
709 4289 828 4352 vitium
852 4287 1146 4372 frequentissimum
1171 4293 1204 4350 et
1226 4281 1305 4349 alibi
1327 4287 1484 4372 corrigen-

295 4395 372 4460 dum
405 4402 438 4460 et
466 4397 500 4459 in
532 4395 651 4459 vicinia
682 4393 735 4477 (ad
760 4416 783 4455 π
808 4391 906 4478 367);
930 4393 963 4457 οὐ
988 4401 1052 4469 γὰρ
1077 4390 1264 4470 καταλεέψει
1290 4391 1481 4470 Τηλέμαχος

295 4501 329 4567 τὸ
361 4536 380 4551 ·
405 4502 502 4566 εἰπεῖν
534 4503 588 4574 τήν
617 4501 712 4564 αὑτοῦ
742 4503 905 4582 συμφορὰν
937 4500 988 4564 καὶ
1019 4495 1098 4578 θέτερ
1123 4495 1197 4578 παρ’
1223 4495 1306 4572 ήμῶν
1331 4495 1478 4568 ἔπαθενή
1569 4554 1570 4572 ,
