3278 5148
816 267 881 338 310

248 463 377 528 breuem
412 459 504 526 illam
536 464 742 527 sententiam:
775 462 827 527 axi
857 463 1004 528 εὐνοοῦσιν
1035 462 1108 540 ἀνὴρ
1140 461 1191 526 κιο)
1225 464 1243 536 ἡ
1275 461 1375 540 γννιί,
1407 457 1441 527 in

248 569 371 635 medios
402 569 524 634 dativos
548 574 700 653 tanquam
724 569 762 635 de
787 570 872 635 caelo
898 565 1080 655 delapsam?
1108 567 1288 634 Difficultas
1312 578 1442 654 tamen,

250 697 330 762 quae
353 673 581 740 inextricabilis
602 675 746 750 videtur,
770 675 961 742 solutionem
987 676 1131 741 admittit
1153 675 1442 762 simplicissimam.

250 782 375 868 Nempe
405 782 467 846 duo
496 781 537 845 ad
563 781 699 846 eundem
724 799 853 847 versum
877 781 998 848 scholia
1021 767 1095 846 oum
1116 781 1239 846 dnobus
1261 781 1442 858 lemmatis,

251 892 335 975 quod
362 909 455 974 saepe
486 888 609 953 factum
637 890 702 952 iam
727 888 970 966 admonuimus,
993 889 1100 973 inepta
1124 888 1158 952 in
1182 909 1284 952 unum
1308 887 1444 954 conflata

250 1003 325 1078 suut
348 997 394 1061 sie
419 995 590 1082 digerenda
611 1014 647 1058 ao
670 993 891 1078 dispescanda:

296 1102 453 1184 χάρματα
486 1101 707 1185 δἐὐριενέτρσι]
733 1101 914 1180 συγγενέσι,
940 1101 1064 1182 φίλοις,
1088 1103 1218 1178 εὐμενῶς
1243 1099 1443 1176 διακειμένοις

252 1211 317 1276 καὶ
343 1211 563 1273 εὐνοοῦσιν.

297 1317 442 1392 μάλιστα
464 1315 496 1380 δέ
520 1314 550 1378 τ’
563 1313 668 1380 ἔκλυον
691 1315 796 1400 οὗτοί]
820 1315 916 1393 ἀνὴρ
942 1315 1007 1378 cai
1035 1315 1050 1388 οἱ
1076 1315 1184 1394 γυνή.
1207 1314 1242 1379 τὸ
1264 1315 1295 1380 δὲ
1317 1313 1444 1394 ,ἔκλυον

252 1423 360 1489 attor
386 1423 445 1503 ἀφ’
467 1420 571 1502 ἑτέροις
595 1423 705 1502 ἀρχῆς·
753 1422 848 1486 Prius
868 1424 955 1487 enim
975 1421 1135 1500 scholion,
1156 1443 1264 1507 usqua·
1277 1422 1316 1488 ad
1329 1423 1444 1488 εὐνοοῦ-

251 1554 297 1594 σιν
323 1567 363 1578 -
389 1550 464 1594 nam
488 1535 520 1594 et
539 1529 598 1593 hoc
622 1529 827 1613 participium
852 1535 899 1593 est
922 1531 956 1592 in
981 1529 1089 1596 dativo
1113 1531 1255 1614 positum
1279 1567 1321 1580 -—
1348 1532 1444 1594 inter-

252 1639 461 1723 pretationem
490 1636 619 1720 praebet
639 1634 829 1700 Homericae
854 1633 940 1701 vocis
964 1636 1160 1715 εὐμενέτγοι,
1186 1635 1319 1702 alterius
1342 1635 1444 1700 forma

253 1743 370 1830 duplex
400 1748 458 1808 est.
505 1742 587 1807 Nam
620 1743 717 1806 verba
748 1741 821 1818 οὶνὶιρ
846 1744 905 1823 (sic
929 1741 1144 1825 scribendum)
1170 1741 1223 1806 cci
1248 1744 1266 1816 ἡ
1287 1741 1365 1819 rocci
1390 1743 1444 1806 iti-

253 1851 325 1916 dem
349 1849 453 1936 glossa
479 1853 553 1913 aunt
576 1847 616 1913 ad
639 1847 742 1924 αὐτοί,
767 1853 890 1914 caetera
913 1847 1080 1913 Nicanoris
1103 1853 1196 1914 notae
1216 1847 1344 1914 misella
1361 1848 1445 1935 stag·

253 1959 359 2034 mina‚
392 1977 465 2021 eum
488 1955 529 2020 iis
554 1974 633 2039 qnae
657 1952 719 2018 ΗΡ
742 1959 949 2020 servaverunt
973 1954 1012 2019 ad
1037 1953 1253 2032 ὁμοφρονέοντε
1276 1954 1336 2039 (vs.
1365 1951 1444 2032 183)

254 2069 284 2130 et
320 2060 406 2128 solua
439 2062 467 2128 P
499 2061 538 2127 ad
567 2060 660 2126 πόλλ’
692 2059 800 2137 ἄλγιον
833 2060 892 2145 (vs.
919 2059 996 2144 184)
1021 2061 1054 2125 iu
1078 2083 1179 2126 unum
1204 2061 1444 2148 coniungenda,

253 2173 313 2236 etsi
347 2191 387 2234 nc
414 2171 460 2234 aio
491 2168 619 2253 quidem
650 2168 775 2254 integra
803 2172 834 2231 et
865 2169 1057 2252 incorrupta.
1112 2167 1174 2233 Sed
1206 2168 1245 2233 ab
1277 2167 1329 2233 bis
1360 2188 1445 2232 nuno

254 2277 395 2342 abstineo
420 2295 549 2356 manua,
572 2272 656 2339 illud
679 2275 757 2339 satis
776 2272 876 2337 babeo
893 2275 927 2338 in
944 2275 1121 2358 praesentia
1133 2274 1317 2354 admonere,
1331 2273 1444 2340 eodem

253 2382 393 2448 remedio
416 2401 483 2447 esee
507 2380 662 2444 utendum
685 2381 719 2443 in
743 2381 796 2454 iis,
825 2399 905 2462 quae
928 2379 967 2444 ad
991 2379 1010 2459 ζ
1032 2378 1099 2444 264
1122 2402 1161 2445 ex
1185 2379 1212 2444 Τ
1239 2383 1273 2444 in
1306 2380 1445 2445 aditione

253 2486 458 2577 Dindorfiana
491 2488 596 2552 nescio
631 2507 687 2550 cur
722 2484 804 2550 infra
840 2491 965 2550 textum
1000 2491 1075 2550 sunt
1110 2492 1244 2552 enotata
1293 2485 1445 2571 Spectant

253 2602 361 2660 autem
385 2594 463 2659 hacc
489 2591 679 2657 Homerica:
704 2629 706 2634 ·

442 2699 537 2770 κοιλὸς
562 2698 593 2762 δὲ
617 2701 711 2775 λιμὴν
735 2699 876 2778 ἑκάτερθε
902 2697 1014 2771 πόλιος
1041 2699 1261 2785 (Phaeacum),

344 2807 445 2878 λεττὶι
469 2806 633 2882 deicidae·
658 2815 723 2878 νῆες
748 2805 838 2880 t'tttv
863 2805 1074 2884 ἀμφιέλισσαι
1099 2811 1116 2882 ΙΙ
1140 2805 1292 2885 εἰρύονται.

257 2915 312 2998 „ln
336 2914 363 2978 Τ
387 2919 451 2978 est:
474 2912 568 2984 ιιοιλὸς
594 2913 625 2978 δὲ
648 2912 760 2986 trado:
786 2910 862 2978 ὥστε
886 2912 936 2976 δύο
962 2911 1091 2987 λιμένας
1116 2911 1210 2993 ἔχειν.
1235 2914 1270 2978 τὸ
1295 2913 1325 2978 δὲ
1355 2921 1445 2992 ,νῆσε

253 3020 369 3087 δ’ὂδόν”
389 3023 444 3094 τῖον
464 3019 557 3086 δίοδον
575 3019 651 3099 φησι
672 3023 725 3082 τοῦ
749 3019 871 3094 λιμένος
897 3019 1055 3098 εἰρύοιτοιι,
1076 3020 1274 3100 φυλάττουσι
1298 3021 1354 3094 τὴν
1378 3021 1445 3085 ὁδὸν

254 3128 306 3192 acl
325 3125 511 3204 ἑλκυσμένοοι
536 3126 607 3188 εἰσὶν
633 3126 650 3198 ἢ
675 3125 845 3205 φράττουσι
868 3127 923 3198 τὴν
947 3125 1067 3190 εἴσοδον.
1093 3125 1177 3212 (Hoc
1201 3148 1240 3190 ex
1263 3126 1384 3194 scholio
1404 3128 1443 3192 ad

253 3258 285 3300 v.
311 3233 422 3319 ‘tems’
446 3231 497 3298 Sic
517 3230 708 3298 Dindorfiua.
733 3231 804 3316 Ipse
824 3232 901 3298 haee
922 3232 1014 3297 aliter
1034 3231 1443 3318 dispositaoonatituerem:

300 3341 377 3406 264.
425 3342 519 3412 κοιλὸς
541 3339 571 3404 δὲ
592 3339 700 3423 λιμήν]
723 3336 800 3402 ὥστε
819 3339 869 3404 δύο
890 3338 1018 3416 λιμένος
1037 3337 1130 3420 ἔχειν.
1145 3341 1179 3404 τὸ
1192 3341 1222 3404 δὲ
1237 3345 1324 3416 ,νῆες
1337 3339 1445 3406 δ’ὃδδν”

254 3453 308 3524 τὴν
333 3449 425 3528 δίοδόν
448 3455 527 3526 φησι
554 3448 705 3530 (spectat,
730 3445 888 3532 designat)
913 3448 966 3510 τοῦ
991 3449 1123 3522 λιμένος.

299 3555 376 3620 265.
424 3553 578 3636 εἶρύοιτοοι]
604 3551 798 3632 φυλάττουσι
824 3553 878 3626 τὴν
898 3551 1001 3629 ὃδὸνῆ
1027 3552 1250 3630 εἱλκυσμένοοι
1275 3554 1354 3618 εἰσὶ
1376 3554 1443 3618 καὶ

254 3663 425 3744 φράττουσι
448 3662 503 3734 τὴν
528 3657 649 3723 εἴσοδον.
687 3658 748 3738 Qui
772 3659 867 3732 haec,
893 3663 930 3723 ut
954 3680 1037 3724 nuuc
1062 3662 1180 3745 scripta
1200 3661 1349 3737 exhibui,
1372 3681 1444 3726 con·

253 3772 332 3836 ferre
357 3767 445 3834 velit
460 3787 533 3832 cum
558 3766 597 3830 iia
617 3785 696 3848 quae
717 3764 756 3830 ad
776 3785 823 3829 vs.
845 3763 911 3830 264
931 3785 970 3831 ax
990 3765 1100 3846 BEQ'P
1114 3767 1199 3832 edita
1212 3773 1287 3831 sunt
1299 3767 1342 3852 (p.
1359 3763 1442 3842 315,

252 3878 273 3943 l.
309 3875 349 3941 17
381 3881 412 3940 et
446 3871 512 3959 18),
535 3875 614 3938 item
639 3893 713 3936 oum
736 3871 831 3937 editis
854 3873 894 3937 ad
918 3879 1099 3956 sequentem
1125 3893 1254 3938 versum
1279 3893 1318 3938 ax
1342 3873 1389 3950 E,
1414 3877 1445 3939 ei

255 4007 327 4052 cum
357 3984 395 4048 de
429 3981 650 4064 dispositione,
684 3983 754 4042 tum
778 3978 816 4044 de
839 3977 977 4065 singulis
1001 3980 1246 4044 correctionibus
1270 3979 1442 4046 levissimis

254 4091 377 4158 abunde
412 4087 610 4153 satisfactum
644 4086 715 4152 erit.
751 4085 870 4151 Eadem
905 4106 1029 4172 quoque
1065 4085 1206 4152 conlusio
1235 4086 1375 4151 notanda
1407 4105 1443 4151 ao

253 4195 438 4284 castiganda
473 4196 486 4258 l
524 4192 590 4258 413
626 4195 660 4257 in
690 4193 749 4277 iis,
779 4213 859 4277 quae
890 4194 1055 4260 observata
1086 4198 1161 4258 aunt
1190 4192 1229 4258 da
1260 4192 1366 4258 Ulixis
1402 4193 1441 4258 ad

254 4303 430 4390 Euryalum
457 4302 577 4366 verbis:
1430 4311 1436 4317 ”

343 4411 392 4474 axi
420 4408 475 4493 σύ,
499 4409 610 4490 φίλος,
633 4405 729 4486 para
752 4417 829 4492 χιιῖρ
857 4458 864 4481 ,
890 4407 946 4473 θεοὶ
971 4407 1002 4472 δέ
1027 4431 1071 4472 τοι
1100 4407 1193 4488 ὄλβιοι
1220 4408 1318 4496 δοῖεν,
