3278 5148
753 317 929 393 ‘348

306 511 424 596 ἱερὴοι
458 513 526 580 καὶ
562 513 828 603 όνειροπόλον)
864 521 909 588 ὥς
946 517 1105 583 εἰδικόν.
1163 515 1247 582 Cum
1281 515 1397 584 iisdem
1434 515 1496 584 lere

307 623 413 688 verbis
443 626 554 686 utatur
587 623 785 688 Aristonicus
809 626 848 690 ad
873 624 983 690 Iliadis
1013 625 1120 690 locum
1143 627 1176 688 in
1204 625 1353 690 omnibus
1381 627 1497 689 nostris

307 727 469 794 adlatum:
505 731 522 803 ἡ
546 729 658 804 διπλῆ,
683 727 729 794 ότι
753 731 865 808 μάντις
889 740 1036 816 γενικῶς,
1060 731 1154 811 ἱερεὺς
1180 731 1211 798 δὲ
1236 731 1288 796 καῖ
1313 729 1497 808 ὀνειροπόλοι

307 837 442 913 εἰδικῶς,
474 835 538 912 alin
564 833 720 913 μάντεσι,
746 847 852 904 nostra
876 859 1000 924 qnoque
1025 840 1202 904 Aristonico
1225 838 1403 902 adscribere
1427 857 1499 900 auc·

307 945 368 1007 tori
391 962 453 1006 non
476 942 615 1006 nimium
643 943 746 1008 audax
770 944 893 1010 facinus
916 944 1084 1009 videbitur.
1135 941 1201 1009 Cur
1223 943 1400 1008 exciderint
1420 963 1500 1027 quse

307 1049 487 1115 coniectura
515 1049 647 1126 reduxi,
680 1071 775 1115 causa
803 1054 837 1114 in
868 1053 974 1136 aprico
1006 1055 1107 1136 posita
1131 1057 1189 1116 est.
1236 1049 1348 1114 Restat
1373 1057 1410 1114 ut
1434 1069 1501 1114 mo-

306 1177 417 1232 neam,
449 1156 488 1220 de
518 1176 595 1221 voca
626 1159 825 1227 κατακλῶόες
858 1157 1018 1242 duplicem
1046 1158 1120 1223 ferri
1150 1159 1352 1222 sententiam.
1400 1153 1501 1220 Etsnt

306 1265 362 1348 qui
393 1264 590 1327 coniunctim
621 1264 794 1328 scriberent
826 1270 921 1349 atquc
949 1266 1231 1349 interpretarentur
1260 1264 1294 1328 ai
1319 1259 1499 1332 ε’τικλόσεις

305 1374 366 1434 τῶν
400 1373 536 1451 Μοιρῶν,
567 1369 650 1452 quod
681 1370 833 1435 exhibent
866 1369 1026 1456 Apollonii
1057 1370 1196 1436 chicon
1225 1374 1258 1434 et
1280 1367 1354 1436 ME.
1380 1367 1499 1434 Barne-

306 1478 451 1559 sisnum,
487 1479 576 1540 erant
610 1477 665 1560 qui
700 1475 878 1542 dividerent
911 1498 946 1542 ac
976 1478 1240 1562 praepositionem
1274 1455 1436 1540 trahhrent
1458 1475 1497 1540 ad

306 1603 440 1667 sequens
470 1584 609 1656 νὴσκντι.
658 1581 697 1648 In
728 1583 786 1648 hac
816 1589 906 1668 parte
935 1583 1033 1650 fuisse
1055 1583 1147 1650 credo
1170 1589 1203 1647 ot
1225 1583 1442 1648 Aristonicum
1468 1590 1497 1648 et

305 1685 548 1764 Aristarchum,
579 1707 653 1754 narn
685 1688 809 1756 nullum
838 1690 931 1756 video
958 1710 1105 1768 causam,
1129 1709 1186 1754 cur
1208 1685 1402 1754 scholiorum
1427 1709 1496 1754 nos·

306 1799 427 1859 trorum
448 1793 566 1860 ultimo
584 1815 647 1860 non
667 1798 746 1860 item
769 1817 804 1862 ac
821 1799 925 1882 priora
945 1796 1126 1862 Aristonico
1146 1798 1378 1862 continuemus.
1406 1794 1495 1874 Quod

305 1902 333 1964 si
358 1905 424 1978 est,
449 1903 555 1968 bisin
577 1900 604 1966 lo
627 1901 758 1968 divisim
782 1903 984 1968 scribendum
1008 1905 1115 1968 carri
1140 1905 1298 1972 κλεῖδες.

353 2139 389 2196 ἡ,
414 2111 490 2177 206.
517 2111 606 2178 Dicit
627 2113 787 2179 Nausicaa

636 2217 641 2226 ’
714 2221 783 2285 ἐτεό
804 2225 910 2301 σφισιν
935 2221 1022 2308 (diis)
1044 2219 1175 2299 ἑγγιόόεν
1198 2220 1301 2298 εἰμέν,

440 2323 541 2408 ὥσπερ
564 2325 735 2398 Κύκλωπός
758 2351 794 2392 τε
818 2327 871 2392 aar
897 2325 993 2407 άγριοι
1017 2333 1108 2408 Φῦλιι
1132 2327 1301 2406 Γιγάντων.

303 2432 423 2500 11111111
455 2435 570 2502 horum
607 2453 757 2500 veranum
787 2437 963 2518 antiquitus
995 2438 1214 2521 interpretatio
1245 2435 1341 2512 falsa,
1376 2433 1494 2520 duplici

303 2544 407 2608 torma
437 2548 598 2626 concepta.
646 2539 756 2606 Altera
781 2547 829 2606 cst
854 2539 984 2608 11ΒΤ;
1013 2551 1176 2621 συγγενεῖς
1200 2541 1262 2621 γάρ
1286 2542 1380 2618 ἐσμεν
1404 2541 1493 2614 daria,

303 2651 342 2720 ὥς
368 2649 394 2712 οῖ
418 2648 586 2720 Κύκλωπες
611 2653 668 2712 τῶν
691 2649 861 2724 Γῖγάντιοι.
888 2645 985 2726 ὅμοροι
1013 2652 1076 2728 γάρ
1100 2644 1195 2726 οὗτοι,
1220 2650 1237 2724 ἡ
1262 2645 1362 2728 ἄμφω
1386 2644 1492 2718 άδιιιοι,

303 2763 337 2822 et
366 2757 401 2822 in
432 2752 561 2836 BEQT:
592 2755 829 2835 άγχιςτεύομεν
862 2756 924 2832 γὰρ
956 2758 1061 2826 αὐτοῖς
1091 2757 1177 2821 κατὰ
1209 2754 1314 2838 γένος,
1347 2750 1447 2832 ὥσπερ
1470 2753 1493 2816 σι’

304 2863 473 2934 Κύκλωπες
497 2861 548 2926 axi
574 2863 599 2926 ot
623 2861 775 2938 Γόγοιντες
800 2862 948 2936 άλλὴλοις
972 2864 1225 2945 άγχιστεύουσιν.
1258 2860 1402 2926 Alteram
1424 2879 1494 2924 vcro

303 2969 422 3035 habant
456 2966 613 3048 BllPQV:
646 2967 663 3042 ἡ
694 2965 792 3046 ὥσπερ
823 2968 990 3042 Κύκλωπες
1023 2970 1075 3036 acl
1108 2971 1261 3048 Γόγοιντες
1286 2969 1386 3046 ε’γγίις
1410 2969 1494 3033 nara

304 3075 409 3155 γόνος,
441 3079 459 3151 ἡ
489 3078 575 3140 κατὰ
605 3073 717 3151 τόσον,
750 3073 769 3149 ἡ
800 3075 886 3140 κοιτά
910 3076 1049 3150 άδικόοιν,
1074 3072 1150 3142 οὕτω
1175 3075 1228 3140 κοιὶ
1253 3077 1342 3152 ἡμεῖς
1367 3075 1495 3149 canulro

304 3185 379 3254 όεοῖς
409 3181 495 3248 κατὰ
526 3179 737 3272 δικοιιοσύνιιν,
771 3185 804 3246 et
826 3181 955 3248 brevius
977 3181 1077 3248 iidem
1100 3181 1202 3262 BuQ:
1237 3180 1365 3256 ἡκοτῖι
1389 3179 1492 3260 γένος,

304 3289 322 3365 ἡ
347 3290 432 3354 aava
455 3287 593 3366 άδικόοιν,
619 3287 695 3354 οὗτοι
718 3289 772 3354 eal
793 3292 882 3367 ἡμεῖς
905 3290 990 3354 κιοτάι
1009 3289 1208 3362 δικαιοσύνην.
1234 3287 1495 3354 Praetereamus

304 3395 332 3478 Q
363 3395 402 3462 sd
435 3395 556 3461 lemma
578 3395 755 3472 Γιγάντωνε
781 3393 879 3477 ὅμοροι
904 3396 1013 3480 (codex
1036 3390 1146 3474 ὅμοιοι,
1172 3394 1255 3481 quod
1280 3393 1495 3460 Buttmannus

305 3504 426 3590 optime
450 3505 597 3588 correxit)
621 3503 685 3582 γάρ
710 3499 801 3568 οὗτοι.
822 3507 838 3578 ἡ
860 3501 906 3568 ότι
927 3501 1027 3581 ἄμφω
1051 3501 1147 3567 ἄδικοι
1168 3501 1359 3582 ὑτάρχοιισιν
1384 3499 1494 3584 ὅμοιοι,

305 3608 381 3676 οὔτοι
405 3609 458 3676 aar
483 3611 572 3686 ἡμεῖς
597 3611 670 3680 όεοῖς
695 3611 823 3682 τλιισόον
846 3609 930 3674 κοντοὶ
956 3609 1176 3687 δικαιολογόοιν.
1213 3607 1424 3674 Manifestum
1450 3613 1495 3672 est

303 3717 358 3784 vel
393 3739 432 3782 cx
466 3715 564 3791 οὕτω,
590 3715 672 3800 quod
707 3715 789 3780 nihil
821 3716 917 3782 habet
947 3721 1000 3782 oni
1031 3717 1233 3802 respondeat,
1266 3715 1344 3780 hacc
1373 3733 1501 3801 qnoque·

304 3823 420 3890 lacuna
440 3823 582 3890 laborare
605 3827 733 3906 propter
756 3822 980 3897 tacrcrtaeorca
1004 3830 1089 3900 orto,
1113 3845 1171 3890 nec
1194 3822 1329 3888 dubium
1354 3843 1421 3887 esse
1441 3842 1493 3907 po·

304 3937 383 4015 test,
416 3930 573 4016 quomodo
603 3926 781 3994 deficientia
813 3929 989 4015 supplenda
1020 3934 1092 3996 sint.
1142 3929 1348 4017 legendum,
1372 3935 1494 3994 mutata

304 4037 404 4104 simul
438 4036 706 4120 interpunctione:
743 4031 840 4115 ὅμοροι
874 4036 937 4116 γάρ
969 4033 1065 4115 οὗτοι,
1098 4035 1116 4111 ἡ
1148 4033 1193 4100 ότι
1226 4033 1325 4116 άμφιι
1351 4033 1494 4100 άὸικοι.
1604 4101 1605 4114 ,

306 4143 338 4229 (ἡ
372 4141 500 4224 ὥσπερ
535 4141 754 4214 Κύκλωπες
791 4144 856 4208 κιο)
892 4143 1099 4221 Γόγιιντις
1137 4144 1154 4220 ἡ
1188 4141 1295 4206 κατὰ
1330 4141 1493 4220 γένοςὴ

305 4254 392 4315 κοιτ·
414 4249 594 4334 diculus)
621 4249 811 4327 ὑπάρχουσιν
842 4245 954 4334 ὅμοιοι,
979 4247 1131 4316 οὕτωκαὶ
1157 4249 1243 4326 ἡμεῖς
1270 4248 1344 4319 όεοῖς
1369 4249 1495 4322 charior

304 4358 390 4422 κατὰ
426 4355 646 4434 δικαιολογίαν.
705 4353 835 4422 Partem
870 4359 939 4426 veri
974 4357 1058 4424 vidit
1100 4354 1288 4422 Buttmanni
1322 4357 1492 4442 sagacitas.

305 4461 401 4532 ἄδικοι
425 4467 459 4528 in
482 4461 587 4550 ἇδικῖρ
609 4463 799 4530 mutandum
823 4484 892 4530 osas
914 4465 1078 4530 consentis.
