3278 5148
728 335 793 406 aas
892 283 896 292 ⁵

165 539 304 598 eAeAC
333 550 390 616 pro
423 531 588 610 eticae),
621 528 813 598 Harleiauus
844 528 908 604 ἠδδ
939 527 1032 612 ἕλος,
1066 527 1353 608 „undePorsonus

162 640 352 726 conjiciebat
385 639 403 714 ἧ
439 636 472 703 δέ
508 636 685 723 (deficiente
714 639 842 704 nomine
873 635 926 704 uel
957 637 1088 704 editoris
1117 636 1170 704 vel
1193 638 1355 725 editionis)

163 743 291 818 ἔλσιις.”
326 744 476 830 (Buttm.)
511 744 644 810 Porsoui
678 746 891 830 suspicionem
927 744 1147 829 comprobavit
1180 743 1355 814 Mauricius

162 850 379 928 Schmidtius‚
410 845 465 936 qui
492 857 584 916 notae
607 857 732 917 nostrae
756 850 937 936 Didymum
962 855 1123 916 auctorem
1146 850 1262 934 habet,
1287 873 1354 918 cae·

163 963 268 1024 terum
298 957 336 1022 de
368 957 541 1042 scripturae
573 960 663 1025 vitiis
695 960 740 1023 sic
764 957 945 1042 disputans:
972 962 1078 1034 „recte
1103 957 1260 1024 Porsonus
1285 979 1354 1025 sus·

163 1067 287 1151 picotus
322 1070 388 1130 est:
425 1062 510 1138 ἥδέ
523 1111 644 1130 ......
676 1062 790 1147 ἔλποιο,
824 1064 957 1130 sortasse
992 1063 1008 1138 i
1047 1062 1078 1128 δὲ
1114 1065 1353 1144 Ἀριστοφάνους

164 1170 271 1244 ἔλποιο.
315 1170 452 1256 Reliqua
481 1172 526 1237 sio
556 1173 707 1236 restituo:
740 1171 792 1236 καὶ
826 1169 890 1236 ἔστι
916 1167 1151 1248 ποιητικώτερον.
1178 1170 1273 1244 ἕλσοις
1297 1173 1355 1248 μὲν

163 1279 228 1358 γὰρ
251 1278 316 1344 uri.
342 1275 392 1344 ef.
416 1276 515 1343 schol.
538 1277 597 1342 ΗΡ
625 1277 665 1343 ed
689 1301 725 1361 η,
746 1275 844 1342 250.”
864 1277 912 1343 At
934 1297 1009 1363 pace
1030 1282 1192 1343 tantorum
1211 1281 1355 1345 virorum

164 1386 204 1452 ab
235 1405 345 1451 eorum
376 1387 566 1450 auctoritate
596 1382 707 1450 licebit
738 1385 915 1450 dissentire.
963 1383 1075 1469 Neque
1098 1387 1182 1450 euim
1206 1385 1354 1452 observa·

164 1494 261 1558 tionis
280 1494 405 1556 nostrae
424 1495 585 1556 auctorem
608 1489 787 1577 Didymum
805 1491 981 1578 adgnosco,
995 1511 1096 1576 neque
1107 1489 1354 1577 Aristophanem

162 1598 308 1665 lectionis
340 1595 436 1668 ἓλοοο
467 1603 656 1684 patronum,
684 1635 724 1646 —
749 1619 810 1664 non
843 1599 945 1664 solent
969 1599 1014 1664 sic
1037 1597 1172 1664 scribere
1195 1619 1357 1686 gramm·

163 1707 238 1770 tici:
265 1703 481 1777 Ζηνόδοτος
501 1703 620 1774 ἒλιὶσιος
640 1703 776 1789 γράφει,
798 1706 815 1780 ἦ
836 1704 874 1770 δὲ
897 1701 1223 1785 Ἀριστοφάνους
1244 1703 1353 1780 ἔλσαις,
1467 1714 1471 1723 ’

166 1847 209 1862 --
221 1831 279 1876 uec
299 1814 500 1897 sequentium
522 1811 751 1878 vocabulorum
769 1813 1005 1877 restitutionem
1023 1813 1131 1898 probo.
1157 1812 1242 1878 Nsm
1263 1813 1355 1898 quid,

165 1939 300 2003 quaeso,
329 1918 407 1984 hoc:
438 1919 533 1991 ἔλσος
564 1921 671 2006 magis
702 1921 862 2004 poeticum
893 1923 941 1983 est
967 1916 1066 1984 altero
1089 1917 1227 1992 ἐλάσιος,
1252 1921 1357 1986 etenim

167 2025 236 2110 (μὲν
268 2023 344 2108 γάρ)
368 2061 410 2074 -
434 2024 626 2113 significatio
658 2025 783 2092 diversa
814 2021 883 2090 est?
919 2023 991 2090 Nou
1026 2031 1075 2092 est
1100 2028 1186 2092 acuti
1218 2026 1357 2094 hominis
1486 2083 1488 2088 ,

166 2137 234 2198 tarn
265 2137 406 2198 contorte
435 2134 628 2200 ratiocinari.
675 2129 777 2199 Credo
812 2132 926 2209 fnisse,
958 2151 1020 2198 nou
1054 2133 1079 2197 oi
1102 2132 1151 2209 δέ,
1177 2153 1240 2198 uon
1265 2136 1281 2209 οἱ
1305 2133 1356 2220 δέ,

167 2237 270 2304 multo
300 2241 408 2304 minus
433 2242 449 2314 η
475 2238 505 2304 δὲ
531 2237 787 2320 ’Λριοτοφοένοιιςη
812 2239 884 2304 sed:
910 2237 1072 2310 Ζηνοδοτοι
1098 2237 1257 2316 „taetros”
1281 2241 1357 2321 ype-

165 2351 231 2426 φει.
270 2344 333 2410 δεῖ
365 2344 395 2412 tt
433 2344 584 2422 ,ἕλσκς”·
617 2346 846 2423 ποιητικώτερον
882 2344 954 2423 γάρ.
988 2345 1082 2429 (eat)
1115 2343 1211 2418 ἔλσιις
1242 2347 1299 2421 μὲν
1321 2345 1356 2412 τὸ

164 2449 360 2532 συστρέφρις,
391 2452 509 2524 ἐλάσιος
540 2453 571 2518 δὲ
605 2453 639 2518 τὸ
664 2453 698 2516 ἔκ
721 2451 821 2533 χειρὸς
847 2449 981 2526 πληξιις.
1029 2451 1131 2517 Cuius
1152 2455 1357 2540 grammatici

163 2560 244 2626 haec
274 2559 473 2643 existimem,
503 2559 556 2626 vei
585 2581 638 2626 me
662 2560 818 2626 indicente
841 2557 955 2625 crisces
979 2556 1168 2624 Homericae
1191 2561 1287 2644 periti
1309 2560 1357 2626 ia·

164 2664 227 2732 cile
261 2665 462 2752 adgnoscent.
510 2665 633 2752 Nempe
660 2664 835 2731 Aristonici
866 2670 960 2740 sunt,
992 2685 1087 2750 quem
1111 2667 1182 2750 quis
1205 2685 1267 2730 uon
1290 2686 1357 2733 see·

164 2773 296 2858 pissime
328 2774 375 2837 ite
404 2773 529 2839 audivit
560 2769 740 2838 dicentem?
764 2771 872 2838 Pauca
894 2770 1039 2856 exempla
1063 2771 1102 2836 de
1125 2769 1272 2856 plurimis
1296 2778 1356 2840 tes·

164 2881 280 2944 taedae
303 2881 350 2944 rei
368 2879 537 2944 sufficiant.
583 2878 717 2964 Scripsit
741 2880 938 2944 Aristonicus
962 2888 990 2942 A
1017 2875 1099 2944 117:
1124 2873 1170 2942 ὅτι
1195 2879 1356 2954 Ζηνόδοτος

143 2987 259 3053 ἀὐτὸν
285 2987 427 3061 sitirem
452 3021 471 3036 -
485 3021 516 3050 -.
542 2986 575 3050 οὖ
599 2988 646 3052 δεῖ
662 2986 694 3052 at
713 2971 806 3052 αὑτὸν
826 2985 890 3068 ἰδίᾳ
910 2983 1112 3065 προφέρεσθαι
1132 3000 1203 3050 κτλ.
1221 2983 1357 3072 Scripsit

166 3104 188 3158 B
222 3091 303 3158 318:
334 3091 379 3157 ὅτι
416 3092 577 3168 Ζηνόδοτος
609 3091 728 3173 γράφει
753 3090 931 3171 ,,οὲρι’δηλον”
1045 3089 1103 3156 ἔδει
1125 3090 1155 3155 δὲ
1181 3090 1358 3173 „maaca”

164 3200 201 3264 τὸ
225 3201 288 3279 γὰρ
312 3200 452 3277 ιὶριδηλον
475 3197 562 3276 ἄνοον
584 3198 742 3274 ε’ςοφοινές,
767 3195 839 3279 ὅπερ
860 3199 1018 3264 deltoton.
1038 3199 1145 3282 Atque
1164 3199 1256 3264 sicM
1272 3197 1357 3266 359:

168 3307 200 3392 (si
223 3307 317 3379 διπλῆ
337 3305 589 3388 περιεστιγμένη)
610 3300 656 3370 ὅτι
678 3306 839 3381 Ζηνόδοτος
858 3304 976 3384 specs
999 3311 1101 3381 „aeica
1122 3303 1185 3382 γὰρ
1198 3303 1358 3381 adseres?

166 3415 227 3494 οὐχ
252 3415 343 3491 ὑγιῶς
367 3414 409 3486 εἷς
433 3415 543 3478 ἐκεῖνον
566 3414 617 3478 τὸν
641 3412 749 3477 τόπον·
782 3413 830 3476 δοῖ
849 3411 912 3490 γὰρ
936 3411 966 3475 ἐν
991 3411 1091 3486 ἐκείνῳ
1112 3412 1155 3488 τῷ
1179 3409 1274 3492 τόπῳ.
1299 3410 1362 3476 δεῖ

168 3521 206 3586 δὲ
230 3519 365 3600 νριὶφειν
387 3517 498 3596 ,,ὦδο”·
524 3537 592 3584 κτλ.
617 3519 701 3584 utu
726 3517 788 3583 26:
814 3521 831 3594 η
857 3516 972 3596 διπλοῖ,
992 3513 1036 3582 ὅτι
1057 3518 1088 3580 ἐν
1109 3525 1171 3588 τοῖς
1195 3514 1358 3590 Ζηνοδότον

169 3626 411 3706 ,,ἒρνει’νωντιιι”
435 3627 485 3692 διοδ
510 3631 563 3692 τοῦ
586 3627 599 3691 i
620 3628 825 3706 νένριιπτιιι·
850 3624 913 3690 δεῖ
933 3625 974 3689 δὲ
995 3625 1051 3689 σὺν
1075 3625 1117 3701 τῷ
1140 3622 1173 3688 ἔ·
1198 3638 1268 3688 κτλ.
1294 3620 1360 3689 Gur

169 3733 222 3800 καὶ
246 3736 456 3811 inseruerim,
478 3735 640 3800 neminem
664 3733 698 3798 in
721 3733 896 3798 Aristonici
917 3729 1063 3817 reliquiis
1087 3729 1138 3796 rel
1158 3729 1361 3796 mediocriter

169 3847 331 3908 versatum
355 3839 465 3906 tallere
488 3846 600 3926 potest.
648 3840 769 3906 Notum
793 3841 879 3905 enim
904 3843 969 3922 est,
990 3856 1086 3922 quam
1104 3837 1359 3923 frequentissime

169 3947 215 4014 sic
243 3947 351 4034 plures
374 3946 520 4013 lectionis
547 3952 604 4012 aut
626 3946 805 4033 prebendae
827 3949 884 4011 aut
906 3943 1133 4028 improbandae
1156 3964 1266 4011 causas
1289 3965 1361 4011 con·

169 4061 284 4122 nectet.
309 4055 398 4121 Idem
422 4075 506 4120 nunc
530 4073 654 4140 quoqne
678 4055 857 4118 usuvenit.
889 4050 1095 4118 Aristarchus
1113 4049 1243 4119 lectioni
1263 4049 1359 4119 tarsa

169 4163 404 4248 patrocinatur,
435 4160 518 4246 quod
545 4167 574 4224 et
596 4160 720 4244 poetica
740 4159 844 4246 magis
868 4158 911 4223 sit
933 4165 962 4222 οι
986 4157 1159 4224 sententiae
1182 4178 1360 4226 accommo-

170 4267 273 4336 datior
296 4289 392 4354 quam
417 4267 517 4334 altera
540 4263 669 4336 ἐλάσιος.
763 4349 768 4364 Ι

218 4503 251 4559 ι,
272 4475 349 4545 lue.
376 4478 428 4546 Ad
454 4476 506 4546 rto
534 4477 591 4559 μὲν
618 4478 679 4558 ἐγὼ
705 4473 816 4562 φίλεόν
836 4499 871 4544 τε
890 4475 943 4544 nai
964 4473 1091 4560 ἔτρεφον
1111 4473 1161 4556 »itt
1182 4474 1350 4572 ἔφιισιιονΙΙ
