3232 5136
678 369 720 440 33

125 557 165 623 tec
194 562 251 639 γὰρ
283 559 401 641 όφρθοιι,Ι
430 557 516 641 εἶχε·
547 565 624 642 φησὶ
657 563 721 644 γὰρ
754 567 881 647 ,πόντον
899 564 944 629 Δδέ
973 567 998 630 οἱ
1030 565 1169 646 βλὲφοορ’
1201 555 1287 646 ecci

124 665 166 728 aci
192 667 299 748 ὀφρύος
324 663 410 732 εόσεν
434 668 576 744 dirpsi?
599 670 655 734 nbi
679 671 760 735 mihi
783 671 911 755 quidem
938 673 1122 737 concinnius
1144 669 1288 738 videtur:

124 807 162 821 ··
182 775 260 838 θλλίι
284 774 370 839 κοντοὶ
394 797 464 840 πονοι
488 776 659 855 συντυχίαν
682 775 733 839 τὸν
757 773 855 855 ἕτερον
874 779 932 844 τῶν
951 777 1121 858 όφθωλμῶν
1141 775 1290 853 ἀποβε-

122 877 264 954 βληκός.
290 880 436 966 Denique
455 882 590 946 eundem
610 882 675 947 fere
691 883 852 970 cogitandi
866 883 1137 968 ratiocinandique
1148 888 1290 948 tenorem

122 983 363 1070 deprehendimus
398 988 432 1051 in
467 986 610 1076 longiore
645 988 859 1074 disputatione
893 988 1113 1076 Etymologr'ci
1148 986 1291 1054 Gudieni

120 1111 175 1154 ev.
207 1096 369 1166 deterrerer
405 1095 448 1180 (p.
485 1092 550 1159 352
580 1093 601 1159 l.
636 1093 679 1159 43
715 1116 800 1180 seqq.
833 1094 970 1180 Stura),
1003 1099 1040 1160 ad
1070 1116 1166 1180 quam
1191 1096 1289 1160 etiam

121 1195 279 1266 Dindorhns
302 1203 336 1266 in
360 1201 561 1266 adnotatione
585 1201 622 1266 nd
644 1199 773 1266 Scholia
791 1200 849 1267 Od.
871 1226 897 1278 ν,
922 1200 985 1266 106
1005 1200 1186 1289 ablegavit,
1208 1221 1289 1286 quae

121 1314 209 1368 tamen
236 1306 410 1392 disputatio
443 1309 491 1372 ita
525 1315 706 1392 comparate
741 1315 803 1390 est,
838 1315 876 1372 ut
904 1307 1098 1374 Aristarchei
1121 1307 1289 1373 cuiusdam

120 1429 173 1474 esse
193 1415 303 1497 possit,
318 1450 359 1464 -
374 1419 410 1476 nt
432 1433 508 1478 mox
532 1414 714 1498 apparebit,
738 1451 779 1461 -
801 1413 978 1479 Aristarchi
1002 1415 1103 1499 ipsius
1126 1433 1206 1490 esse,
1229 1411 1290 1476 hac

119 1515 228 1596 quidem
260 1520 381 1595 torma,
414 1540 475 1585 non
507 1539 634 1603 possum
668 1522 700 1584 in
736 1521 880 1585 animum
916 1520 1075 1585 inducere.
1120 1519 1290 1606 Apponam

122 1625 211 1686 totum
239 1623 364 1708 locum,
389 1645 451 1710 qno
474 1627 702 1709 corruptiorem
728 1647 790 1690 non
813 1626 945 1690 memini
970 1646 1022 1690 me
1045 1627 1078 1690 in
1101 1623 1290 1713 grammati·

118 1747 210 1794 corum
239 1737 270 1796 et
302 1730 599 1818 lexicographorum
630 1730 772 1816 reliquiis
796 1731 917 1818 legere,
941 1753 1136 1817 quemquem
1158 1731 1288 1797 foedum

121 1831 285 1922 plerumque
306 1837 398 1903 ulcus
415 1843 479 1914 est,
501 1837 656 1923 quidquid
675 1839 709 1901 in
728 1837 952 1925 Etymologico
972 1837 1120 1904 Gudisno
1132 1837 1288 1926 tetigeris.

120 1940 337 2028 Κύκλωπες,
358 1945 396 2016 ὥς
417 1944 551 2015 Ἡσίοδος
575 1943 763 2021 ,Κύκλωπες
785 1946 811 2008 δ’
832 1941 913 2021 ὄνομ’
926 1943 1003 2020 ἦσαν
1016 1945 1180 2023 ἐπώνυμον,
1195 1941 1290 2009 οὕνεκ’

118 2045 156 2122 ἄρ’
176 2050 273 2122 αὐτοῖς
292 2061 310 2133 ΙΙ
328 2053 508 2131 κυκλοτερὴς
533 2051 695 2128 όφόωλμὸς
723 2047 780 2120 ἕεις
804 2049 931 2116 ἐνέκειτο
954 2051 1121 2132 μετόπιρ.”
1148 2047 1290 2144 Κυκλό-

118 2177 201 2228 orer
222 2157 286 2222 καὶ
312 2158 420 2222 aare
445 2159 652 2235 συγκοπην
679 2155 910 2229 Κύκλωπες·
935 2159 972 2222 ἐν
992 2167 1039 2240 τῇ
1061 2164 1168 2239 φωνῇ
1189 2157 1289 2238 ripn·

118 2281 174 2324 σοι
204 2269 273 2327 τῶν
312 2265 548 2329 Κυκλώπων·
588 2262 811 2334 Κύκλωπες
846 2260 911 2329 οὖν
947 2266 1054 2329 κοντοὶ
1080 2266 1289 2342 συγκοπην

120 2369 359 2446 Κυκλοόωπες,
385 2366 426 2435 οὗ
452 2369 572 2450 κόριν
593 2369 738 2440 αὐτοὺς
759 2367 918 2450 ἕφησοον
941 2371 1129 2442 Φοοόινκοις
1148 2369 1290 2450 ,οἷπρὶν

118 2473 163 2546 μέν
189 2481 253 2541 τοτ’
277 2475 373 2541 ἔναιον
396 2477 426 2540 ἐν
450 2475 595 2557 εὐρυχόρῳ
618 2477 780 2556 ’Τπερεόη,
805 2489 822 2562 Η
845 2478 954 2558 οξγχοῡ
980 2477 1155 2542 Κυκλώπων
1177 2475 1290 2556 ἀνδρῶν

118 2581 366 2663 ὑπερηνορεόντων,
393 2585 408 2664 Η
435 2583 468 2648 ον’
492 2591 595 2662 σφεας
620 2581 809 2658 σινέσκοντο,
835 2583 934 2663 βθηφί
957 2607 992 2648 τε
1017 2582 1183 2663 φέρτεροι.”
1211 2584 1288 2648 ἄλλ’

118 2687 166 2750 οὐδ’
197 2686 271 2763 ἦσαν
306 2689 423 2758 πιόντες
457 2687 687 2768 μονόφθαλμον·
725 2691 757 2754 οὐ
793 2690 856 2768 γόιρ
892 2689 1121 2772 ἀνέστησεν
1149 2689 1287 2769 Ὅμηρος

118 2791 145 2854 τό
169 2795 350 2874 σερότενμοι.
384 2797 475 2859 ἑλλ’
507 2795 566 2860 οὐδ’
598 2795 827 2874 όΠολόφημος
852 2795 1072 2875 μονόφθαλμος
1097 2794 1152 2873 ὢν,
1177 2795 1287 2875 ποιροὶ

118 2901 149 2962 τὸ
176 2903 293 2968 τόπον·
326 2899 392 2983 ἔχει
418 2903 472 2975 την
496 2900 574 2967 θέσιν
598 2905 651 2966 τοῦ
676 2902 860 2984 όφόοολμοῦ,
887 2903 912 2966 εἰ
936 2899 1198 2976 κοοτεκλοόοόησον
1221 2901 1286 2981 μέ-

117 3027 179 3078 γσν
207 3009 361 3081 θδοντες
389 3006 625 3088 όφθοολμόν,
650 3009 705 3073 οὖν
728 3009 1001 3087 ἕνεκρώόησοιν
1026 3007 1076 3072 ἐπὶ
1100 3017 1139 3089 τῇ
1163 3017 1285 3091 μορφῇ·

117 3109 163 3175 ἔδει
185 3116 243 3194 γὰρ
264 3117 441 3194 Ὅμηρος
466 3113 655 3185 εἴποντος
683 3117 776 3197 ,ημῖν
796 3115 826 3178 δὲ
849 3114 1047 3187 κοιτεκλοόσθη
1069 3115 1161 3195 φόλον
1175 3110 1275 3204 ἦτορΙΙ

118 3215 260 3286 δεισάντων
294 3221 437 3300 φθόγγον
470 3245 505 3284 τε
537 3220 637 3300 βορὺν
669 3221 761 3286 οιότόν
789 3245 825 3284 τε
857 3221 1019 3302 πόλωρον,”
1051 3220 1288 3302 προσεπιζεῦξοιι

116 3329 277 3394 τοιοῦτόν
307 3351 384 3392 τοι·
424 3327 553 3410 ,μοῦνόν
582 3332 612 3390 τ’
645 3328 869 3408 όφόοολμῶν
903 3320 937 3392 ἓν
968 3325 1088 3392 ἔοντον
1119 3327 1287 3408 μετώπῳ.”

117 3427 228 3498 hishis
258 3455 359 3520 pauca
389 3434 545 3519 quaedam
578 3433 749 3500 divinando
780 3435 907 3499 restitui
940 3441 1087 3520 possunt,
1115 3456 1146 3500 v.
1160 3455 1188 3500 c.
1212 3435 1287 3499 ἀλλ’

117 3535 167 3598 οὐδ’
187 3531 258 3612 ἦσαν
276 3541 393 3611 πάντες
413 3539 647 3620 μονόφόκλμοι·
669 3541 701 3604 οὐ
721 3541 785 3618 γὰρ
808 3540 851 3604 ἂν
876 3540 1071 3618 ἐσίγησεν
1090 3539 1227 3618 Ὅμηρος
1253 3541 1286 3605 τό

117 3642 294 3725 τερότευμοι,
319 3643 589 3730 quemadmodum
613 3667 642 3710 v.
659 3667 684 3710 c.
710 3646 749 3711 ad
773 3644 937 3731 Euripidis
954 3645 1135 3712 Hecubam:
1159 3643 1236 3724 ἔγνω
1256 3644 1288 3710 δέ

115 3749 137 3806 ν’
158 3751 258 3827 Ἑλένη
279 3753 330 3818 καὶ
356 3752 433 3833 μόνη
456 3751 585 3816 κατεῖπ’
610 3753 678 3829 ἐμοί
686 3773 694 3830 ;
719 3753 811 3840 (243)
832 3760 864 3818 et
884 3752 1288 3838 quaedeindesequuntur,

117 3851 141 3917 in
164 3853 280 3925 Scholic
304 3857 430 3926 Codicis
454 3857 565 3924 Veneti
585 3857 647 3924 471
669 3858 723 3943 (V)
744 3855 920 3946 dicitur¹):
942 3857 1134 3922 οὶπόθοονοντὸ
1147 3857 1285 3936 πλοόσμοο

117 3963 160 4024 νεὶ
192 3966 245 4044 cdx
279 3964 457 4045 Ὁμηρικόν.
495 3967 535 4030 οὐ
571 3967 650 4045 γόορ
684 3965 729 4030 θον
762 3967 957 4043 ε’σόγησεν
986 3962 1109 4042 Ἐκοόβη
1142 3961 1287 4039 πολέμιον

117 4067 271 4146 θεοσομένη
302 4070 535 4137 κοστοπτεόοντοο
568 4073 611 4136 τόν
643 4073 726 4136 κοντοὶ
761 4073 831 4145 τοὺς
862 4077 971 4152 Τρῶοος
997 4069 1189 4151 πρθγμοοτοι.
1213 4072 1230 4146 ἡ
1255 4069 1286 4134 δὲ

120 4223 261 4262 κ’

147 4339 170 4409 Ι)
186 4345 272 4396 scholis
288 4347 389 4412 sntiqns
405 4346 431 4396 in
448 4345 570 4411 Euripidis
587 4345 730 4410 Tragoedias
747 4345 837 4411 psrtim
854 4346 956 4406 inedito,
972 4346 1061 4411 partim
1075 4346 1145 4396 editis
1159 4346 1292 4412 integriore

119 4422 147 4552 id
157 4425 425 4578 Btilgifflcp'begkspost
448 4427 569 4492 Euripidis
585 4427 733 4478 Phoenissae
749 4441 803 4478 cunr
820 4427 990 4478 commentario
1008 4427 1083 4477 editss
1100 4445 1113 4478 s
1131 4429 1183 4478 Jsc.
1201 4429 1293 4484 Goelin.

1129 4612 1144 4660 3
