3242 5140
852 323 918 392 444

289 513 328 587 de
359 515 503 585 eedienm
531 513 667 584 lectione
696 520 870 584 monuisset
901 517 983 584 infre
1012 519 1148 582 textum.
1194 513 1299 580 Verba
1321 511 1477 582 Heracliti

290 628 374 690 enim
399 626 516 710 absque
539 625 635 692 dubio
654 624 701 689 ite
719 630 794 690 eunt
812 623 1001 712 digerenda:
1022 627 1114 690 Ἀλλ’
1134 623 1189 688 οῦκ
1209 621 1303 695 αὐτὸς
1323 625 1476 706 Ὄμηρος,

290 723 356 816 (ὃς)
387 730 579 814 ἀμφιβόλοις
612 729 673 794 ἔσθ’
701 725 753 795 ὅτε
785 765 805 782 ·
826 765 845 780 -
876 739 946 803 ταῖς
973 728 1178 809 ἀλληγορίαις
1202 729 1378 808 εὑρίσκεται
1401 733 1478 811 χρώ-

290 863 397 917 μενος,
422 840 533 919 ἐναργῆ
558 836 609 902 τὸν
634 837 743 918 τρίπον
769 839 843 916 ἡμῖν
866 841 922 913 τῆς
947 836 1106 915 ἑρμηνείας
1128 835 1394 916 παραδέδωκε
1413 841 1478 902 τοῦ·

289 971 358 1022 τον,
391 945 421 1009 ἕν
452 941 494 1016 οίς
526 943 693 1013 Ὀδυσσεὺς
718 979 738 994 -
753 979 771 993 -
796 944 891 1024 φησίν
917 941 970 1024 »ἧς
995 969 1030 1010 τε
1054 943 1222 1019 πλείστην”
1246 959 1330 1020 κτλς
1356 944 1396 1008 In
1418 963 1478 1029 que

288 1056 490 1120 restitutione
513 1048 563 1137 ὃς,
587 1058 624 1118 ut
647 1051 730 1130 dixi,
753 1050 882 1138 Heynio
906 1051 1057 1134 debetur,
1081 1049 1278 1130 repetitione
1304 1049 1476 1116 eodicibne.

335 1266 372 1335 G.
397 1267 444 1333 Vl
467 1271 512 1353 (p.
534 1263 608 1354 10):
629 1267 729 1340 Πολὺς
754 1267 818 1348 γὰρ
838 1269 992 1347 θρυλεῖται
1013 1265 1080 1346 περί
1100 1275 1156 1341 τῆς
1178 1265 1374 1338 ’Λπόλλωνος
1387 1269 1478 1347 θργιῑς

289 1377 400 1454 λόγος,
433 1371 479 1440 ὅτι
512 1409 531 1422 -
553 1407 573 1422 -
604 1371 696 1445 οὕτως
729 1372 830 1444 ἄδικός
863 1373 945 1438 έστιν
977 1375 995 1448 η
1027 1371 1135 1438 τούτου
1160 1380 1265 1456 ρωῑνις,
1291 1370 1360 1438 ὥσθ’
1385 1374 1399 1439 ὃ
1423 1375 1478 1451 μέν

292 1481 421 1561 ὑβρίσας
446 1480 565 1560 Χρύσην
588 1479 799 1558 ’Λγαμέμνων
821 1479 902 1545 οὐδὲν
924 1478 1077 1560 ἐξαίρετον
1097 1479 1226 1556 ἔπαθεν,
1247 1480 1379 1560 θφείλων
1395 1481 1478 1560 είπερ

290 1587 384 1663 ἠδίκει
418 1587 615 1658 κολασθῆναι.
662 1583 746 1652 Ueue
778 1587 903 1653 dicendi
936 1589 1084 1671 requirit:
1116 1585 1249 1666 θφείλων
1279 1585 1362 1666 είπερ
1385 1587 1478 1661 ἠδίκει

290 1693 386 1782 (καί)
409 1695 607 1767 κολασθῆναι.
652 1692 809 1779 Exempla
831 1694 949 1779 ubique
973 1695 1084 1771 obvie;
1110 1713 1212 1758 nnnrn
1235 1692 1377 1760 edietum
1397 1695 1480 1778 qnod
1587 1695 1588 1742 ί

289 1802 371 1868 forte
393 1801 567 1866 memoriae
589 1799 748 1877 inhaeret,
774 1800 969 1866 Artemidori
991 1803 1025 1868 in
1049 1805 1240 1888 argumente
1262 1800 1412 1885 subturpi
1429 1802 1481 1900 ‚ite

290 1909 474 1974 eeribentie:
496 1906 548 1972 καί
569 1905 633 1985 γὰρ
653 1905 730 1978 εἰκὸς
753 1901 804 1984 ἦν,
825 1901 846 1988 ᾧ
868 1906 1026 1986 ἦμοίρτανε
1046 1905 1129 1987 μέρει
1150 1909 1203 1972 τοῦ
1224 1908 1368 1982 σώματος
1381 1908 1479 1986 τούτῳ

292 2014 343 2080 καὶ
368 2015 565 2090 κολασθῆναι.
589 2011 762 2098 (Oneireer.
787 2013 819 2090 1,
843 2034 870 2079 c.
894 2012 1060 2098 Lxxix).

335 2224 371 2294 O.
396 2225 462 2292 VII
485 2227 531 2312 (p.
554 2224 629 2300 1212
661 2225 849 2305 Ἠκρίβωται
882 2223 907 2288 δ’
941 2227 958 2300 ἡ
991 2223 1057 2301 περί
1090 2224 1204 2290 τούτων
1234 2222 1391 2299 οὶποδειξις
1424 2223 1479 2290 καὶ

290 2332 508 2414 Ἀπολλοδώρῳ
641 2335 725 2396 τοῦτ’
765 2329 868 2410 έγωγε
899 2332 955 2408 την
985 2330 1035 2396 ἐπὶ
1068 2330 1160 2396 πλέον
1192 2330 1378 2412 ἐξεργασίαν
1409 2331 1479 2396 καί

288 2441 415 2520 ἀκαίρου
446 2437 542 2517 λθγου
574 2441 713 2518 περιττὸν
745 2437 951 2518 ὑπερθήσομαι
981 2447 1089 2516 μῆκος.
1136 2437 1257 2504 Immo:
1282 2441 1328 2512 ὥς
1351 2439 1480 2519 ἀκαίρου

288 2551 384 2628 λθγοω
409 2546 549 2627 περιττὸν
574 2546 779 2625 ὑπερθήσομαι
803 2549 913 2623 μῆκος.

335 2757 368 2828 Ο.
395 2757 456 2826 VH
480 2759 524 2846 (p.
550 2760 621 2846 14):
654 2767 821 2838 Λυκηγενῆ
851 2759 1074 2838 προτθγορευτε
1093 2760 1147 2824 τὸν
1171 2759 1272 2837 ἥλιον,
1296 2759 1401 2834 ἐπειδὴ
1424 2764 1480 2826 τοῦ
1589 2735 1590 2754 ³

288 2866 374 2932 κατὰ
403 2867 459 2942 την
482 2864 588 2948 θρθριον
610 2863 687 2948 ripae
711 2869 889 2944 λυκαυγοῦς
914 2864 1009 2937 αὖτίς
1033 2866 1115 2930 ἔστιν
1139 2864 1248 2939 αίτιος.
1293 2865 1474 2934 Mehlerue:

289 2973 380 3057 „sort
415 2972 477 3038 del.
511 2970 623 3050 αῦτθς,
654 2979 691 3038 nt
714 2993 732 3037 e
756 2971 976 3059 dittogreplrie
998 2971 1141 3038 netum.''
1186 2972 1299 3038 Potine
1322 2975 1478 3040 suaserim

287 3087 324 3146 ut
347 3075 520 3152 ίιιοθτος
544 3085 651 3146 mutet
692 3125 700 3141 .

332 3290 369 3361 (ί.
394 3289 468 3358 vili
494 3292 537 3379 (p.
563 3291 637 3378 16):
663 3287 850 3373 Ἐπειδήπερ
873 3287 924 3370 οὖν,
947 3327 966 3342 -
987 3327 1007 3342 -
1031 3291 1065 3356 ἐκ
1089 3297 1143 3358 τοῦ
1166 3293 1251 3368 ἡλίου
1275 3294 1317 3357 τδ
1341 3297 1473 3360 τοιαῦτα

286 3404 345 3466 τιῦν
379 3398 573 3477 παθημοίτων
608 3398 813 3484 συνίσταται,
849 3399 985 3478 Φυσικῶς
1022 3397 1175 3474 ἐπέστησε
1210 3400 1252 3480 τῷ
1286 3402 1383 3480 λοιμῷ
1423 3402 1474 3466 τὸν

286 3505 471 3572 Ἀπόλλωνα
502 3505 555 3570 καί
586 3500 649 3590 ὅτι,
682 3507 749 3570 καθ’
781 3500 811 3570 ὃν
843 3503 943 3586 καιρθν
975 3504 1138 3584 συνέβαινε
1169 3506 1238 3577 τοὺς
1261 3505 1420 3580 Ἕλληνας
1445 3509 1475 3572 ἐν

286 3614 328 3693 τῷ
359 3614 455 3694 λοιμῷ
486 3620 598 3688 νοσεῖν,
632 3611 736 3692 θέρειος
771 3607 805 3686 ἦν
836 3608 850 3676 ὃ
875 3611 994 3691 καιρθς,
1020 3611 1073 3688 ἤδη
1099 3613 1285 3690 πειράσομαι
1310 3611 1474 3680 διδάσκειν.

285 3720 468 3787 Necessario
505 3719 797 3808 interpungendum
831 3717 1113 3803 seribendumque:
1150 3721 1286 3801 φυσικῶς
1322 3721 1474 3796 ἐπέστησε

287 3863 307 3878 -
330 3827 382 3893 τδν
413 3824 611 3893 Ἀπόλλωνα.
641 3825 749 3912 (Νῦν)
782 3824 834 3890 καί
866 3822 913 3890 ὅτι
946 3861 986 3874 ·-
1020 3825 1124 3907 θίρειος
1156 3820 1190 3898 ἦν
1221 3826 1236 3891 δ
1269 3828 1391 3912 καιρθς,
1419 3829 1472 3904 ἤδη

286 3933 471 4015 πειρθσιμαι
505 3931 669 3999 διδάσκειν.
715 3929 875 3998 Similiter
905 3953 932 3998 e.
965 3931 1026 3996 XII
1057 3935 1186 4019 incipit:
1211 3937 1277 3998 Νῦν
1300 3934 1398 4002 τοίνυν
1421 3937 1472 4000 καί

287 4041 329 4108 τοὶ
354 4042 437 4108 κατὰ
458 4039 547 4122 μέρος
569 4041 710 4122 εἰρημένα
732 4038 798 4120 περί
820 4047 875 4115 τῆς
895 4038 980 4106 νθσου
992 4038 1246 4126 διασκεψώμεθα,
1259 4046 1292 4106 et
1307 4061 1335 4108 e.
1348 4041 1472 4108 LXIX:

261 4219 263 4222 ,
287 4155 353 4216 Νῦν
376 4150 472 4216 τοίνυν
497 4146 627 4216 ἅπαντα
651 4142 761 4212 τᾶλλα
783 4145 919 4228 οὶφέντες
941 4147 990 4212 teri
1011 4149 1065 4222 τὴν
1085 4147 1203 4224 διηνεκῆ
1225 4185 1264 4199 --
1285 4149 1472 4232 κατηγορίαν

286 4256 487 4339 τραπώμεθα.

332 4468 369 4536 O.
393 4468 475 4536 vill
500 4469 543 4557 (p.
572 4468 643 4558 17):
664 4470 736 4540 Μία
756 4469 820 4553 γὰρ
839 4471 902 4544 ἐπὸ
922 4477 976 4547 τοῖς
997 4472 1231 4552 Ἀγαμέμνονος
1249 4471 1407 4554 ὶριοτείας
1421 4473 1469 4540 iri
