3318 5138
770 337 834 406 145

252 553 286 616 μ,
315 525 392 593 332.
423 524 560 614 Magnas
591 531 877 615 grammaticorum
910 535 942 596 et
965 535 1111 596 veterum
1135 535 1167 596 et
1189 536 1398 600 recentiorum

133 663 139 674 ·
204 637 421 704 contentiones
449 633 604 700 excitavit
632 634 715 718 quod
739 635 856 702 Nestor
878 637 971 702 dicit:
997 638 1073 702 ἀλλ’
1097 635 1159 718 ἱέμε
1183 637 1319 717 τθμνετε
1343 641 1401 717 μὲν

206 745 376 826 γλώσσας,
408 739 558 821 κεράασθε
582 740 613 804 δέ
638 736 721 806 οένον.
768 741 831 822 Qui
855 765 925 811 moe
948 746 995 808 ita
1018 743 1185 829 exponitur
1208 747 1242 810 in
1266 743 1313 810 V:
1338 745 1400 816 ἔθος

204 847 240 926 ι’ςν
274 849 467 930 τρεπομένοις
499 847 571 924 πρὸς
604 845 639 910 πθ
670 848 824 914 καθεύδειν
847 856 905 916 τῶν
929 852 1039 930 ιἐρεένιν
1062 849 1123 922 ,τὰς
1146 851 1293 930 γλώσσας
1318 854 1399 918 νέπο-

205 957 328 1033 τέμνειν
364 955 417 1020 ιιαέ
454 955 550 1019 καθειν
582 961 644 1025 τοῖς
675 954 749 1026 θεοῖς
779 965 864 1029 τοῖς
894 956 1018 1034 λέγον
1050 957 1110 1042 (ita
1139 977 1178 1023 ex
1207 957 1398 1025 Buttmanni

205 1063 408 1147 correctione)
442 1061 770 1139 ἐπιμελομένοις.
804 1062 848 1128 nl
880 1063 932 1129 καὶ
964 1065 1014 1130 ἐπὶ
1035 1068 1135 1156 ιμθνιςς
1167 1073 1222 1140 τοῖς
1246 1066 1396 1146 Νέστορος

206 1171 313 1240 θυσίας
338 1169 454 1249 εἴρηται
475 1167 510 1232 τὸ
532 1169 604 1239 ἔθος.
627 1170 728 1244 εὔηθες
749 1169 813 1252 γὰρ
832 1171 867 1235 τὸ
888 1171 1008 1250 λέγειν,
1030 1171 1164 1247 σθντεμε
1183 1173 1253 1244 τοὺς
1275 1170 1397 1250 λθγονς.

206 1279 258 1344 Ad
290 1281 366 1342 haec
396 1275 493 1341 rerba
524 1275 741 1341 Buttmannus
764 1281 796 1344 et
819 1276 1002 1345 Diudordus
1027 1277 1208 1346 Heinrichii
1231 1278 1399 1345 cuiusdam

207 1384 356 1452 adierunt
375 1389 482 1448 notam
496 1381 628 1448 hancce:
644 1383 762 1462 „verba
773 1393 835 1456 τοῖς
850 1385 944 1462 λθμον
957 1385 1186 1463 ἐπιμελομένοις
1198 1406 1261 1451 non
1274 1387 1312 1452 ad
1325 1385 1399 1452 deos

206 1493 383 1580 pertinere,
415 1490 469 1556 sed
500 1489 664 1557 cohaerere
691 1492 782 1564 Ἔθος
810 1487 843 1566 ἦν
867 1500 929 1563 τοῖς
954 1492 1050 1568 λόγον
1073 1490 1307 1570 ἐπιμελομένοις
1331 1513 1399 1558 oer-

205 1598 370 1664 tissimum
403 1601 452 1662 est
482 1603 552 1663 tum
586 1601 819 1676 exsertantia,
844 1605 915 1664 tum
940 1621 978 1665 ex
1002 1619 1038 1666 ao
1063 1599 1145 1684 quod
1169 1601 1332 1684 sequitur,
1356 1599 1398 1667 nr

206 1705 259 1770 καὶ
289 1711 365 1771 etc:
397 1709 434 1769 ut
466 1724 540 1770 sane
570 1702 704 1782 melius,
735 1708 883 1790 quamvis
907 1705 959 1772 rel
982 1709 1027 1772 sic
1049 1725 1112 1772 non
1136 1709 1274 1792 optime,
1299 1713 1400 1774 strue-

204 1817 317 1878 rentur
338 1811 383 1877 sic
406 1811 520 1877 rerba:
542 1812 633 1882 Ἔθις
657 1807 690 1885 ἦν
712 1818 773 1884 τοῖς
795 1827 826 1876 λ.
850 1812 1101 1890 ἐπιμελομένοις,
1122 1812 1316 1893 τρεπομένοις
1327 1813 1398 1878 -”.

204 1917 311 1984 Verba
333 1926 397 1989 τοῖς
420 1916 515 1995 λόγον
539 1916 768 1994 ἐπιμελομένοις
791 1939 854 1984 uon
878 1920 917 1984 ad
942 1919 1016 1985 deos
1033 1921 1189 2006 pertinere
1206 1923 1233 1985 si
1253 1939 1310 2005 pro
1329 1923 1399 1986 uni-

206 2045 298 2090 versa
328 2027 538 2110 interpretum
566 2025 722 2090 sententia
745 2024 859 2090 habuit
880 2025 1105 2102 Heinrichius‚
1130 2026 1262 2092 fallitur.
1288 2026 1400 2092 Fuisse

206 2133 313 2214 enim,
349 2133 405 2216 qui
438 2130 581 2196 Nestoris
614 2133 713 2195 ritum
744 2131 803 2196 hoc
825 2134 895 2218 ipso
918 2132 1013 2198 modo
1037 2139 1244 2218 exponerent,
1269 2138 1400 2219 apparet

207 2243 240 2303 et
271 2259 308 2302 ex
332 2235 458 2303 Scholio
481 2238 515 2302 in
538 2235 583 2310 Ε,
609 2257 626 2302 e
645 2235 817 2323 Porphyrii
841 2238 1056 2324 disputatione
1079 2239 1270 2324 quibusdam
1295 2244 1400 2304 tamen

206 2347 403 2410 extrinsecus
426 2342 554 2407 adscitis
572 2351 736 2428 excerpto,
757 2344 841 2429 quod
860 2345 884 2409 i.
901 2365 929 2410 a.
950 2349 982 2409 et
1001 2345 1061 2410 hoc
1078 2344 1190 2411 hahet:
1215 2347 1273 2415 τοὶς
1297 2344 1399 2422 yade-
1493 2409 1498 2422 ,

206 2475 266 2522 σας
290 2452 352 2528 yria
375 2449 417 2532 τῷ
438 2451 535 2528 Ἐρμῇ
557 2450 707 2515 ὶνετέθονν
731 2453 769 2522 ὥς
795 2452 892 2533 έΦθριρ
916 2455 969 2516 τοῦ
991 2449 1106 2536 atyn,
1130 2457 1163 2517 et
1187 2471 1225 2517 ex
1249 2453 1401 2536 interpre-

207 2560 295 2624 tibus
329 2558 369 2624 ad
400 2557 621 2642 Aristophanis
651 2555 785 2623 Plutum
818 2580 865 2624 vs.
899 2557 1001 2626 1110:
1027 2559 1045 2634 ἡ
1068 2560 1202 2637 γλῶττα
1226 2558 1268 2638 τῷ
1292 2557 1396 2637 αθρνιιι

206 2664 320 2729 τούτων
350 2663 515 2741 τέμνεται,
547 2663 601 2728 ubi
623 2661 646 2729 i.
670 2683 698 2728 a.
724 2663 881 2752 legimus:
907 2665 1143 2745 Καλλίστρατος
1168 2670 1226 2730 τῶν
1250 2662 1398 2742 θυομένων

206 2771 286 2854 Φησὶ
321 2771 379 2844 τοὶς
416 2769 564 2848 γλώσσας
599 2778 661 2843 σοῖς
697 2769 817 2851 κήρυξιν
856 2772 1081 2850 οέπονέμεσθαι·
1118 2769 1177 2836 lid
1220 2771 1290 2837 xci
1332 2771 1397 2835 τὸν

206 2879 378 2952 ποινπέςν
422 2877 470 2958 τῷ
514 2879 633 2957 Ἐρμῇ
670 2887 802 2944 ποιεῖν
837 2879 1096 2958 τεμνομένας
1132 2878 1282 2962 αθποές,
1317 2898 1398 2964 quae

206 2990 351 3051 nostrum
376 2982 536 3070 Odysseae
559 2983 665 3048 locum
690 2987 844 3070 respicere
867 2988 933 3051 iam
957 2985 1123 3052 adnotavit
1145 2985 1321 3060 Kertonos,
1346 2990 1396 3064 et,

207 3089 293 3178 quod
328 3111 396 3155 rem
428 3087 566 3163 conticit,
598 3111 637 3156 ex
663 3091 764 3177 ipsius
787 3091 907 3158 Scholii
929 3091 1062 3180 Vulgati
1086 3091 1139 3174 (V)
1165 3091 1241 3168 tine,
1266 3091 1396 3169 λέγεται

207 3199 239 3264 δέ
266 3195 409 3262 Ἀττικὸν
434 3190 564 3262 εἶναιτὸ
587 3196 648 3266 έθος
668 3197 770 3273 λαβὸν
790 3200 845 3272 τὴν
868 3199 969 3281 α’ρχέρν
991 3199 1137 3276 έντεῦθεν,
1156 3197 1240 3284 quod
1261 3198 1312 3263 vel
1332 3200 1399 3264 sine

207 3303 389 3370 Heinrichii
420 3302 629 3388 explicatione
660 3303 838 3392 significare
870 3312 1018 3392 apparet:
1054 3306 1164 3389 „hinc‚
1189 3325 1228 3370 ex
1252 3304 1310 3369 hoc
1334 3307 1400 3370 ritu

207 3410 381 3488 Nestoris”‚
406 3431 442 3475 ac
464 3409 581 3475 melius
600 3410 725 3476 fecisset
743 3410 950 3478 Heinrichius
969 3415 996 3478 si
1008 3413 1060 3476 hia
1073 3413 1177 3478 verbis
1190 3431 1208 3474 a
1221 3407 1399 3476 Scholiasta

208 3525 316 3586 nostro
337 3538 458 3583 morem
474 3519 507 3581 in
528 3515 625 3583 Pluto
644 3518 821 3584 indicatum
841 3521 956 3605 respici
976 3515 1194 3606 significasset.
1218 3515 1279 3582 Sed
1292 3520 1399 3584 missis

208 3625 278 3710 his,
310 3623 369 3690 hoc
400 3645 512 3688 verum
544 3629 607 3700 est,
642 3626 674 3688 in
705 3625 809 3710 priore
840 3647 875 3691 ac
904 3628 1028 3712 potiore
1051 3621 1172 3690 Scholii
1196 3644 1234 3690 ex
1257 3622 1289 3687 V
1311 3629 1400 3709 parte

208 3755 273 3798 non
297 3731 335 3797 de
359 3731 418 3796 diis
441 3751 618 3796 sermonem
642 3752 709 3797 esse
732 3732 786 3796 sed
809 3732 847 3797 de
870 3732 1054 3797 hominihus
1074 3730 1234 3808 facundis,
1254 3735 1400 3814 recteque

208 3841 369 3905 monuisse
392 3837 634 3914 Heinrichium,
660 3837 693 3902 id
716 3838 770 3904 rel
790 3839 894 3904 verbis
914 3838 957 3904 nt
977 3863 1005 3903 κ.
1028 3837 1078 3902 eo
1092 3836 1228 3912 μθννςτ.
1249 3834 1400 3916 Νέστορος

209 3947 317 4018 θυσίας
348 3945 464 4024 εέρνρσαι
495 3947 529 4009 πθ
560 3943 622 4015 ἔθος
654 3947 731 4011 satie
763 3945 924 4011 declarari.
972 3943 1063 4025 Quod
1094 3944 1123 4009 ei
1153 3945 1201 4008 ita
1234 3950 1299 4021 est,
1335 3948 1399 4015 τοῖς

210 4055 286 4126 θεοῖς
310 4062 371 4126 τοῖς
397 4050 491 4131 λόγον
514 4052 759 4130 ἐπιμελομένοις,
786 4072 866 4137 quae
889 4053 986 4120 verba
1006 4051 1111 4136 quivis
1127 4050 1211 4115 inter
1227 4048 1400 4138 legendum

209 4164 383 4249 coniungat
414 4181 488 4226 cum
520 4159 740 4247 coniungenda
772 4179 834 4224 non
866 4161 949 4242 sint,
979 4161 1025 4223 sic
1056 4177 1095 4223 ne
1127 4157 1166 4222 ab
1188 4157 1400 4224 infantissimo

211 4267 343 4355 quidem
373 4267 523 4351 scriptore
554 4287 590 4332 ac
620 4267 712 4352 plane
745 4265 863 4334 Graece
891 4265 1089 4332 balbutiente
1119 4263 1194 4348 poni
1217 4268 1400 4348 potnerunt.

211 4375 385 4442 Videamus
408 4394 493 4438 nunc
516 4373 593 4458 quid
614 4372 736 4438 codices
761 4373 941 4458 praebeant:
972 4369 1164 4436 Bodleianus
1188 4367 1401 4458 Vulgatorum

214 4483 323 4554 Codex
353 4480 406 4568 (0)
438 4481 492 4546 dat
526 4479 595 4552 τοὺς
625 4479 736 4558 λόγον,
762 4479 879 4546 Aldina
901 4477 998 4544 aditio
1028 4475 1098 4551 τοὺς
1119 4475 1249 4564 λθρινς,
1270 4483 1403 4564 uterque

514 4603 517 4612 ’
1228 4598 1259 4650 10
