3242 5140
865 326 931 394 446

301 521 369 585 inm
403 519 685 584 demonstraverat.
733 516 895 584 Mehlerus
923 518 1077 584 mendum
1100 537 1163 582 non
1188 515 1324 582 dubium
1349 515 1491 582 emcnda-

303 629 388 692 tione
420 623 597 690 tollendum
629 627 697 690 iure
729 631 836 706 ratus,
870 626 1030 711 disputat:
1059 628 1126 702 „ita
1150 624 1272 690 codices
1296 629 1420 708 praeter
1443 621 1491 698 A,
1586 612 1587 630 ³

303 735 359 818 qni
394 729 635 808 ένατεδείξαμεν
672 753 735 796 nno
768 739 874 797 tenore
906 735 1060 816 scriptum
1094 731 1234 796 exhibet.
1282 730 1334 796 Its
1367 729 1493 795 fortasse

303 843 458 906 sententio
482 847 529 905 cst
553 837 790 906 constituenda:
816 839 872 902 κάν
896 841 922 904 εί
947 845 1004 903 τῶν
1029 839 1189 917 εἰρημένων
1213 837 1258 901 έτι
1279 829 1309 900 ἓν
1329 835 1494 914 ἀτεδείξα·

303 971 380 1025 μεν,
414 947 545 1026 tapsum
578 950 630 1008 τοῦ
661 943 746 1016 έτους
771 946 821 1008 τὸν
847 946 966 1028 καιρὸν,
991 945 1054 1010 τί.”
1101 943 1294 1030 discripsit
1317 943 1440 1028 aliquid
1463 947 1493 1008 in

301 1052 382 1118 hanc
413 1055 604 1118 sententiam
636 1049 841 1134 Heraclitus,
874 1051 945 1126 sed,
978 1054 1013 1115 ni
1043 1050 1152 1127 fallor,
1185 1071 1248 1114 non
1280 1053 1326 1115 ita
1358 1051 1493 1134 scripsit.

301 1159 384 1226 Nam
419 1164 451 1224 et
474 1158 509 1221 τί
532 1160 567 1222 in
590 1155 651 1222 fine
675 1157 769 1242 plane
794 1176 1026 1242 supervacuum
1052 1157 1199 1234 ridetur,
1225 1165 1257 1222 et
1278 1177 1319 1220 ne
1342 1159 1376 1222 in
1401 1155 1494 1222 Meh-

301 1265 360 1331 leri
384 1264 514 1349 quidem
540 1263 742 1330 restitutione
764 1263 898 1348 expedio
922 1263 1003 1328 illud
1022 1269 1081 1326 τῶν
1102 1263 1268 1342 εἰρημένων.
1317 1263 1402 1328 Nam
1419 1264 1496 1348 quid

302 1377 350 1436 cst
374 1367 404 1434 ἓν
428 1368 472 1433 ἔτι
498 1369 710 1434 ἀποδεικνύναι
736 1376 792 1432 τῶν
818 1370 1004 1448 είρὴμένοονέ
1026 1369 1115 1434 Num
1141 1369 1203 1434 sibi
1223 1367 1386 1447 είρὴμέναί
1407 1369 1494 1434 Num

302 1474 464 1543 Homeroi
497 1474 654 1560 Equidem
679 1478 786 1560 potius
809 1476 1016 1541 correxerim:
1042 1474 1154 1556 σχεδὸν
1179 1475 1242 1556 γάρ
1266 1473 1414 1557 ἀτίχρν,
1437 1476 1496 1540 κᾶν

303 1583 368 1647 ε’τιί
405 1590 488 1655 τοῖς
526 1580 755 1660 εἰρημένοις
780 1573 817 1644 ἓν
846 1581 932 1667 (ἔτι)
957 1579 1259 1658 ἀποδείξωμεν,
1285 1581 1416 1662 ἐκφῆναι
1441 1587 1495 1646 τοῦ
1588 1593 1589 1620 ἒ

302 1688 385 1758 ἔτους
416 1687 467 1753 rio
501 1685 612 1766 καιρόν.
658 1687 709 1770 Si,
740 1689 863 1772 inquit,
894 1693 1018 1773 praeter
1047 1709 1084 1754 ea
1108 1689 1197 1774 [qnae
1220 1691 1285 1752 iam
1312 1689 1397 1754 dicte
1422 1695 1496 1754 sunt

302 1816 405 1860 nuum
437 1796 662 1877 observavere,
687 1795 764 1858 satis
788 1793 1042 1860 demonstratum
1067 1795 1145 1870 erit,
1169 1815 1231 1878 quo
1254 1797 1329 1860 anni
1353 1803 1496 1880 tempore

304 1901 461 1966 bellatum
484 1903 537 1964 sit.

348 2110 383 2177 G.
408 2109 489 2176 xlii
512 2109 557 2196 (p.
582 2107 661 2190 28lz
695 2111 796 2190 ’λρχὴ
831 2109 862 2173 δὲ
892 2111 1009 2184 ταύτης
1043 2117 1098 2186 τῆς
1131 2109 1217 2192 δόξης
1250 2115 1378 2196 (nempe
1400 2113 1438 2184 ἀς
1466 2113 1497 2176 οὐ

302 2218 405 2298 κωφὸς
433 2217 492 2282 οὐδ’
517 2215 681 2294 ἄφθογγός
707 2216 790 2279 ἐστιν
813 2215 827 2278 d
849 2213 975 2302 κίτμος)
995 2217 1151 2302 Ὅμηρος,
1172 2219 1262 2282 ciebo
1282 2218 1341 2288 τὰς
1363 2219 1497 2290 ἡλιακὰς

303 2329 434 2398 ἀκτῖνας
473 2325 687 2398 ἀλληγορικάι
724 2322 822 2400 βέλη,
854 2323 992 2402 προσθείς
1023 2323 1051 2388 δ’
1084 2320 1129 2388 ὅτι
1162 2323 1329 2404 Φερίμεναι
1362 2323 1412 2389 ors
1441 2329 1497 2388 τοῦ

302 2432 386 2512 ἀέρος
420 2427 582 2505 ἔκλαγξαν
608 2427 711 2498 tortor
734 2453 803 2494 τινα
829 2428 881 2493 καί
906 2428 1001 2493 ένίεον
1024 2435 1139 2506 Φωνὴν.
1186 2430 1312 2498 Nullibi
1335 2429 1498 2496 Homerus

302 2539 460 2626 Apollinis
491 2538 625 2624 sagittas
656 2537 769 2600 dulcem
799 2539 942 2602 sonitum
974 2537 1117 2602 emisisse
1148 2537 1248 2621 dixit,
1274 2544 1384 2622 estque
1407 2537 1441 2602 id
1465 2543 1498 2602 et

301 2648 418 2712 rationi
442 2645 634 2708 contrarium
659 2649 691 2707 et
714 2646 904 2708 narrationis
928 2646 1040 2710 tenori.
1088 2645 1287 2729 Quapropter
1310 2643 1495 2710 Schowins:

302 2754 380 2816 ίδίαν
412 2749 505 2815 ένίείν
538 2771 607 2811 τινα
639 2748 762 2827 Φιονὴν,
789 2749 978 2832 videturque
1002 2770 1064 2816 vox
1088 2751 1166 2815 ίδίαν
1191 2771 1257 2816 csso
1281 2751 1313 2815 in
1338 2749 1496 2816 Heracliti

301 2859 472 2925 codicibus.
521 2854 557 2920 In
589 2855 718 2920 scholiis
750 2855 858 2920 Iliacis
889 2866 955 2922 cst:
989 2856 1052 2931 ἡτοι
1088 2857 1189 2926 ἡδεῖάν
1222 2881 1292 2922 τινα
1322 2858 1374 2921 καί
1401 2855 1495 2920 ἔνίεον

301 2965 404 3046 Φιονὴν
435 2961 640 3026 ἀπετέλεσαν.
688 2962 797 3046 Nuper
830 2961 964 3046 (Mncm.
990 2961 1076 3028 N.S.
1101 2961 1144 3026 VI
1168 2985 1197 3048 p.
1225 2964 1304 3048 404)
1329 2963 1495 3032 Mshlcrus

303 3071 342 3136 de
364 3071 424 3135 h'ac
448 3067 558 3134 eadem
584 3089 617 3132 re
643 3071 689 3134 ite
714 3068 907 3154 disputavit:
937 3089 1031 3145 „cum
1057 3072 1112 3134 vix
1137 3070 1271 3136 dubium
1292 3091 1360 3136 esse
1379 3070 1495 3154 possit,

299 3180 376 3264 quin
400 3195 456 3262 pro
482 3174 584 3245 ἡδεῑάν
609 3197 676 3236 τινα
702 3174 754 3238 καί
780 3175 874 3238 ἔνθεον
899 3175 1025 3268 pavie..
1043 3176 1154 3240 habita
1177 3176 1296 3242 ratione
1319 3176 1356 3240 Il.
1383 3188 1409 3240 A
1431 3174 1492 3250 49,

302 3285 399 3362 ,,δεινὴ
423 3284 454 3347 δέ
480 3282 610 3358 κλαγγὴ
635 3279 736 3357 γένετ’
761 3281 915 3358 ἀργυρέοιο
940 3282 1019 3359 βιοῖο
1030 3282 1054 3356 ,”
1075 3282 1248 3369 legendum
1266 3286 1310 3347 sit
1329 3283 1491 3360 ἔκλαγξαν

298 3391 432 3463 δεινήν
463 3412 531 3451 τινα
564 3389 641 3458 ari..
676 3391 747 3450 tum
782 3407 845 3452 non
869 3391 976 3452 minus
1002 3389 1208 3454 menifestum
1233 3397 1281 3454 est
1303 3389 1399 3468 λίγον
1423 3411 1493 3456 mu·

251 3519 255 3527 ·
299 3497 432 3562 tandum
457 3515 523 3560 esse
547 3497 580 3557 in
600 3493 742 3567 λοιμοῠ.”
778 3493 826 3558 De
848 3492 972 3560 ultimis
993 3497 1104 3558 statim
1128 3495 1318 3562 videbimus.
1354 3496 1416 3562 Sed
1434 3498 1491 3562 hoo

301 3612 422 3670 certum
457 3610 523 3682 est,
556 3598 640 3664 mele
674 3599 736 3663 buo
761 3603 896 3664 traxisse
921 3600 1105 3666 Mehlerum
1131 3622 1259 3668 versum
1282 3602 1491 3670 Homericum

299 3730 395 3795 quem
418 3707 549 3773 citavit.
576 3711 613 3768 ut
637 3703 709 3770 inde
734 3725 830 3770 sunm
856 3705 951 3780 δεινὴν
975 3731 1046 3770 τινα
1071 3709 1173 3786 φωνήν
1199 3707 1411 3775 confirmaret
1459 3709 1492 3774 ln

298 3818 361 3880 isto
385 3817 470 3880 enim
496 3833 590 3878 versu
615 3811 652 3875 de
677 3830 768 3874 arcus
796 3831 873 3877 sono
898 3816 1025 3899 agitur.
1051 3813 1134 3897 spnd
1159 3813 1364 3880 Heraclitum
1388 3815 1427 3880 dc
1447 3837 1493 3880 sa·

297 3926 464 4009 gitternm.
514 3916 794 3984 considerantibus
818 3917 991 3984 Homerica
1016 3921 1057 4006 (Α
1082 3918 1142 4002 46,
1167 3919 1241 4006 47):
1304 3899 1308 3908 ⁸

505 4021 667 4100 ἔκλαγξαν
692 4020 719 4084 δ’
746 4021 793 4100 ἀρ·
818 4025 912 4090 di‘oroi
939 4025 989 4088 ἐτ’
1013 4024 1099 4102 ὤμων
1127 4025 1290 4105 χωομένοιο

502 4133 598 4196 αὐτοῦ
625 4129 811 4202 κινὴίέντοι·
836 4132 850 4194 d
878 4132 904 4195 δ’
930 4132 974 4206 ἡιε
1001 4132 1084 4196 νυκτί
1110 4133 1221 4210 εὀικιίς,

299 4243 407 4308 verius
432 4238 607 4309 videbitur,
634 4231 679 4298 ὅτι
701 4234 870 4316 φερόμεναι
893 4239 943 4302 διά
963 4244 1016 4302 τοῦ
1037 4238 1121 4318 ἀέρος
1144 4238 1304 4314 ἔκλαγξαν
1325 4241 1491 4318 λίγειάν

301 4373 371 4412 τινα
401 4347 453 4411 καί
487 4343 580 4410 ἔνθεον
614 4343 738 4422 osvio,
773 4345 855 4426 quod
881 4349 1074 4432 sagittarum
1099 4349 1262 4431 proprium
1287 4367 1357 4412 esse
1381 4353 1489 4433 potest

303 4455 471 4524 Praetores
502 4452 536 4514 τὸ
562 4450 638 4516 ίδιον
664 4453 717 4512 τοῦ
743 4447 838 4526 λίγου
864 4452 1011 4536 equidem
1034 4472 1096 4517 non
1121 4455 1293 4544 tetigerim.
1342 4455 1493 4524 Absoluta)
