3278 5148
845 347 912 415 290

282 542 449 622 estoldo
482 561 537 625 pro
569 539 778 624 ἀπέφθιθεν,
807 540 889 626 quod
921 539 1099 626 complures
1131 541 1254 607 codices
1284 547 1317 606 et
1340 542 1477 607 editores

283 650 493 714 recentissimi
527 650 597 711 iure
625 649 718 711 unice
749 647 963 732 probaverunt
983 645 1030 733 ¹),
1062 669 1163 732 neque
1201 645 1252 712 δοοὶ
1283 651 1372 712 τοῦτο
1403 651 1477 713 reti-

281 756 420 820 nendum
457 775 512 839 pro
548 754 598 818 herl
634 754 793 818 τούτων.
842 752 903 820 Sed
925 754 1010 820 levia
1033 755 1110 819 hsec
1139 759 1224 819 sunt.
1270 751 1307 818 In
1330 756 1372 819 iis
1395 774 1477 838 quoe

281 865 390 927 stat-im
422 861 675 948 subiunguntur:
713 857 808 924 rotho
839 857 878 936 „el
903 861 937 926 ll
961 859 1102 940 οξ).οτροο”
1125 859 1198 924 ὄντος
1222 859 1315 945 plene
1337 881 1400 925 nou
1423 859 1477 926 sd·

281 988 393 1053 sequor
418 967 500 1032 unde
525 967 698 1033 accusativi
721 968 887 1052 pendeant.
935 967 1017 1032 Nem
1042 987 1094 1032 eos
1118 987 1218 1052 neque
1239 987 1257 1031 s
1278 965 1477 1052 praecedeuti

282 1075 388 1140 idciro
413 1077 483 1162 regi
506 1095 606 1158 neque
631 1075 670 1139 ab
695 1071 869 1150 ἐξηγήσατο
895 1075 1097 1158 perspicuum
1122 1081 1169 1138 est
1192 1079 1224 1139 et
1247 1072 1352 1140 multo
1377 1076 1476 1139 etium

281 1184 388 1246 minus
425 1202 443 1246 s
480 1183 574 1247 verbo
610 1181 697 1257 λέγει
731 1180 929 1264 pendebunt,
963 1182 1053 1245 cuius
1079 1180 1259 1245 subiectum
1281 1200 1343 1246 nou
1368 1180 1476 1253 ceseii

282 1287 421 1367 Καλυψὼ
458 1287 512 1352 sed
543 1289 556 1350 l
590 1289 715 1360 ποιητὴς
748 1288 803 1370 qui
836 1285 1051 1372 Porphyrium
1084 1287 1162 1350 bene
1185 1293 1342 1353 noverunt
1364 1288 1474 1352 stetim

282 1394 465 1459 concedunt.
515 1391 605 1457 Nihil
636 1394 744 1477 itaque
775 1390 984 1476 relinquitur,
1018 1394 1079 1456 nisi
1103 1397 1140 1457 ut
1164 1393 1298 1459 verbum
1323 1393 1477 1460 excidisse

282 1505 477 1564 statuemus:
502 1499 597 1562 πάλιν
623 1495 662 1575 „d
685 1498 719 1570 ll
745 1497 885 1575 entered
911 1497 984 1562 ὄντα
1009 1499 1240 1584 (προσεῖπε).
1278 1498 1340 1566 Vel
1360 1502 1476 1566 certius

282 1614 331 1672 est
362 1609 395 1670 in
427 1608 571 1689 proxime
596 1605 800 1705 sequentibus
824 1604 916 1688 pluro
939 1603 1104 1668 excidisse.
1151 1603 1242 1669 Nihil
1266 1607 1351 1670 enim
1376 1608 1476 1694 signi·

281 1711 373 1777 ficut:
396 1718 468 1782 Ιπῶς
502 1704 550 1774 οὖν
573 1713 696 1789 decepte
721 1734 756 1773 τε
781 1713 794 1773 ο”
819 1711 911 1781 αὐτὸς
937 1709 989 1773 καὶ
1014 1710 1184 1790 ἀποφώλια
1210 1709 1321 1782 εἰδότος
1345 1712 1397 1776 καὶ
1421 1715 1475 1776 τοῦ

281 1819 417 1900 οὶγχοοου
438 1818 490 1882 καὶ
513 1817 695 1901 ἐχέφοοοοςς
718 1818 834 1901 quibus
854 1819 886 1880 in
908 1817 1030 1892 verbis,
1051 1837 1090 1880 ne
1111 1822 1249 1894 caeteras
1269 1820 1476 1905 gravissimas

281 1915 444 1989 molestius
468 1944 664 1998 recenseam,
689 1926 831 2009 genetivi
855 1929 981 2006 repente
1001 1926 1062 1986 orti
1082 1921 1205 1988 nullum
1226 1923 1471 2009 explicationem

282 2031 466 2096 admittunt.
515 2029 586 2115 Ipsa
620 2029 716 2094 verbu
750 2034 908 2112 proestare
943 2027 1026 2093 velle
1063 2048 1142 2114 quae
1184 2031 1364 2114 perierunt,
1407 2033 1474 2097 sine

282 2123 428 2202 codicum
453 2157 511 2222 ope
534 2135 690 2200 insanium
715 2137 880 2208 existimo,
905 2137 1061 2200 sententie
1084 2133 1177 2200 focile
1200 2138 1326 2201 restitui
1338 2141 1473 2222 poterit,

282 2245 338 2308 uhi
370 2244 690 2327 animadverterimus
722 2241 875 2306 excidisse
904 2240 937 2304 id
968 2239 1051 2324 quod
1076 2243 1121 2306 rei
1146 2248 1240 2326 ceput
1264 2249 1329 2320 est,
1355 2242 1481 2330 signifi·'

281 2352 436 2416 ostionem
468 2349 552 2424 dico,
588 2369 683 2433 quem
716 2347 913 2433 Porphyrius
948 2347 1052 2412 verbis
1076 2348 1127 2412 οὐκ
1151 2345 1333 2429 ἀποφώλια,
1348 2350 1475 2416 subesse

212 2481 218 2490 ·
282 2456 412 2522 iudicet.
460 2455 583 2539 Nempe
616 2457 650 2518 in
685 2453 770 2518 huno
801 2453 931 2534 modum
960 2455 1115 2518 sententis
1146 2455 1361 2522 concinnenda
1391 2457 1475 2522 mihi

282 2565 424 2630 videtur:
450 2564 512 2634 πῶς
538 2557 586 2626 οὖν
610 2557 735 2638 οὶοοτοδς
755 2583 791 2622 τε
812 2557 825 2620 ὃ
847 2555 943 2629 αὐτὸς
960 2559 1013 2622 καὶ
1035 2559 1127 2646 (οὐκ)
1142 2560 1312 2642 ἀποφώλια
1324 2563 1370 2646 (ri
1383 2559 1474 2647 δῶςς

280 2675 321 2737 τὸ
355 2671 432 2748 γὰρ
468 2655 556 2746 „edu
586 2663 831 2747 ἀποφώλοα”
864 2670 1001 2742 σαφῶς
1033 2665 1199 2731 τίθεται
1225 2666 1293 2732 ἐπὶ
1317 2672 1382 2734 τοῦ
1405 2670 1475 2734 οὐκ

282 2777 529 2856 ἀπαίδευτα)
568 2773 678 2843 εἰδότος
716 2773 767 2836 καὶ
802 2777 856 2834 τοῦ
891 2773 1025 2851 α’γχίνου
1060 2773 1112 2836 καὶ
1149 2773 1328 2854 ἐχέφροοος,
1365 2783 1399 2841 et
1430 2779 1475 2842 sle

282 2886 391 2950 omnic
421 2889 528 2967 operta
559 2885 666 2952 erunt,
702 2879 795 2942 utin
820 2878 998 2964 Porphyrio
1021 2878 1154 2944 scilicet.
1201 2878 1300 2947 Recte
1324 2903 1376 2948 me
1399 2882 1475 2948 Por·

282 2993 390 3078 phyrii
413 2993 554 3054 mentem
578 2989 711 3070 cepisse,
735 2985 997 3050 demonstrabunt
1016 2992 1048 3051 et
1068 3006 1148 3072 quae
1166 2992 1236 3071 post
1257 3007 1358 3073 peuce
1371 2990 1406 3076 (l.
1420 2988 1476 3074 10)

282 3102 315 3162 in
346 3099 414 3181 ipss
446 3095 660 3179 disputatione
694 3091 899 3164 adferuntur.
931 3096 963 3155 et
995 3096 1142 3177 excerpts
1174 3113 1253 3178 quse
1286 3097 1476 3162 incaeteris

282 3202 444 3269 codicibus
465 3207 602 3266 oetatem
627 3197 778 3263 tulerunt.
817 3197 957 3276 Quorum
981 3196 1091 3277 HPQ:
1116 3205 1179 3270 πῶς
1199 3196 1265 3277 οὖν,
1289 3201 1476 3282 &conoide

201 3299 203 3304 ⁸
283 3333 318 3375 τε
350 3305 379 3372 sl
408 3307 460 3371 real
492 3307 544 3370 οὐκ
570 3304 771 3380 ἀπαίδευτος,
797 3303 907 3383 merim
933 3304 987 3367 οὐκ
1011 3299 1092 3367 ἔστιν
1119 3301 1232 3380 οὕτως,
1256 3305 1344 3372 ἀλλὰ
1367 3307 1476 3387 λέγει,

284 3417 367 3482 πάνυ
399 3413 551 3496 ἥμαρτες,
583 3411 779 3490 καίπεροῦκ
812 3408 849 3474 ὢν
882 3410 1079 3483 ἀπαίδευτος.
1104 3411 1206 3477 καίτοι
1229 3415 1283 3478 οὐκ
1305 3415 1477 3497 ἀποφώλια

284 3523 366 3594 εἰδὼς
402 3522 468 3588 οὐδὲ
503 3519 689 3589 ἀπαίδευτος
722 3515 759 3580 ὢν
798 3517 922 3594 etheredo
958 3516 1093 3595 γέγονας
1126 3517 1179 3582 καὶ
1215 3517 1351 3597 ἥμαρτες
1385 3525 1475 3587 τοῦτο

284 3632 387 3696 εἰπών.
436 3627 559 3692 Ultima
594 3623 705 3710 (καίτοι
736 3624 788 3688 οὐκ
820 3657 873 3673 --
903 3628 993 3688 τοῦτο
1024 3624 1129 3709 εἰπών)
1155 3625 1229 3690 suut
1252 3628 1349 3694 etiem
1373 3630 1408 3692 lu
1432 3628 1475 3712 B,

284 3737 367 3803 unde
402 3734 483 3800 οὐδ’
518 3731 629 3796 cincti.
662 3730 748 3818 groti
772 3731 946 3814 accipimus
970 3730 1237 3817 observemusque
1259 3731 1475 3821 Porphyrium

284 3864 408 3929 quoquo
443 3849 475 3906 et
497 3841 656 3924 sequiorcs
680 3836 758 3902 telis
781 3835 898 3901 elidere
921 3834 1039 3920 solere,
1064 3858 1142 3922 ques
1165 3837 1312 3905 elisiones
1335 3841 1475 3918 scribae,

284 3957 321 4016 ut
344 3971 394 4016 res
417 3954 449 4014 et
472 3946 582 4012 lubido
606 3945 743 4025 serebat,
769 3949 824 4006 aut
847 3944 1013 4008 servabant
1037 3950 1092 4009 aut
1115 3943 1294 4030 explebunt.
1339 3948 1475 4013 Aceurs·

283 4059 349 4125 tius
384 4056 428 4122 h:
465 4054 500 4118 τὸ
532 4049 601 4128 ἑξῆς
635 4051 664 4115 δὲ
697 4047 809 4126 οὕτως,
842 4044 859 4121 ἦ
894 4051 929 4123 li
965 4048 1088 4131 οέλοτρος
1122 4052 1157 4128 γ’
1189 4051 1274 4129 lori,
1297 4052 1398 4118 καίτοι
1421 4054 1475 4119 οὐκ

283 4163 451 4244 οὶοοοφῶλοοο
487 4158 580 4231 εἰδώς.
604 4161 691 4234 ἥτοο
721 4152 847 4226 ὄντος
880 4155 1141 4236 ἁμαρτάνεις
1173 4161 1243 4228 τῆς
1273 4159 1475 4234 ἀληθείας

285 4325 465 4341 -ι-ὒ

317 4417 342 4480 l)
371 4417 481 4463 Attamen
507 4405 634 4471 ἆπίῴοοθον
660 4407 781 4457 vetustum
799 4403 850 4453 siue
869 4405 940 4456 dubio
958 4407 1043 4458 vitium
1061 4423 1124 4466 esse,
1144 4409 1210 4474 petet
1228 4409 1243 4459 i.
1262 4423 1280 4458 ο.
1301 4423 1328 4458 ex
1347 4409 1431 4460 uutuls
1449 4411 1473 4459 iu

286 4503 356 4568 1th
373 4503 402 4551 sd
419 4519 431 4551 r
449 4503 509 4550 110:
527 4497 652 4561 &rotato
671 4499 701 4554 ὥς
720 4491 845 4554 κόσμηθεν.
