3330 5144
770 327 837 406 949

207 523 315 594 canda.
340 527 453 594 Ulixes
476 528 515 594 ad
540 527 699 594 Phaeaces
725 528 753 617 (t
777 528 876 617 230):
900 527 1000 595 οῖοιτιν
1024 527 1155 595 δείδοικα
1177 527 1265 595 ποπδν
1288 529 1334 607 μή
1351 525 1399 599 τέο

207 659 249 714 με
273 635 408 716 παρέλύρ
431 634 450 722 ΙΙ
476 635 626 710 Φαιύκιον.
661 635 711 700 Ad
731 655 811 720 quae
830 635 1016 702 scholiasta:
1037 636 1067 700 ἐν
1086 631 1129 709 οἷς
1148 643 1293 703 πτοεῖται
1307 637 1401 708 αὐτὸς

210 742 376 818 ἠττιιύιῖναέ
405 748 499 823 <tneo
531 742 640 807 ἑαυτὸν
669 741 855 820 εὐδοκιμεῖν,
882 743 912 807 έν
937 737 979 814 οἷς
1003 741 1034 808 δὲ
1059 742 1146 808 αὐτοὶ
1172 748 1337 809 πτοούνται
1361 743 1401 814 ὥς

210 848 364 933 εὐδόκιμοι,
396 849 490 914 αὐτόν
521 854 598 929 Φνοι
625 851 668 926 μύ
696 850 854 932 ὑπερέχειν
879 849 943 935 (Ε).
968 848 1042 915 Iure
1066 848 1262 916 Buttmanno
1286 849 1340 914 hic
1364 847 1403 914 de

209 957 291 1023 uitio
323 955 480 1034 euboluit‚
511 959 546 1021 in
577 977 652 1023 vera
683 963 789 1022 tamen
821 955 957 1022 lectione
991 957 1127 1022 eruenda
1164 959 1271 1022 minus
1306 975 1405 1042 quam

212 1061 292 1128 solet
334 1061 471 1128 feliciter
511 1068 654 1129 remoto:
702 1109 718 1140 ,,
732 1062 855 1147 Mirus,
896 1065 1020 1148 inquit,
1059 1085 1146 1128 οοεκε
1179 1065 1251 1128 trec
1285 1064 1405 1128 ον’ὐειιεν
1462 1081 1465 1090 ⁴

209 1169 399 1258 peruertitur.
446 1169 489 1234 aa
524 1167 640 1234 ultima
670 1170 799 1254 quidem
832 1172 878 1236 sic
909 1171 977 1234 sine
1015 1168 1112 1235 dubio
1143 1170 1281 1236 sananda
1312 1167 1406 1235 αὐτόν

212 1282 308 1359 Φιροιν
343 1275 519 1356 ὐπερέχεινε
557 1278 662 1362 priora
696 1279 741 1341 sio
777 1277 926 1343 fortasse:
952 1313 993 1324 -
1018 1275 1124 1361 αὐτὸς,
1158 1277 1323 1353 ἡττηύἤναί
1345 1281 1405 1359 φιρ-

214 1405 260 1448 τιν
292 1382 399 1447 ἑαυτὸν
432 1387 485 1448 πού
517 1381 714 1458 εὐδοκεμεῖν.”
737 1381 862 1448 Ultima
885 1385 953 1450 sine
977 1382 1045 1449 ullo
1069 1381 1166 1450 dnbio
1188 1389 1273 1450 recte
1296 1387 1406 1451 sanata

214 1489 339 1574 iudico,
373 1491 434 1555 etsi
468 1509 563 1555 causa
583 1491 709 1555 ¹erroris
743 1510 801 1556 nec
835 1488 998 1556 intellecta
1027 1511 1084 1555 nec
1107 1490 1279 1576 patefacta,
1304 1492 1408 1577 priora

216 1600 323 1660 autem
346 1597 408 1680 sic,
431 1601 469 1660 ut
491 1615 554 1681 quo
577 1615 670 1662 senen
693 1595 884 1661 Buttmanni
904 1597 1041 1662 mutatio
1059 1597 1241 1682 accipienda
1260 1600 1303 1662 sit
1322 1616 1408 1683 pror·

215 1725 269 1770 sus
286 1722 349 1768 non
369 1701 568 1790 intellegam,
592 1723 632 1767 ne
656 1708 725 1768 tum
750 1703 897 1788 quidem,
922 1704 950 1768 si
975 1703 1139 1794 ἧττιρύιῖναι
1163 1709 1217 1769 τοῦ
1236 1705 1407 1780 εὐδοκιμεῖν

216 1831 272 1897 pro
303 1814 356 1874 τοῦ
387 1810 556 1885 εὐδοκιμεῖν
586 1806 676 1873 ἕνεκα
706 1811 846 1894 accipere
870 1808 997 1894 liceret,
1022 1810 1106 1895 quod
1130 1820 1213 1877 certe
1236 1831 1299 1878 non
1321 1810 1408 1878 licet

216 1915 352 2003 Siquid
377 1915 486 2000 rideo,
509 1917 671 1980 restitutio
695 1914 757 1981 loci
781 1899 849 1982 sine
873 1920 1085 1984 controversia
1109 1921 1249 2005 corrupti
1269 1924 1301 1985 et
1320 1918 1410 1985 facil·

217 2021 297 2089 lima
321 2027 369 2088 est
393 2027 424 2088 at
448 2021 704 2088 evidentissima:
726 2025 756 2087 έν
778 2017 820 2094 οἷς
842 2030 983 2088 πτοεῖται
1004 2023 1097 2096 αὐτὸς
1119 2026 1300 2102 ἡττηθῆναι,
1314 2025 1411 2107 <incia

218 2126 333 2194 ἑαυτὸν
363 2129 400 2214 (μ
410 2127 440 2214 ιδ)
476 2126 664 2205 εὐδοκιμεῖν,
696 2129 727 2192 ἐν
759 2123 801 2199 οἷς
830 2129 862 2195 δέ
886 2131 972 2194 αὐτοὶ
996 2115 1161 2196 πτοούνται
1186 2133 1224 2206 ὥς
1249 2131 1410 2218 εὐδόκιμοι,

218 2235 313 2302 αὐτόν
360 2241 455 2316 φησιν
501 2234 672 2315 ὑπερέχειν.
729 2234 822 2301 Nunc
866 2236 963 2302 simul
1001 2233 1034 2302 et
1075 2237 1271 2324 corruptelae
1319 2239 1409 2327 origo

220 2344 411 2430 perspicitur
453 2345 485 2407 et
523 2361 628 2418 casus,
664 2343 719 2427 qui
753 2341 949 2408 Buttmanno
984 2349 1052 2408 tam
1086 2347 1189 2410 mirus
1222 2343 1411 2429 ridebatur,

218 2471 302 2516 unns
333 2447 370 2514 fit
401 2469 441 2514 ex
470 2446 773 2535 pervulgatissimis.
820 2448 944 2534 Nempe
974 2451 1019 2528 μύρ
1050 2453 1084 2515 in
1106 2451 1203 2517 huius
1227 2452 1343 2518 codicis
1370 2489 1409 2502 -

218 2555 271 2623 rel
315 2557 414 2622 etiam
451 2554 484 2619 in
521 2556 663 2620 omnium
699 2591 740 2602 -
777 2555 948 2642 archetypo
985 2577 1058 2622 casu
1092 2558 1176 2623 inter
1209 2557 1411 2624 scribendum

219 2665 392 2746 omissum,
428 2660 541 2726 deinde
580 2663 613 2725 in
653 2662 833 2748 marginem
877 2660 929 2727 rel
970 2664 1055 2728 intra
1096 2663 1197 2730 lineas
1237 2667 1411 2742 insertum,

220 2769 259 2835 ab
296 2768 472 2834 haesitante
506 2766 608 2832 scriba
642 2769 675 2831 in
705 2787 889 2852 perversum
919 2767 1027 2834 locum
1058 2769 1248 2836 translatum
1278 2776 1341 2848 est,
1366 2773 1414 2836 ita

219 2880 275 2952 ut,
312 2895 385 2938 cum
416 2873 455 2939 ad
488 2873 656 2952 εὐδοκιμεῖν
688 2875 873 2960 pertineret,
909 2875 948 2942 ad
980 2875 1140 2957 ὑπερέχειν
1165 2857 1411 2943 ει(11]ειεί·ιεεοοι·ιιύ.Ι

220 2980 353 3066 Saepius
376 2983 441 3046 iam
466 2979 687 3046 huiuscemodi
711 3001 829 3046 errores
847 2985 1029 3047 nutemmus
1052 2989 1084 3050 ct
1104 2982 1316 3069 correximus,
1330 3007 1413 3050 nunc

221 3087 357 3154 alterum
388 3085 570 3172 exemplum
596 3087 744 3154 adiiciam
769 3087 882 3156 itidem
906 3090 989 3155 circa
1012 3093 1215 3178 negationem
1239 3091 1319 3158 falso
1341 3091 1411 3159 loco

220 3197 371 3258 insertam
406 3213 552 3268 versans,
585 3215 623 3258 ex
656 3193 827 3279 eodemque
860 3195 967 3261 codice
999 3199 1148 3288 petitum.
1199 3197 1247 3263 Ad
1270 3197 1411 3265 Menelai

220 3301 258 3366 de
278 3300 372 3366 caede
392 3300 497 3366 fratris
520 3302 732 3366 narrationem
756 3300 997 3388 longiusculum
1021 3301 1142 3390 legitur
1165 3302 1307 3370 scholion
1331 3307 1364 3370 in
1388 3305 1415 3371 a

220 3407 251 3488 (δ
276 3405 367 3493 535),
386 3411 573 3494 praesertim
598 3407 675 3473 haec
697 3408 794 3473 verba
817 3411 1003 3494 respiciens:
1030 3445 1049 3460 -
1064 3445 1084 3460 -
1098 3447 1117 3460 ·
1141 3411 1194 3476 καῖ
1219 3411 1414 3495 κατέπεφνεν

334 3513 530 3590 δειπνίσσας,
556 3512 593 3586 ὥς
618 3513 921 3586 surrexerimus
945 3515 1021 3589 βοῦν
1045 3517 1095 3581 ε’πδ
1119 3515 1235 3600 Φούτνρ.

333 3621 398 3686 οὐδέ
423 3645 469 3694 τις
495 3621 655 3700 'Aristaee
681 3620 795 3701 έτούριον
820 3621 920 3686 λίπεθ’
946 3619 976 3686 οἵ
993 3623 1019 3688 οἱ
1044 3618 1161 3698 ἕποντο,

333 3726 400 3792 οὐδέ
423 3750 470 3800 τις
496 3727 651 3806 sipirtus,
679 3729 755 3792 ἀλλ’
780 3727 906 3793 έκταύεν
932 3727 961 3792 έν
986 3728 1177 3808 μεγάροισιν.
1428 3789 1434 3806 ,

221 3830 359 3920 Oulpata
372 3841 419 3900 est
431 3835 483 3899 hic
496 3835 746 3922 Agamemnonis
759 3855 898 3920 persone.
910 3833 1003 3901 ἔοικεν
1014 3837 1052 3908 ὥς
1065 3843 1221 3920 τρνφιρτού
1235 3847 1416 3921 κατηγορεῖν

221 3945 274 4006 τοῦ
305 3941 539 4020 Ἀγαμέμνονος
572 3942 623 4006 καῖ
654 3941 785 4019 μεύὐποει
811 3942 863 4006 καὶ
890 3941 940 4006 διεδ
967 3947 1057 4009 τοῦτο
1081 3946 1262 4023 ἀγνοοῦντος
1284 3948 1336 4012 καῖ
1361 3951 1416 4025 riu

222 4053 316 4114 αὐτοῦ
341 4049 507 4128 έπιβοολύν
528 4051 566 4120 ric
586 4047 826 4126 μεμεύνομένον.
849 4048 927 4114 ἀλλ’
953 4051 1022 4116 οὐκ
1048 4049 1113 4116 έοτι
1135 4058 1236 4120 τοῦτο.
1258 4053 1326 4120 έύοὐ
1334 4081 1350 4137 ρ
1358 4080 1416 4136 ρει

221 4159 300 4237 sap
323 4157 389 4220 καὶ
414 4157 479 4221 τὸν
504 4155 620 4221 δύλον
645 4155 713 4219 οὐκ
738 4155 910 4231 ένύιροεν.
936 4158 961 4221 εὐ
986 4158 1017 4222 δέ
1042 4157 1094 4222 καῖ
1124 4161 1200 4237 βοῦν
1220 4157 1317 4245 εἶπεν,
1335 4163 1412 4230 ἀλλ’

222 4265 255 4349 οὐ
278 4263 350 4344 πρὸς
374 4261 460 4343 ὕβριν
480 4264 575 4328 αὐτοῦ
588 4257 682 4338 εἶπεν,
697 4263 784 4327 dati
798 4266 921 4339 μᾶλλον
934 4265 989 4338 τύρν
1001 4265 1139 4346 ἀνδρείαν
1154 4268 1250 4332 αὐτοῦ
1267 4267 1411 4343 έδιὶλιοοε.

221 4369 414 4445 κατεκτούνύν
439 4370 501 4450 yur
526 4368 694 4444 καθήμενος
719 4369 770 4432 ε’πύ
794 4375 850 4442 τῆς
873 4369 1027 4452 τραπέζης
1051 4372 1102 4435 κα)
1125 4373 1244 4451 letter,
1271 4377 1310 4448 εὐς
1336 4371 1410 4442 ὐταν

222 4480 279 4562 μέν
308 4479 383 4558 βούκ
412 4477 531 4559 στερρὸς
562 4476 614 4541 καὶ
646 4476 772 4547 δυνατὸς
796 4471 825 4560 ᾖ,
850 4482 964 4560 σφαγῇ
989 4476 1020 4542 δέ
1045 4473 1125 4557 iper
1149 4483 1180 4546 έν
1201 4480 1306 4568 φάτνῃ
1328 4482 1413 4554 δρδρ.
