3242 5140
862 323 1036 444 898Ι

300 519 421 597 ἀγαθοῦ
453 517 605 583 τέτακται
638 517 789 600 ἐνταῦθα,
821 519 856 582 τὸ
890 517 922 584 δέ
956 515 1062 599 „ustor
1095 512 1239 595 οῦρανόν”
1265 513 1490 594 ὑπερβολικῶς,

299 635 346 706 τῇ
378 623 471 705 δόξῃ
493 625 587 704 μέχρι
611 625 680 688 θεῶν
705 621 874 704 ἐφθακέναι
896 623 940 686 τό
965 613 1116 693 κλέος.’
1141 620 1340 706 Simpliciter
1364 621 1416 685 his
1439 641 1491 705 up

299 751 415 816 ponem
446 751 554 797 vorem
587 730 776 813 lectionem,
807 749 888 815 quoe
914 729 993 794 hmo
1015 741 1078 794 est:
1104 735 1166 799 τοῖς
1190 727 1352 806 ἀνθρώποις
1377 724 1490 802 ἔνδοξος

300 835 484 919 τνγχοίνΩ,
522 835 573 901 διὰ
609 834 728 901 δόλονΣ
759 837 916 917 φροντίδος
945 833 1123 910 θξιοόμενος
1154 832 1230 913 παρ’
1263 836 1379 906 αὐτοῖς.
1415 839 1431 898 ό
1461 836 1492 900 δὲ

302 943 389 1018 δόλος
422 943 471 1008 ἐπ’
502 945 624 1020 όγαθοῦ
648 943 803 1008 τέτακται
828 943 970 1006 ἐνταῦθα.
995 940 1030 1006 τὸ
1054 941 1087 1005 δὲ
1110 941 1218 1019 ,κλέος
1242 939 1381 1020 οῦρανόν”
1407 943 1493 1020 ῦτερ-
1601 956 1602 976 ¹

302 1051 433 1128 βολικῶς
465 1061 504 1132 τῇ
533 1049 621 1130 δόξῃ,
653 1051 726 1134 (τὸ)
754 1051 852 1130 μέχρι
881 1051 951 1114 θεῶν
976 1048 1143 1129 ἐφθακέναι
1167 1049 1202 1112 τό
1226 1047 1324 1120 κλέος.
1371 1046 1491 1114 Eodem

302 1157 399 1244 poulo
422 1155 541 1222 melius
564 1157 757 1242 uberiusque
780 1158 898 1241 scripto
921 1161 997 1220 sunt
1018 1157 1052 1218 in
1075 1153 1148 1235 BQ:
1173 1154 1225 1220 sas
1248 1153 1353 1226 δόλους
1377 1154 1493 1231 ἔνδοξός

300 1265 399 1342 sipi.
424 1265 438 1329 θ
462 1265 525 1344 γαρ
550 1263 634 1334 δόλος
659 1262 711 1327 καί
736 1263 787 1328 ieri
808 1263 929 1339 ἀγαθοῦ
949 1261 1122 1327 τάττεται·
1143 1264 1194 1326 νῦν
1214 1260 1245 1326 δέ
1266 1261 1315 1325 cst
1336 1261 1493 1340 έγκοιμίον

300 1376 390 1436 τοῦτο
426 1370 527 1449 λέγει.
564 1369 719 1450 ὑπερβολὴ
751 1372 815 1448 γὰρ
848 1367 935 1444 δέέτι
967 1368 1001 1433 τὸ
1032 1368 1127 1448 μέχρι
1159 1371 1230 1434 θοῦν
1261 1367 1429 1448 ἐφθακέναι
1460 1371 1494 1434 τό

303 1479 403 1552 κλέος.
437 1491 507 1542 κτλ.
556 1475 674 1542 Omnis
704 1483 807 1553 recte,
838 1478 900 1542 nisi
924 1475 1007 1560 quod
1031 1476 1150 1540 inserts
1172 1476 1395 1540 coniunctione
1417 1495 1496 1561 opus
1602 1545 1603 1574 ¹

302 1589 370 1650 est:
407 1584 421 1648 θ
457 1584 521 1663 γόορ
550 1581 636 1653 δόλος
669 1582 723 1648 καί
755 1583 810 1646 ἐτ’
841 1583 961 1661 οίγοιθοῦ
995 1581 1168 1665 τάττεται,
1198 1581 1296 1667 (καί)
1320 1586 1370 1645 νῦν
1395 1583 1428 1647 δέ
1451 1583 1498 1646 ἐπ’

268 1692 273 1702 ’
305 1691 459 1768 έγκονμίου
483 1695 572 1754 τοῦτο
596 1689 695 1765 λέγει.
739 1688 800 1754 Vel
823 1689 992 1772 disertius,
1017 1691 1045 1752 si
1068 1687 1136 1754 fiori
1155 1695 1275 1773 potest,
1296 1687 1385 1753 uliud
1405 1689 1495 1755 echo·

305 1797 372 1862 lion
403 1796 443 1862 ed
473 1777 714 1881 prueuedentem
744 1815 890 1860 versum:
923 1803 1120 1873 παρεῖται
1149 1795 1166 1867 ἡ
1191 1794 1275 1869 διό,
1302 1795 1370 1860 καὶ
1396 1799 1414 1870 τί
1438 1795 1494 1860 δι-

302 1905 395 1979 τικίρ
426 1902 518 1968 cirri
553 1903 790 1976 αἰτιατικῆς
824 1911 978 1966 κεῖται·
1011 1902 1076 1966 διόι
1106 1901 1247 1973 δόλους
1272 1905 1349 1981 γόιρ
1373 1903 1494 1978 μέλα.

304 2007 404 2088 όμοιόν
425 2011 489 2074 ἐστι
511 2012 552 2088 τῷ
575 2008 770 2087 „scinderes
796 2007 986 2088 μαχόμεθα”
1012 2007 1046 2094 (Ι.
1079 2008 1219 2084 -μεοθα,
1244 2017 1269 2072 Ε
1294 2007 1393 2089 875),
1422 2031 1494 2073 του-

305 2116 392 2182 τέστι
425 2117 484 2182 διὰ·
508 2118 555 2182 σέ.
589 2113 725 2201 (ΒΗρ),
756 2137 837 2200 quoe
861 2115 1080 2180 Aristonicum
1105 2115 1220 2181 referre
1242 2117 1308 2180 ism
1333 2113 1495 2181 Friedlin-

303 2225 398 2290 derus
430 2225 607 2290 admonuit.
653 2221 740 2288 Hinc
768 2243 851 2287 unus
875 2220 918 2301 Q:
944 2217 1027 2292 όστις
1052 2223 1113 2299 ἐγὼ
1138 2222 1168 2285 ἐν
1197 2225 1275 2286 τοῦτο
1299 2230 1363 2291 τοῖς
1387 2223 1495 2302 ὶνθρώ-

305 2355 373 2404 ποις
410 2331 459 2395 ns
495 2331 652 2411 φροντίδος
688 2329 751 2407 sipi
787 2335 882 2393 ποιεῖν
917 2326 1041 2405 δόλους,
1074 2326 1105 2392 οί
1130 2351 1189 2404 ρςον
1220 2327 1257 2391 τό
1286 2327 1375 2399 κλέος
1398 2329 1494 2410 μέχρι

305 2441 428 2518 οὐρανοῦ
463 2437 634 2516 ἀνήγαγον.
683 2435 744 2501 Sed
776 2443 809 2500 et
840 2435 898 2501 hoc
930 2443 1114 2521 excerptum
1142 2443 1328 2522 corruptum
1352 2445 1418 2512 est,
1443 2459 1497 2502 ne·

305 2565 421 2630 moque
444 2545 577 2632 negabit
600 2542 814 2629 reponendum
840 2560 925 2607 esse:
940 2577 993 2592 --
1014 2543 1043 2606 έν
1068 2546 1146 2606 τοῖσι
1170 2551 1232 2614 τοῖς
1257 2543 1419 2626 θνθρότοις
1443 2543 1495 2608 διὰ

305 2651 461 2733 φροντίδος
497 2650 560 2726 είμί
597 2655 701 2713 ποιῶν
737 2649 851 2718 δόλους.
901 2647 992 2728 Quod
1024 2650 1057 2712 in
1087 2647 1207 2713 scholio
1237 2647 1496 2737 Hsmburgensi,

302 2759 387 2822 unde
422 2758 526 2821 exorsi
559 2775 689 2832 sumus,
726 2755 953 2820 secludendum
988 2757 1096 2820 censui
1130 2755 1181 2818 καί
1217 2775 1345 2819 sensnm
1381 2755 1497 2820 distur-

304 2866 402 2941 bens,
438 2863 567 2927 videtur
600 2861 634 2926 id
664 2861 733 2928 loco
762 2860 866 2926 finalis
899 2863 984 2927 Σίν
1006 2860 1162 2927 vocabulo
1185 2860 1289 2934 δόλους
1312 2865 1347 2926 in
1370 2869 1497 2930 textum

302 2989 474 3056 irrepsisse.

350 3209 378 3268 ι,
404 3183 456 3248 43.
508 3185 602 3263 Διερςῦ
638 3183 720 3247 τοδί.
753 3182 950 3248 Vocabulum
985 3184 1034 3248 bis
1069 3188 1197 3248 tentum
1231 3183 1373 3250 Homero
1404 3207 1497 3250 noun

305 3299 417 3376 petum
442 3295 475 3354 et
498 3289 581 3375 opud
606 3299 728 3356 veteres
751 3294 784 3354 et
807 3289 891 3374 epud
916 3291 1104 3355 recentiores
1126 3293 1231 3356 varies
1253 3294 1376 3375 peperit
1399 3295 1496 3357 inter·

304 3399 514 3483 pretationes,
536 3397 711 3480 dequibus
730 3397 823 3482 plene
842 3399 910 3484 egit
930 3396 1096 3472 Lehrsius,
1119 3398 1242 3462 odiente
1260 3416 1337 3472 sue,
1358 3419 1440 3483 quoe
1453 3437 1493 3448 —

305 3503 388 3587 qnod
412 3505 479 3568 sine
503 3503 570 3568 uile
593 3507 714 3568 summi
738 3505 800 3568 viri
824 3503 1050 3569 detrectatione
1074 3501 1196 3568 dictum
1221 3507 1260 3569 sit
1283 3541 1324 3552 -
1351 3525 1404 3569 me
1427 3507 1496 3590 qui-

304 3601 377 3678 dem
408 3611 514 3676 iudice
545 3631 607 3674 non
638 3609 711 3695 plus
742 3611 839 3675 hebet
867 3609 1110 3694 probabilitatis.
1158 3607 1220 3675 Sed
1243 3617 1389 3676 veterum
1413 3631 1498 3675 nunc

305 3721 516 3803 interpretum
549 3716 642 3780 effeto
669 3718 883 3800 inspiciemus.
934 3715 996 3794 Qui
1020 3718 1066 3780 ite
1089 3715 1207 3781 dixisse
1231 3717 1379 3782 videntur
1402 3717 1434 3781 in
1459 3715 1496 3781 Τ.

304 3825 387 3906 διερῷ
424 3823 494 3887 τοδί
503 3841 510 3886 :
544 3833 582 3904 τῇ
617 3825 680 3898 νηί·
717 3823 769 3888 καί
804 3823 867 3901 γοὶρ
890 3821 995 3893 ἄλλως
1020 3819 1130 3893 ίτπους
1155 3823 1213 3894 τόις
1237 3829 1322 3896 ναῦς.
1346 3826 1372 3888 oi
1398 3825 1428 3888 δέ
1454 3825 1497 3890 δι’

306 3933 426 4011 ῦγροῦ
458 3931 527 3996 καί
561 3929 647 4020 ζῶν,
682 3932 749 4009 πρὶν
783 3929 840 3993 ὑπὸ
872 3929 1037 4006 πολεμίους
1067 3914 1228 4006 γενέόθαι·
1253 3931 1304 3994 καί
1329 3932 1392 4010 γὰρ
1416 3931 1496 4010 ξηροί

306 4039 331 4103 οί
367 4038 480 4116 νεκροί,
517 4039 568 4101 καί
607 4036 719 4115 ,διερός
755 4035 881 4114 βροτὸς”
914 4033 948 4120 (ζ
970 4035 1049 4118 201)
1084 4036 1097 4098 ό
1131 4035 1195 4113 ζῶν.
1226 4033 1316 4101 ἄλλοι
1348 4036 1379 4102 δὲ
1411 4047 1497 4108 τοῖς

305 4142 475 4209 σκεύεσι
501 4143 642 4223 καὶτῷ
671 4141 1498 4222 iccioatrirosvinuPlennsuntvelhseo

305 4271 407 4338 peuce
432 4249 528 4322 verbe
550 4249 826 4335 putidissimorum
854 4248 1018 4313 vitiorum.
1067 4245 1176 4314 Unum
1200 4251 1263 4315 iem
1288 4255 1362 4314 ente
1378 4250 1498 4316 multos

307 4379 404 4424 annos
426 4359 609 4444 procurarit
627 4353 782 4432 Oobetus,
807 4355 979 4441 (Mnemos.
1001 4353 1041 4422 N.
1062 4353 1095 4420 S.
1117 4355 1150 4433 1,
1172 4378 1204 4443 p.
1221 4355 1274 4434 11,
1293 4355 1405 4442 1873.)
1426 4379 1499 4423 oum

310 4464 488 4534 ostenderet
511 4462 703 4551 legendum:
728 4464 780 4527 καί
805 4463 869 4541 γὰρ
894 4463 987 4536 οίλὸς
1011 4461 1123 4534 ἵππους
1144 4465 1203 4538 τὰς
1223 4469 1316 4542 ναῦς,
1331 4465 1415 4550 quod
1436 4467 1503 4532 sine
