3318 5138
819 315 882 384 lca

249 517 337 587 ρὀυτι
370 505 453 588 peip,
489 503 574 594 (ire)
609 506 692 582 δίκην
725 509 838 588 οίγρίονν
863 507 943 590 ζῴον
970 545 1011 556 --
1036 505 1109 588 έζινν
1132 533 1211 574 τ.π.
1236 511 1261 574 ci
1285 501 1442 588 ι’ίνίροιποι.

250 614 340 682 Haec
363 615 447 700 quod
471 589 522 680 νο.
534 635 583 680 res
605 617 737 699 attinet,
752 651 793 664 —
815 635 890 680 nam
915 615 1013 680 verba
1035 615 1131 700 paulo
1154 615 1279 682 diversa
1301 621 1387 700 sunt,
1402 651 1443 664 -

251 723 423 788 concinunt
455 741 530 786 oum
569 719 790 808 Etymclogis‚
826 721 881 806 qui
916 741 973 786 sua
1008 725 1241 808 exscripserunt
1272 743 1311 788 ex
1346 719 1446 788 Ohoe·

252 828 376 894 robosci
400 826 634 915 orthographia
656 829 703 910 (in
726 825 869 893 Orameri
890 825 1033 893 Anecdd.
1057 827 1178 894 Oxonn.
1204 835 1227 894 t.
1250 827 1291 894 11.
1315 850 1348 915 p.
1368 827 1444 906 226,

253 931 352 1018 227),
388 933 447 999 uhi
480 953 537 1019 pro
568 931 699 1010 λενέτοιι
733 934 804 1018 (sic)
836 935 916 1009 κριίη
946 934 964 1009 ἧ
996 935 1083 1015 παραὶ
1115 937 1150 1002 τδ
1175 937 1362 1018 προκριθῆναι
1388 935 1447 1000 τῶν

257 1040 347 1122 δρυῶν
369 1041 541 1107 scribatur:
565 1041 698 1120 λέγεται
722 1043 803 1120 κριίη
822 1035 866 1103 Ἢ
891 1040 977 1120 παροδ
1001 1043 1036 1106 τὸ
1060 1057 1130 1108 κτλ.

302 1275 344 1329 ρ,
369 1250 445 1315 444.
468 1249 590 1316 Iterum
615 1249 730 1316 vocula
756 1251 796 1316 ob
823 1251 1079 1336 compendiosam
1106 1253 1237 1318 fortasse
1256 1254 1448 1337 scripturam

257 1361 373 1425 omissa
394 1356 590 1424 restituenda
613 1362 660 1422 ast
683 1360 716 1422 in
740 1355 868 1422 Scholic
891 1358 930 1422 de
954 1357 1107 1424 vocabulo
1131 1357 1304 1425 Homerico
1325 1356 1445 1435 ἀμνίον,

257 1463 404 1550 (Περσεὺς
427 1464 454 1528 δ’
478 1464 585 1540 ἀμνίον
608 1459 703 1550 εἶχε),
728 1462 766 1528 de
793 1465 885 1528 cuius
901 1469 986 1528 recta
1008 1465 1181 1549 scriptura,
1203 1462 1448 1552 significatione,

258 1573 382 1659 origine
406 1591 481 1636 cum
504 1570 691 1634 dissentiant
713 1575 853 1653 veteres,
873 1572 980 1635 omnia
1007 1589 1116 1638 eorum
1144 1573 1327 1636 testimonia
1354 1569 1450 1655 paulo

260 1680 436 1764 insigniora
467 1677 519 1742 hic
549 1695 750 1762 componam.
796 1673 824 1740 Ε
854 1675 982 1741 scholiis
1004 1677 1203 1742 uberrimum
1228 1684 1276 1742 est
1300 1676 1383 1766 quod
1406 1676 1451 1742 le-

261 1785 351 1872 gitur
369 1786 404 1848 in
422 1781 568 1862 HMQR:
589 1784 696 1860 ἀμνίον
715 1785 749 1848 τὸ
769 1783 901 1861 ἀγγεῖον
920 1787 973 1846 τοῦ
994 1781 1261 1862 ὑποσφοίγματοο.
1282 1783 1451 1862 Νίκανδρος

261 1888 292 1954 δὲ
317 1889 369 1952 καί
395 1888 579 1966 Θεοδωρίδας
602 1888 665 1953 ἀπὸ
688 1893 743 1954 τοῦ
766 1887 943 1965 δάμνασθαι
960 1888 1164 1968 ’προφέρονται
1184 1891 1353 1960 ιὶσυνδὲτως
1375 1894 1410 1977 (i.
1423 1911 1450 1956 e.

260 1995 408 2083 neglecta
425 1993 582 2081 particula
599 1994 782 2080 copulativa
799 1993 842 2072 δέ,
862 2015 935 2059 eum
948 1994 965 2058 δ
977 1994 1016 2060 ad
1028 1997 1132 2080 ipsum
1148 1995 1338 2062 vocabulum
1351 1996 1453 2062 trahe·

261 2107 348 2180 κοπίς
370 2103 552 2175 ἀσυνθέτους
572 2121 669 2187 prave
688 2100 736 2185 Μ)
756 2100 890 2180 δαμνίον.
910 2101 1054 2180 Πορσίλοι
1076 2102 1107 2166 δὲ
1124 2101 1353 2182 ίἹεραπιίτνιος
1366 2103 1453 2181 παροδ

262 2209 476 2288 Ἰεραπυτνίοις
490 2207 544 2273 ἔτι
565 2207 762 2286 σώζεσθαι
779 2210 845 2281 την
861 2210 985 2290 Φανην
1002 2208 1162 2285 αἱμνίον,
1174 2207 1290 2282 δασέος
1302 2211 1387 2286 μετὰ
1399 2214 1452 2273 τοῦ

257 2339 270 2378 ·ι
295 2317 368 2380 κατ’
392 2315 492 2396 οὶρχην
515 2315 739 2396 προφορομένην
760 2315 847 2394 παροδ
866 2316 901 2378 τὸ
922 2308 1017 2390 αίμα.
1039 2313 1092 2378 καί
1111 2315 1339 2396 ’Λπολλίδυρίι
1360 2321 1454 2394 φησιν

260 2425 299 2496 ὣς
325 2421 404 2494 είκδς
427 2416 461 2494 ἦν
485 2422 537 2486 καί
562 2422 648 2500 παρὰ
671 2425 713 2503 τῷ
735 2430 843 2502 ποιητῇ
868 2418 962 2492 οὕτως
982 2421 1060 2486 αὐτὸ
1087 2423 1309 2503 προφέρεσθαι,
1335 2423 1392 2488 ὑπὸ
1420 2422 1453 2486 δέ

262 2553 349 2595 τινοιν
366 2521 558 2610 περιῃρῆσθαι
571 2528 606 2593 τδ
619 2552 638 2593 ι.
652 2529 789 2594 Ἀττικοί
802 2529 834 2594 δὲ
847 2527 983 2609 σφοίγιοι
996 2527 1032 2614 (l.
1047 2564 1066 2578 -
1078 2532 1195 2616 ysces)
1207 2530 1285 2594 αὐτὸ
1297 2535 1453 2595 καλοῦσιν.

263 2639 306 2710 είς
326 2637 465 2702 τοῦτοδὲ
485 2642 600 2715 πρῶτον
624 2630 707 2714 οιίμοι
726 2634 887 2717 δεχίμενοι
905 2643 969 2706 τοῖς
988 2635 1106 2712 βωμοῖο
1119 2637 1304 2717 ἐπιχέουσιν.
1318 2638 1456 2715 ἕτυμο·

263 2752 458 2822 λογιεῖται
488 2744 610 2819 οὶμένιίν
634 2766 664 2808 τι
688 2743 738 2819 iv,
764 2737 782 2806 ί
804 2743 868 2808 έστι
893 2743 1067 2822 στερητικὸν
1091 2749 1143 2809 τοῦ
1167 2745 1289 2828 μένους,
1315 2743 1377 2819 ἤτοι
1398 2751 1455 2818 τῆς

262 2857 382 2930 ψυχῆς·
417 2850 490 2915 1)οο
513 2849 566 2914 hic
594 2849 778 2937 corrigenda
801 2857 885 2914 sunt.
917 2849 1085 2928 Primum,
1110 2855 1147 2915 ut
1170 2853 1236 2916 iam
1259 2849 1455 2939 significavi,

263 2957 443 3024 addendum
474 2963 522 3022 est
553 2956 685 3022 verbum
717 2955 795 3036 φησί
826 2959 859 3021 in
891 2957 959 3021 his:
990 2957 1135 3036 Πορσίλος
1159 2957 1190 3022 δὲ
1214 2956 1228 3022 ὅ
1252 2959 1455 3036 ’,Ιεραπιίτνιος

264 3065 351 3146 παρὰ
371 3063 586 3142 Ἱεραπυτνίοιο
610 3061 655 3126 ἔτι
679 3060 825 3140 σώζεσθαι
850 3065 904 3137 την
927 3070 1031 3144 φωνην
1050 3065 1202 3149 (oncis)
1222 3065 1353 3149 αίμνίον,
1372 3064 1456 3150 quod

263 3191 318 3236 ms
341 3169 446 3234 iudice
470 3178 502 3234 at
524 3170 632 3232 abasse
654 3171 765 3254 nequit
782 3177 815 3233 at
836 3176 983 3254 apertum
1005 3177 1052 3234 ast
1071 3190 1129 3236 eur
1146 3169 1309 3236 exciderit.
1333 3170 1457 3236 Deinde

263 3280 298 3343 in
329 3275 390 3342 fine
418 3275 619 3340 inserendum
649 3293 759 3340 censeo
790 3275 841 3340 καί
867 3285 938 3362 post
963 3277 1202 3354 ἐτυμολονεῒται
1227 3297 1266 3342 ex
1289 3297 1352 3343 uno
1375 3276 1456 3342 Har·

264 3384 368 3452 lciano
390 3383 568 3467 adscitum,
592 3382 853 3460 έτυμολογεῑτκι
884 3385 980 3470 (καὶ)
1003 3385 1127 3462 οίμένιίν
1149 3409 1180 3450 τι
1205 3385 1251 3462 ίν,
1273 3405 1348 3450 nam
1367 3404 1457 3471 prae·

263 3499 399 3558 cesserat
432 3489 496 3554 alia
528 3488 726 3575 etymologia
761 3491 848 3569 παρὰ
879 3491 914 3554 τὸ
946 3485 1039 3570 αἷμα.
1087 3489 1269 3557 Praefixum
1302 3495 1351 3556 est
1381 3489 1457 3555 huic

263 3597 391 3665 Scholio
422 3593 547 3679 ἄλλως,
575 3615 650 3660 nam
680 3598 715 3658 in
745 3594 781 3660 Μ
809 3597 969 3680 praecedit
991 3596 1080 3662 aliud
1103 3597 1232 3662 brevius
1254 3596 1369 3662 hocce:
1390 3594 1456 3660 ἔστι

263 3708 320 3786 μὲν
351 3711 409 3769 τῶν
440 3699 531 3777 ίίποοξ
561 3700 719 3780 είρημένυυ
751 3703 768 3776 ἡ
799 3700 902 3778 λέξις,
927 3704 1070 3780 σημαίνει
1095 3702 1125 3768 δὲ
1149 3705 1184 3768 τέ
1209 3705 1358 3781 ἀγγεῖον,
1382 3700 1457 3768 ὅπου

264 3814 300 3878 τί
328 3815 382 3876 τοῦ
405 3811 623 3890 σφαττομένου
646 3809 751 3887 ἱερείου
775 3801 856 3885 αίμοι
881 3809 1031 3891 ἐδέχοντο.
1056 3810 1109 3874 καί
1133 3807 1198 3874 ἔστι
1223 3811 1308 3874 κατὰ
1332 3811 1366 3874 τὸ
1389 3807 1456 3875 ἔτυ-

265 3941 321 3995 μον
340 3914 474 3994 νίμένιον,
494 3913 512 3980 ί
530 3917 596 3979 ἐστι
615 3915 791 3993 στερητικὸν
808 3921 862 3980 τοῦ
878 3917 985 3993 μένους
999 3916 1061 3991 ἤτοι
1077 3925 1132 3990 τῆς
1146 3923 1265 3997 ψυχῆς.
1279 3918 1305 3982 οί
1318 3917 1456 3982 Ἀττικοί

265 4024 403 4104 σφοίνιον
428 4022 504 4086 αὐτὸ
528 4026 682 4084 καλοῦσιν.
708 4021 827 4086 Eadem
852 4021 891 4087 ad
916 4024 1050 4088 verbum
1073 4023 1191 4088 hahent
1211 4023 1288 4109 VT,
1310 4025 1456 4108 uberiora

262 4131 357 4217 paulo
384 4129 427 4196 d:
457 4129 583 4206 οίμνίονε
616 4129 652 4194 τδ
685 4129 894 4208 αἱματοδίχον
924 4131 1066 4208 ἀγρεῖον.
1092 4130 1144 4194 καί
1169 4129 1291 4207 γίνεται
1316 4133 1379 4198 sind
1403 4137 1456 4198 τοῦ

263 4232 345 4316 αίμα
378 4237 497 4314 αίμνίον
520 4235 572 4300 καί
593 4235 717 4314 οίμνίον·
743 4235 760 4311 ἢ
786 4237 848 4302 ἀπὸ
872 4241 926 4302 τοῦ
951 4261 973 4302 οι
997 4241 1174 4316 στερητικοῦ
1197 4241 1299 4318 μορίου
1323 4239 1375 4304 καί
1401 4244 1454 4305 τοῦ

260 4345 348 4425 μένος
373 4346 390 4418 ἦ
414 4345 538 4426 ψυχικὴ
558 4343 728 4422 προθυμία,
749 4342 811 4417 ἤτοι
831 4343 971 4420 οίμένιον,
994 4345 1028 4409 τὸ
1049 4345 1203 4423 στερίσκον
1220 4349 1273 4408 τοῦ
1294 4345 1401 4432 μένους
1420 4348 1457 4412 τὸ

261 4452 332 4542 ζῷον
356 4451 408 4516 καί
432 4454 467 4516 τὸ
491 4445 575 4528 αίμα
599 4451 695 4514 αὐτοῦ
708 4449 883 4528 ’δεχόμενον
907 4450 971 4528 iiras
999 4455 1054 4527 τὴν
1079 4451 1207 4532 ζωτικὴν
1228 4450 1369 4532 δύναμιν.
1389 4453 1457 4518 ἔστι
