3232 5136
578 1297 993 1385 MONITUM.

270 1772 456 1849 Propositum
482 1771 555 1831 milri
585 1774 662 1844 eret,
697 1788 772 1848 quae
803 1770 841 1830 sd
869 1769 1026 1848 odyssum
1057 1770 1178 1848 eiusque
1210 1771 1382 1833 Soholieetes

187 1918 257 1995 poet
283 1915 375 1977 editus
402 1913 624 1975 Observationes
650 1931 729 1972 mens
752 1911 952 1974 enimedveree
972 1911 1114 1972 hebebem
1138 1912 1170 1972 in
1191 1912 1264 1972 duee
1283 1916 1381 1988 portes

184 2057 281 2120 divise
306 2057 464 2118 lectoribus
490 2056 596 2122 herum
622 2073 722 2114 rernm
749 2053 886 2115 studiosis
906 2052 1091 2140 diiudioende
1107 2053 1238 2128 tradere,
1259 2055 1381 2116 materie

186 2201 230 2262 in
250 2199 377 2278 digesti,
398 2201 434 2258 ut
453 2215 530 2287 quse
549 2195 587 2256 ed
607 2199 705 2257 textus
725 2199 844 2256 tuntum
864 2214 882 2254 e
901 2194 1050 2256 Dindorfio
1070 2195 1141 2256 olim
1163 2196 1258 2256 curati
1282 2214 1381 2258 emen-

185 2340 337 2402 dationem
362 2338 544 2416 pertinerent
568 2335 666 2400 omnie
693 2337 725 2396 in
751 2335 878 2413 priorem
897 2339 1011 2415 purtem
1031 2337 1217 2412 eoniieerem‚
1238 2337 1270 2397 in
1289 2337 1382 2398 altere

185 2501 250 2543 rem
270 2480 358 2542 eitius
378 2464 550 2559 repeterem.
592 2478 722 2556 Quippe,
742 2512 780 2523 -
803 2477 883 2556 quod
903 2478 962 2536 iem
982 2479 1068 2538 antee
1088 2497 1135 2539 me
1151 2477 1299 2539 turturum
1315 2477 1381 2556 pol-

182 2623 285 2684 lieitus
310 2641 392 2697 sum,
421 2657 458 2667 -
487 2621 553 2681 eliis
580 2619 805 2698 quamplurimis
833 2619 866 2680 in
886 2620 1028 2681 auxilium
1049 2621 1174 2697 voeatis,
1195 2622 1247 2699 qui
1268 2621 1380 2683 interes

186 2763 312 2825 eundem
330 2783 394 2824 rem
413 2763 468 2824 sibi
490 2761 672 2823 nectendam
692 2764 900 2838 susceperuut,
921 2780 985 2823 meo
1005 2763 1099 2824 Mente
1115 2763 1227 2825 Seholie
1244 2763 1380 2841 frequen·

189 2909 239 2966 ter
266 2905 329 2966 loeo
356 2923 410 2966 suo
437 2906 517 2966 mota
543 2901 580 2964 ed
600 2902 748 2982 propriam
767 2902 865 2963 sedem
884 2921 1020 2964 revoeere
1039 2903 1130 2982 etque
1149 2903 1186 2964 ed
1205 2904 1381 2982 interprete·

187 3047 302 3107 tionem
331 3045 476 3124 mieinque
501 3044 686 3106 Homerieem
713 3041 850 3105 edhibere
870 3042 966 3121 coepi,
987 3045 1020 3105 in
1041 3047 1194 3107 suetorum
1214 3047 1380 3122 historiam,

192 3187 408 3268 requietionem,
443 3187 545 3263 fldem,
580 3185 785 3248 suetonii-stem
815 3184 979 3262 inquirere,
1010 3163 1276 3264 Arietereheorum‚
1308 3188 1380 3251 Por-

189 3329 301 3410 phyrii,
329 3327 613 3408 Lexioogrephorum
641 3327 904 3392 nnimedversionee
931 3308 1066 3392 ordinere
1092 3331 1229 3409 interque
1251 3349 1283 3392 se
1303 3349 1380 3392 eom·

186 3491 313 3550 ponere,
340 3471 467 3549 denique
487 3469 530 3532 ite
550 3489 649 3550 egere,
677 3473 714 3532 ut
734 3490 836 3532 eorum
855 3473 1129 3552 grammaticorum,
1153 3473 1205 3552 qui
1225 3471 1382 3552 Odyeeenm

187 3631 309 3692 quoque
339 3613 395 3675 sibi
425 3613 628 3675 illustrandam
657 3615 861 3691 sumpserunt,
896 3613 1015 3708 historie
1041 3615 1142 3676 eritiee
1168 3633 1244 3693 quoe
1274 3614 1382 3684 dieitur

186 3756 246 3818 etsi
267 3756 399 3818 noudum
420 3756 568 3830 obsolute,
595 3758 694 3816 temen
713 3774 779 3816 mee
798 3773 916 3834 quoque
936 3774 1024 3834 opere
1044 3756 1230 3834 aliquantum
1250 3713 1382 3834 promote

187 3898 348 3959 dieeretnr.
389 3896 512 3972 Verum,
540 3899 576 3958 ut
600 3897 647 3973 fit,
676 3897 909 3959 eonieoturmum
931 3897 1080 3978 congeries
1100 3859 1178 3960 inter
1198 3897 1382 3960 scribendum

187 4043 221 4104 in
255 4043 369 4102 tentem
399 4041 514 4101 molem·
536 4040 677 4117 exerevit,
711 4039 865 4118 veniesque
896 4041 932 4101 ob
960 4060 1058 4103 ouueee
1084 4041 1165 4119 prior
1192 4041 1296 4102 heeeeo
1316 4059 1383 4120 pere

184 4183 307 4247 tamdiu
325 4182 404 4244 inter
423 4183 643 4262 typothetarum
664 4201 769 4244 munus
789 4187 904 4246 versute
924 4187 985 4258 est,
1005 4188 1041 4244 nt
1061 4204 1124 4245 rem
1145 4188 1176 4246 'et
1197 4203 1250 4262 per
1266 4203 1298 4246 se
1315 4185 1384 4246 din·

185 4325 275 4388 turni
295 4321 402 4385 leborie
421 4328 452 4386 et
471 4323 518 4385 eui
538 4324 576 4385 ob
595 4325 723 4386 meteres
744 4343 821 4386 meee
839 4325 1041 4403 oeenpetiouee
1057 4344 1118 4387 non
1134 4345 1249 4404 semper
1266 4327 1383 4388 tentum

183 4445 322 4532 tribuere
352 4467 490 4546 temporis
519 4485 638 4545 possum
667 4469 812 4545 qnantum
839 4465 974 4546 equidem
1006 4485 1159 4546 euperem,
1180 4466 1212 4527 in
1232 4467 1382 4529 infinitum
