3278 5148
188 497 358 578 Τυρρηνικῷ
387 496 525 576 πελιίγει
548 500 666 564 κεΐσίαι
689 498 853 578 λέγουσιν,
878 496 971 582 ἕτεροι
995 498 1026 564 δὲ
1051 497 1309 578 ἐκτετοπισμένην
1332 505 1381 576 νιῑ·

188 626 239 670 σοι
262 602 404 683 λέγουσιν
427 625 466 672 ex
489 603 532 684 'l';
558 606 688 672 tandem
714 631 732 672 κ
759 604 842 673 189:
867 607 901 672 ἐκ
925 604 1039 672 τούτοιν
1069 607 1183 691 (immo
1207 606 1285 672 κὶκ
1314 603 1382 672 τοιί·

191 733 260 777 των.
291 710 347 777 afr.
378 713 395 778 δ
420 711 498 798 556)
522 713 553 778 ll
577 712 817 793 ἐκτετοπισμένη
842 716 992 795 Φαίνεται
1018 715 1034 790 si
1060 714 1167 790 πλοίνη
1191 718 1245 780 τοῦ
1270 713 1382 780 'olva-

190 839 277 890 σεοις.
310 816 417 904 (BQ'I')
450 818 617 905 Nusquam
643 825 709 886 tam
732 841 878 906 perversa
902 823 1096 887 constructio
1119 822 1261 888 cernitur
1284 839 1381 906 quam

192 945 228 990 aa
253 929 315 1003 est,
343 945 406 1010 qua
428 931 571 992 nostrum
596 925 703 993 locum
726 926 861 994 liberare
885 932 1016 994 conatus
1036 947 1121 993 sum.
1167 925 1238 994 Hoc
1257 945 1382 1012 quoque

191 1051 254 1096 non
296 1029 412 1098 inutile
454 1034 515 1098 erit
556 1032 741 1118 admouere,
784 1036 919 1100 verbum
956 1033 1125 1116 ἐκτιτίζειν
1160 1036 1258 1100 utiam
1294 1041 1384 1098 extra

193 1140 443 1224 grammatiaum
474 1159 570 1204 usum
602 1141 636 1204 in
665 1141 781 1206 nostris
805 1139 973 1227 aliquoties
995 1143 1142 1228 reperiri,
1166 1162 1198 1208 v.
1213 1161 1241 1206 ο.
1265 1163 1281 1205 ε
1304 1137 1382 1217 286,

192 1244 248 1309 ubi
283 1241 427 1328 Neptuni
459 1245 573 1312 verba:
609 1245 630 1312 ὦ
667 1245 769 1323 πίποι,
804 1242 822 1321 ἦ
852 1245 945 1325 μιίλα
977 1249 1013 1324 δη
1044 1245 1299 1327 μετεβούλευσαν
1324 1248 1382 1312 θεοί

191 1346 296 1422 ἄλλος
319 1353 353 1414 in
376 1349 403 1414 B
427 1353 472 1417 sia
494 1352 678 1438 paraphrasi
702 1354 892 1420 redduntur:
921 1356 962 1427 είς
987 1355 1022 1420 τὸ
1046 1362 1192 1430 νοστῆσαι
1226 1354 1382 1431 δηλονότι,

193 1457 258 1522 ἐπεί
283 1457 439 1522 σννέίεντί
462 1481 514 1534 μοι
534 1464 640 1524 τοῦτον
665 1459 898 1526 ἐκτοτίσαι.
921 1461 1011 1528 Hauc
1023 1461 1190 1528 sufficiant.
1215 1460 1383 1527 Praeterea

191 1566 225 1629 in
260 1562 382 1629 scholio
413 1570 519 1631 nostro
548 1565 752 1632 scribendum
783 1588 868 1633 assa:
893 1569 919 1632 εί
943 1568 1007 1647 γὰρ
1030 1569 1075 1646 μη
1098 1569 1161 1633 alul
1186 1568 1382 1639 Μακεδονίας

194 1671 207 1735 ί
238 1669 301 1742 &sla
337 1669 513 1756 ἐξώρμα,
545 1707 599 1722 --
630 1675 683 1738 οὐκ
714 1671 752 1738 ἂν
781 1675 898 1749 πολλὴν
921 1674 1130 1754 exaltasset
1153 1671 1206 1746 ἕως
1233 1673 1305 1761 (ἂν)
1330 1707 1384 1723 --

194 1775 411 1858 παραγένηται
435 1774 503 1862 (ἕως
526 1781 736 1860 παραγίνεται
760 1786 809 1846 ast
831 1783 865 1846 iu
887 1780 939 1869 P),
964 1782 1020 1847 vix
1044 1786 1092 1849 eat
1115 1781 1199 1868 quod
1222 1800 1382 1849 moneam.

240 2014 273 2075 ι,
297 1989 351 2056 81.
376 1990 556 2058 Mamurius
579 1991 737 2079 Calypsus
760 1997 888 2058 antrum
913 1993 1049 2076 intrans,
1074 1991 1138 2060 οὐδ’
1160 1991 1209 2073 ἄρ’
1223 1992 1384 2069 ὀδοσσιῑιι

194 2099 400 2180 μεγαλήτορα
436 2096 514 2164 ἔνδον
550 2097 691 2174 ἔτετμεν.
737 2096 789 2163 Ad
823 2098 908 2164 huuc
941 2119 1070 2166 versum
1102 2100 1135 2165 in
1165 2098 1283 2182 HPQT
1307 2101 1385 2166 haec

194 2206 391 2270 rata-untur:
423 2203 512 2286 ἑτίρα
543 2205 574 2270 δὲ
606 2206 749 2276 ἐπίτασις
781 2213 836 2280 τῆς
867 2205 1040 2277 Ὀδυσσέως
1064 2206 1270 2290 ἐγκρατείας,
1294 2207 1323 2272 εί
1344 2230 1384 2286 γε

195 2312 237 2377 τα
273 2308 366 2385 οὕτως
401 2312 557 2390 ἐπαγωγὰ
595 2319 725 2397 περιορᾷ.
761 2311 837 2378 ἐοικε
868 2313 900 2378 δέ
924 2313 938 2377 ί
962 2314 1088 2388 ποιητίης
1113 2313 1165 2395 ἐφ’
1189 2313 1289 2395 ἐαυτῷ
1322 2313 1386 2377 ίπι-

194 2416 411 2500 Φίίγξασίαι,
444 2420 482 2492 alc
519 2417 584 2508 [τί]
620 2424 752 2486 τοιοῦτον
784 2416 975 2491 ἁνατλοίσιις
999 2419 1106 2500 χωρίον
1131 2421 1173 2501 τῷ
1198 2419 1282 2500 λίγιρ
1306 2415 1385 2484 ὥστε

195 2533 318 2607 κρατεῖν
351 2526 403 2592 καί
436 2526 506 2592 ίειῖιν
534 2524 645 2610 ὅψεως.
670 2525 719 2591 δύο
745 2526 777 2590 δέ
798 2526 900 2605 τρίτοι
924 2526 1110 2606 ἐμφάσεως,
1136 2528 1151 2590 ί
1174 2526 1385 2604 uirilitatis

195 2631 266 2696 καθ’
291 2627 420 2698 ἕκαστον
445 2630 694 2714 ἐπεξεργασίας,
721 2633 734 2698 ί
758 2633 788 2698 ll
815 2632 866 2698 διὰ
887 2637 940 2698 τοῦ
962 2630 1240 2715 σιιμπεριίσματος.
1264 2631 1387 2720 Magna

195 2740 229 2805 in
252 2739 302 2804 his
325 2743 466 2806 cernitur
487 2739 629 2808 confusio
653 2761 773 2826 ‚usqua
796 2760 833 2806 aa
856 2761 905 2806 ras
926 2739 1160 2806 Buttmannum
1184 2739 1300 2806 fefellit
1320 2759 1387 2805 mo·

195 2852 341 2914 nautam:
368 2847 463 2926 „inda
485 2848 525 2914 ab
549 2847 600 2912 his
627 2848 733 2914 vorbis
755 2845 842 2933 (ἔοικε
865 2847 897 2913 δὲ
917 2853 1003 2930 κτλ.)
1021 2847 1081 2914 hoa
1100 2846 1243 2914 scholion
1262 2851 1388 2932 speatat

194 2955 301 3040 potius
332 2953 372 3020 ad
403 2976 450 3022 aa.
478 2953 552 3020 75.”
575 2953 634 3020 Vel
658 2957 764 3040 aptius
788 2954 895 3021 omnia
918 2957 1040 3042 priora,
1068 2953 1154 3042 (iuda
1178 2954 1219 3019 ab
1241 2953 1331 3034 ἐτίρα
1353 2953 1387 3019 δὲ

197 3061 340 3134 ἐπίτασις
365 3081 465 3147 usqua
488 3061 528 3127 ad
551 3061 604 3126 καί
629 3063 699 3126 θεῶν
723 3060 852 3148 ὄψεως),
877 3061 1039 3128 referenda
1062 3081 1172 3126 caussa
1196 3061 1236 3126 ad
1260 3081 1323 3128 vsa.
1345 3057 1389 3125 73

197 3173 229 3236 at
254 3167 315 3236 74:
348 3165 419 3232 ἐνία
442 3168 471 3232 κ’
496 3167 606 3234 ίιτειτα
630 3170 682 3233 καί
708 3167 862 3242 οίίοίνατίς
888 3192 944 3249 περ
966 3167 1291 3255 ἐπελίιίνίΙίηησαιτο
1323 3167 1389 3232 ἰδὼν
1516 3217 1530 3248 a

196 3274 249 3341 καί
274 3275 417 3356 τερφθείη
440 3275 548 3355 Φρεσίν
569 3272 643 3358 ᾖσιν.
669 3273 901 3363 Corrigendum
921 3279 1100 3360 praeterea:
1123 3273 1151 3340 εί
1171 3299 1211 3353 γε
1231 3275 1274 3340 τοὶ
1294 3272 1388 3346 οὕτως

198 3383 356 3461 ἐπαγωγὰ
389 3385 582 3466 ’ΤΠΕΡιρρῖ,
614 3389 646 3448 at
670 3383 884 3468 adstipulante
907 3380 934 3447 Τ
959 3380 1114 3447 articulus
1137 3381 1172 3447 τὸ
1196 3389 1268 3448 anta
1294 3387 1391 3448 τοιοῦ·

197 3513 248 3556 τοι
280 3489 493 3574 expellendus.
543 3489 667 3556 Ultima
696 3489 831 3575 danique
860 3509 922 3555 non
954 3490 1060 3576 magis
1092 3489 1131 3554 ad
1154 3509 1200 3555 vs.
1227 3487 1267 3552 81
1296 3490 1392 3574 parti·

197 3603 274 3664 nent
308 3596 362 3663 sed
398 3596 437 3662 ad
474 3617 521 3664 τε.
546 3594 608 3666 83;
640 3597 765 3678 διίκριισι
799 3595 851 3659 καὶ
883 3605 1055 3679 στοναχῇσι
1080 3595 1132 3660 καὶ
1157 3593 1273 3673 ι’ίλγεσι
1299 3594 1390 3674 θυμὸν

198 3702 337 3786 ε’ρέχίων.
385 3701 458 3769 Hua
483 3709 609 3768 tantum
634 3699 777 3788 spactant
800 3701 874 3768 illa:
900 3702 951 3768 δύο
976 3701 1007 3766 ll
1031 3703 1135 3782 τρίτοι
1159 3699 1350 3782 ἐμφάσεως,
1375 3701 1390 3766 ί

198 3811 255 3892 μέν
280 3811 330 3878 διίι
355 3817 410 3886 της
436 3813 504 3876 καί·
527 3807 657 3876 ἕκαστον
682 3808 929 3894 ἐπεξεργασίας,
955 3809 969 3876 ί
993 3810 1030 3874 δὲ
1056 3809 1121 3875 διὰ
1146 3813 1213 3874 τοῦ
1238 3831 1283 3874 av
1292 3832 1391 3888 μπε·

198 3917 419 4000 ράσματος

239 4133 332 4200 Idam
364 4131 572 4200 iudicandum
601 4132 640 4197 de
671 4130 731 4210 iis,
763 4151 843 4216 quaa
875 4149 929 4216 per
960 4128 1088 4196 solenne
1112 4127 1194 4195 illud
1217 4127 1324 4203 ἄλλος
1350 4151 1390 4194 ax

197 4241 286 4322 HPQ
311 4242 421 4306 atatim
446 4239 702 4327 subiunguntur:
725 4237 768 4302 σί
793 4239 864 4315 μὲν
887 4239 931 4308 είς
956 4235 990 4300 τὸ
1015 4237 1192 4318 περιπαίές,
1212 4230 1392 4309 οἷοςὈδνσ-

197 4350 268 4421 σοὺς
292 4349 321 4411 ἐν
346 4355 384 4430 τῇ
408 4350 485 4427 νήσῳ
510 4345 741 4424 οίτειλημμένος
766 4344 817 4408 καί
843 4344 1025 4426 διημερεύων
1046 4345 1095 4410 ἐπί
1116 4353 1155 4428 τῇ
1177 4344 1266 4426 ainai.
1289 4350 1391 4430 σιοιπρῖ

197 4455 228 4522 δέ
265 4459 318 4521 τοῦ
354 4457 522 4536 εὐπρεποῦς
558 4453 670 4537 χοίριν·
706 4453 835 4534 οὖ’γι“ιρ
866 4451 925 4518 ἔδει
959 4453 1048 4534 περὶ
1073 4455 1142 4517 τοῦ
1167 4451 1313 4532 παρίντος
1338 4455 1392 4517 τοῦ
