3330 5144
725 411 729 417 ,
763 331 831 401 253

202 523 369 608 ἐρθσσοσιν,
406 529 444 590 ut
479 527 543 592 sint
577 527 678 592 instar
713 527 876 610 omnium,
911 525 1096 612 notavitque
1131 504 1270 594 hrsvitor
1307 528 1392 596 huno

202 633 466 718 praestantissimi
495 634 700 720 grammatici
732 652 871 699 errorem
902 632 1008 699 dicem
1034 653 1074 698 an
1099 652 1219 699 morem
1242 633 1396 700 hehrsius'

200 741 241 828 in
258 738 458 813 Aristarcho,
484 760 514 824 p.
537 737 603 804 300
623 759 687 804 sec
705 736 752 804 ed.
776 738 818 804 Iit
838 740 883 804 sic
902 759 992 821 spero
1011 759 1066 806 me¹
1084 739 1265 824 opinionem
1286 759 1392 806 meam

201 847 349 931 inprimis
382 847 446 931 ipsi
479 845 598 911 Ooheto
632 846 710 910 satis
725 845 905 930 probasse,
939 850 992 911 σοῦ
1024 844 1088 926 γὰρ
1114 846 1130 919 ή
1153 845 1259 926 κρίσις.
1305 846 1393 913 Illud

201 952 303 1017 obiter
337 950 435 1035 addo,
467 951 610 1018 eiusdem
644 951 709 1017 fere
744 951 864 1018 formae
896 952 1167 1027 observationem,
1204 990 1246 1002 -
1277 954 1391 1019 itidem

200 1057 373 1124 Aristonici
410 1061 608 1143 putaverim,
633 1096 674 1108 -
691 1056 765 1145 degi
794 1058 834 1123 sd
864 1072 885 1122 λ
919 1056 999 1124 182:
1029 1055 1142 1138 θίζυραί
1176 1057 1208 1123 u
1234 1061 1260 1124 σῖ
1296 1061 1381 1147 sirii!

200 1165 354 1246 φθίνουσιν
388 1167 494 1237 νύκτες
526 1188 562 1229 σε
591 1163 641 1228 καί
674 1164 785 1240 ήματα
818 1165 1046 1248 δακρυχεούση,
1078 1167 1234 1231 sincerem
1257 1168 1290 1231 in
1315 1166 1388 1232 BT:

200 1275 233 1338 οὐ
266 1271 316 1338 διὰ
346 1273 415 1344 τοὺς
446 1279 639 1352 μνηστῆρας·
671 1271 774 1337 odero
799 1272 875 1350 γαρ
899 1267 1002 1345 ἦσαν
1024 1255 1276 1350 ἐσιθίμενοθ·
1302 1275 1392 1339 σίλλθι

201 1379 252 1444 νε
285 1376 335 1456 σε,
359 1379 583 1470 ‘corrigendam
615 1361 649 1443 ιε’
680 1377 724 1443 νε
749 1381 809 1460 cp
834 1377 891 1443 ισι
915 1377 1092 1457 μνηστήρων
1116 1379 1305 1461 epicopatu·
1331 1383 1392 1448 oc-

203 1485 348 1552 δθσοσε
381 1488 446 1566 γὰρ
479 1488 505 1551 οἱ
541 1492 729 1567 μνηστῆρες,
762 1482 793 1549 οῖ
818 1508 858 1563 γε
890 1485 976 1562 μετὰ
1007 1485 1145 1567 τέσσαρα
1170 1485 1223 1559 ἔση
1248 1487 1390 1552 ἐσίασιν·

203 1592 292 1657 σίλλθι
331 1592 364 1657 σὲ
399 1591 541 1674 ζησοθση.
593 1591 666 1658 Non
697 1591 793 1666 dicit,
823 1613 973 1677 αναρνοιιι
1003 1612 1111 1677 procos
1145 1593 1300 1671 adfuisse,
1337 1594 1393 1660 sed

202 1701 347 1782 αοαθσνισ,
379 1706 568 1785 quapropter
593 1720 713 1765 verum
735 1699 812 1764 erit:
847 1698 1003 1764 οὐδέπω
1036 1699 1099 1780 γὰρ
1132 1695 1244 1784 (ήσασ
1267 1701 1342 1787 ins.)
1365 1701 1391 1765 σί

192 1813 380 1886 μνηστῆρες,
404 1804 565 1890 simulque
594 1808 628 1870 in
659 1804 752 1870 initio
784 1804 940 1870 articulus
975 1804 1061 1872 male
1096 1804 1201 1872 dcist:
1237 1808 1298 1886 οὐχ
1334 1806 1391 1871 ὑπὸ

201 1915 300 2002 (σῶν)
323 1915 499 1993 μνηστήρων
522 1910 703 1996 θχλονμίνη.
729 1949 770 1962 -
796 1910 902 1978 Semel
925 1913 969 1988 μή
995 1932 1156 1996 superesse
1181 1912 1392 1998 deprehendi,

201 2023 240 2089 od
272 2045 296 2085 σο
321 2020 379 2088 77:
412 2017 508 2095 ’δόξαν
540 2021 603 2100 γθιρ
633 2028 704 2092 ταῖς
728 2020 866 2098 σίγαθαῖς
892 2013 1027 2098 ἔφερον
1051 2019 1085 2084 σί
1110 2018 1215 2083 πολλὰ
1241 2019 1314 2099 ὑπὲρ
1337 2024 1392 2085 τοῦ

201 2131 252 2206 μή
275 2127 455 2206 γαμηθῆναι
478 2125 602 2203 λαβεῖν.
623 2125 688 2210 ’(Η)
714 2124 996 2192 Considercntibus
1018 2125 1225 2210 paraphrasin
1249 2143 1316 2190 esse
1335 2125 1392 2190 od:

293 2237 309 2311 ή
337 2233 392 2312 ήῖη
417 2231 476 2321 ἅμ’
499 2215 820 2318 ἕσηταιήΡοιιθίορθ)
845 2235 985 2313 Ἀχαιῶν
1009 2229 1092 2303 ὅστις
1116 2231 1238 2310 ἄριστος

293 2345 412 2421 μνᾶται
437 2340 478 2404 ἑνί
503 2339 683 2422 μεγθροισιν
707 2329 779 2420 otrih
803 2340 872 2404 καί
898 2347 1081 2404 σλεῖσσα
1106 2339 1288 2418 πθρησιν,

202 2470 265 2516 non
294 2448 429 2542 dubium
462 2445 624 2512 videbitur
651 2445 823 2532 legendum
848 2463 932 2510 esse:
954 2442 1046 2520 δόξαν
1070 2445 1133 2525 γαρ
1158 2451 1228 2518 σαῖς
1253 2445 1392 2522 οὶγαθαῖρ

204 2555 336 2637 ἔφερΕΝ
360 2554 394 2620 σθ
417 2551 523 2620 πολλοὶ
549 2552 643 2632 ὑπὲρ
667 2556 735 2616 τοῦ
758 2551 996 2629 γαμηθῆναι
1020 2550 1145 2629 λαβεῖν.

248 2768 350 2835 Affine
384 2769 436 2834 his
471 2769 589 2833 vitium
626 2770 673 2833 est
705 2764 845 2832 confusio
875 2787 938 2832 non
966 2766 1148 2852 infrequens
1177 2765 1261 2831 inter
1292 2767 1325 2831 σθ
1362 2768 1396 2830 et

203 2871 296 2948 οὕτως
327 2874 380 2942 vel
411 2869 512 2958 οὗτος,
543 2879 638 2959 etque
660 2873 724 2951 ita,
748 2877 785 2937 ut
808 2876 934 2958 saepius
956 2875 1084 2960 negotio
1106 2871 1234 2961 legetur
1257 2893 1314 2958 pro
1338 2873 1394 2938 ds·

203 2981 432 3065 monstratum,
462 2982 624 3046 rarissime
649 2983 774 3063 contra,
798 2979 890 3050 cuius
914 2989 1021 3046 tomen
1044 2999 1144 3044 unum
1170 2977 1253 3045 olim*
1274 2980 1307 3044 in
1331 2977 1396 3046 Ob·

204 3093 333 3154 servatt.
363 3109 395 3173 p.
510 3089 692 3151 notavimus
723 3084 925 3170 exemplum,
953 3085 991 3150 ad
1015 3079 1031 3149 δ
1059 3083 1141 3163 199,
1166 3086 1223 3150 ubi
1246 3086 1396 3152 omnihus

204 3195 288 3281 apud
323 3192 510 3260 Menelaum
539 3194 573 3257 in
604 3191 752 3258 lacrimas
783 3193 943 3258 conversis
965 3213 1048 3257 unns
1072 3191 1260 3258 Pisistratus
1283 3192 1396 3258 suadet

204 3309 242 3368 ut
263 3300 368 3367 luctui
391 3298 487 3367 finem
510 3299 686 3384 imponant.
733 3298 782 3364 De
805 3299 865 3364 hoc
888 3300 991 3386 igitur
1018 3299 1138 3366 scholia
1161 3299 1194 3364 in
1219 3298 1264 3380 Q:
1290 3298 1396 3376 δαιμο-

206 3412 271 3480 νίως
292 3407 403 3479 οὗτος
428 3414 626 3484 γνωμολογεῖ
646 3405 712 3486 cepi
736 3404 859 3472 ποίησαν
883 3400 928 3470 ὅτι
954 3406 986 3471 οὖ
1011 3407 1072 3486 xri
1096 3405 1227 3484 κλαίειν,
1249 3404 1337 3470 οῖλλθο
1361 3406 1395 3470 σί

205 3516 276 3582 ἴδιον
307 3515 404 3585 acidos
436 3511 593 3591 ἐξήνεγκε.
640 3512 710 3594 Quo
740 3511 809 3578 loco
834 3531 928 3578 nemo
952 3512 1084 3600 negabit
1107 3533 1222 3579 verum
1245 3531 1330 3595 esse,
1355 3510 1396 3576 cd

206 3629 404 3701 γνωμολογεῖ
438 3653 456 3670 ·
471 3659 491 3670 ·-
505 3655 525 3670 ··
561 3620 648 3684 ἀλλὰ
685 3615 840 3698 ἐξήνεγκε.
888 3617 1042 3684 Eiusdem
1072 3620 1198 3706 generis
1226 3638 1309 3684 nuno
1333 3616 1397 3684 alia

206 3728 360 3815 quaedam
382 3727 529 3813 exempla
549 3728 724 3814 insigniora
745 3747 935 3812 proponam,
956 3728 1074 3792 iterum
1095 3725 1134 3792 sb
1155 3746 1218 3792 uno
1239 3746 1278 3792 ex
1290 3724 1398 3792 Iliacis

207 3834 344 3902 Scholiis
376 3834 445 3902 loco
478 3834 571 3900 initio
602 3834 685 3900 scoth
703 3835 840 3921 fortasse
863 3832 922 3898 hoc
946 3833 1039 3898 modo
1061 3834 1095 3896 in
1119 3834 1283 3920 integrum
1308 3833 1399 3898 resti-

208 3943 335 4008 tuendo.
382 3941 486 4006 Locus
519 3961 614 4025 quem
648 3939 718 4006 dico
747 3939 924 4005 Herodioni
948 3944 996 4005 esi
1020 3938 1059 4004 sd
1082 3948 1116 4004 M
1147 3937 1202 4004 26.
1248 3938 1398 4006 Describe

208 4048 479 4136 quemadmodum
524 4046 608 4131 apud
648 4044 851 4112 Dindorfium
891 4045 1013 4112 editur:
1056 4044 1211 4111 θλίσλοαι
1254 4045 1309 4119 σήν
1350 4059 1401 4124 λι,

207 4157 309 4239 φασί,
346 4152 511 4231 συλλαβήν
546 4149 755 4228 θξυτονησέον·
792 4151 878 4218 κασία
908 4151 971 4233 γὰρ
1004 4152 1104 4216 αὐτῶν
1134 4157 1192 4216 σοῖν
1223 4151 1358 4232 ἐρειπίων
1383 4154 1400 4229 ή

186 4262 289 4350 λέξις
314 4268 433 4339 κεῖται,
458 4259 529 4340 οὐχί
551 4259 593 4324 τὰ
619 4259 649 4323 ἐν
672 4267 711 4341 σή
736 4258 789 4342 θλί
814 4257 949 4324 πλέοντα
973 4259 1171 4338 σημαίνεται.
1192 4255 1284 4331 οὕτως
1305 4264 1400 4324 Ἀλε-

207 4367 277 4446 ξίοιν
309 4367 361 4448 καί
393 4369 419 4430 οῖ
448 4363 551 4432 ἄλλοι.
581 4365 669 4444 κάγὼ
695 4365 725 4431 δὲ
750 4365 1023 4444 συγκατατίθεμαι
1048 4374 1088 4448 σή
1111 4363 1280 4448 προσῳδίᾳ·
1306 4364 1400 4432 ἐκεῖνο

208 4473 271 4556 γθορ
303 4475 366 4554 ixa
399 4473 638 4556 ἀποφήνασθαι,
670 4474 708 4546 θη
742 4467 787 4538 θοι
820 4472 1011 4554 θσθσερσν
1035 4472 1105 4538 ἐὰν
1127 4470 1307 4554 οημαίνη
1330 4495 1401 4554 προ·
