3330 5144
762 351 828 428 229

199 545 238 613 de
259 547 382 638 Libyae
404 553 534 618 ovibus:
559 553 621 634 τρίς
646 554 710 633 γὰρ
734 553 832 617 τίκτει
856 561 946 630 μῆλον
970 551 1156 632 τελεσφόρον
1177 556 1219 628 είς
1241 551 1388 623 ένιοιοτόν.

198 654 250 721 nd
281 657 358 723 haec
387 659 420 724 in
451 657 524 726 HM
555 662 666 726 critica
697 665 772 725 note
795 659 930 747 legitur,
956 659 1131 727 Aristonici
1155 667 1283 746 putem:
1310 666 1387 737 τινές

199 765 323 839 γελοίοις
357 765 513 847 νροίφονσι
544 766 610 844 „tic
635 766 699 846 ρίορ
723 765 849 832 τίκτει”.
876 771 952 838 πῶς
978 767 1059 845 pap
1083 766 1162 832 ίδιό
1170 793 1185 831 ν
1209 791 1245 831 τι
1269 767 1388 847 λέγει

198 870 264 948 περὶ
296 877 354 935 τῶν
385 873 415 935 έν
446 882 484 954 τῇ
516 878 603 958 χώρᾳ
635 871 817 959 προβάντος
849 871 894 938 nt
925 873 985 938 hec
1014 876 1158 960 ineptum
1188 880 1253 958 est,
1277 895 1389 964 regare

198 977 355 1060 quomodo
384 977 551 1044 Menelaus
579 979 701 1065 aliquid
730 982 806 1046 novi
837 987 942 1044 narret
974 978 1013 1046 dc
1042 979 1138 1045 huius
1162 983 1301 1068 regionis
1323 985 1390 1048 ovi·

197 1082 272 1159 bus,
301 1121 342 1132 -
365 1091 473 1150 namot
503 1088 605 1156 enim.
634 1123 675 1134 -
700 1091 794 1171 atque
818 1087 852 1150 in
876 1087 1035 1150 nemmem
1059 1087 1181 1161 εὐνίόειοο
1204 1087 1388 1154 huiusmodi

199 1191 305 1254 minus
335 1190 420 1257 cadit
451 1211 547 1277 qnam
579 1195 613 1256 in
643 1191 877 1258 Aristarchum.
926 1194 970 1257 At
993 1213 1102 1258 sensus
1125 1195 1192 1258 sino
1216 1194 1313 1260 dubio
1335 1195 1389 1260 hic

199 1303 263 1362 est:
296 1297 453 1382 quomodo
480 1296 562 1363 illud
593 1300 641 1384 (τό
672 1298 730 1370 δίς
760 1298 886 1384 τίκτειν)
913 1301 988 1365 novi
1012 1299 1087 1384 quid
1112 1299 1234 1365 dictum
1259 1308 1332 1366 σινσό
1354 1321 1390 1366 ac

200 1402 322 1491 Libyae
345 1401 529 1492 singulare?
562 1404 776 1485 Quamobrem
800 1405 950 1494 legerim:
975 1411 1039 1480 τῶς
1065 1407 1128 1487 νίιρ
1152 1405 1211 1493 (ἂν
1232 1410 1293 1487 νίς)
1316 1405 1389 1471 ίδιόν

200 1533 228 1574 τι
254 1510 371 1589 λέροι
396 1511 541 1592 περὶτῶν
567 1513 596 1577 έν
621 1521 659 1594 τῇ
683 1513 771 1597 χοίρρι
795 1512 976 1598 apolloinem

245 1711 397 1799 Sequitur
416 1715 557 1782 scholion
577 1716 616 1782 ad
636 1715 821 1796 τελεσφόρον
845 1718 887 1789 είς
911 1717 1049 1782 ένιοοντόν
1072 1718 1106 1782 in
1127 1715 1230 1792 Q'PV:
1251 1715 1389 1781 διόλου

197 1823 395 1886 τοιοῦτοί
424 1824 498 1886 είσιν
522 1823 555 1886 μί
579 1823 688 1906 rosal,
712 1827 771 1903 οὐχ
794 1826 832 1896 ὥς
865 1825 938 1902 παρ’
963 1827 1036 1899 ἡμῖν
1061 1821 1141 1904 μόνῳ
1165 1825 1207 1903 τῷ
1234 1817 1288 1901 sicr.
1315 1821 1391 1910 [ria-

199 1929 326 2012 τινοιν]
359 1926 425 1994 Our
455 1927 537 1994 letus
568 1929 644 1992 tales
673 1930 755 2006 sint,
786 1949 849 1994 non
878 1935 926 1995 est
949 1928 1124 2022 admodum
1149 1928 1241 1994 facile
1265 1935 1391 2014 repertu

197 2053 299 2117 neque
318 2036 421 2120 magis
441 2055 497 2100 cur
516 2035 633 2099 ονιιιίιιο
656 2034 779 2120 (διόλου)
799 2034 878 2100 tales
898 2037 973 2119 sint,
986 2033 1094 2120 quales
1106 2034 1391 2123 uemoiutellcgat.

198 2136 235 2202 ln
269 2137 298 2202 V
332 2143 380 2204 est
403 2143 520 2206 ἄλλοτε
541 2139 647 2220 ἄλλοι,
669 2141 686 2218 ἢ
707 2141 805 2206 διόλου
825 2141 920 2206 οὑτοιί
944 2155 1015 2206 κτλ.
1042 2141 1214 2226 eademque
1237 2143 1334 2208 verba
1356 2145 1391 2206 in

198 2243 226 2310 r
249 2245 374 2311 adsunt.
406 2247 530 2314 Priora:
555 2246 672 2314 ἄλλοτε
694 2245 783 2314 ἄλλοι
801 2249 915 2314 itidem
935 2247 1075 2336 glossam
1097 2248 1198 2313 habeo
1221 2245 1261 2314 ad
1285 2254 1391 2314 totum

199 2373 327 2417 versum
352 2355 582 2439 pertinentem,
603 2375 665 2420 non
687 2354 858 2421 admodum
881 2361 1007 2420 acutam
1027 2353 1118 2419 illam
1140 2375 1197 2420 nec
1221 2355 1390 2432 disertam,

199 2457 312 2525 deinde
331 2459 453 2546 reliqua
477 2464 523 2527 ita
547 2466 640 2527 erunt
663 2462 867 2550 corrigenda:
892 2461 938 2526 δι’
962 2459 1053 2526 ὅλον
1077 2464 1147 2525 τοῦ
1172 2460 1391 2546 (ένι)ιιντοῦ

201 2601 242 2614 -—
266 2587 339 2632 uam
372 2568 541 2653 explicatio
573 2573 622 2633 est
650 2568 689 2632 ad
713 2568 809 2634 verba
833 2567 1018 2646 τελεσφόρον
1043 2569 1085 2640 είς
1111 2567 1245 2632 ἕνιοινσόν
1268 2588 1393 2653 voxque

200 2672 338 2738 ένιοιντοῦ
367 2673 418 2739 rel
441 2674 513 2740 ideo
536 2673 645 2739 abesse
667 2675 778 2760 nequit
803 2673 887 2761 qnod
910 2677 939 2740 ei
962 2681 1090 2741 tantrnn
1115 2681 1197 2741 recto
1220 2687 1395 2762 opponetur

200 2780 280 2861 μόνῳ
304 2781 346 2860 τῷ
371 2777 436 2858 ἦρι,
464 2819 505 2830 -
532 2779 605 2845 είσίν
630 2781 663 2846 cl
688 2785 796 2858 νονιοί,
822 2784 881 2863 οὐχ
904 2783 942 2854 ὥς
967 2787 1040 2860 παρ’
1065 2783 1139 2857 ἡμῖν
1164 2781 1244 2862 μόνῳ
1267 2784 1309 2862 τῷ
1330 2777 1392 2860 ἦρι,

199 2907 257 2952 nec
278 2887 360 2952 mihi
380 2887 527 2973 displicet
543 2887 627 2973 quod
650 2909 723 2953 cum
744 2887 772 2950 V
791 2887 1047 2977 Hamburgensia
1070 2891 1103 2953 in
1128 2890 1217 2954 exitu
1241 2889 1394 2954 τίκτουσιν

200 2995 340 3078 omittit,
370 3013 433 3060 non
464 3015 609 3081 perversa
633 2995 762 3079 quidem
787 2995 967 3074 adiectum,
992 2995 1046 3062 sed
1070 2997 1118 3061 its
1139 3003 1179 3060 ut
1201 2993 1307 3062 multo
1331 2995 1392 3062 cle-

201 3102 332 3188 gantius
355 3101 446 3168 absit.

247 3314 279 3399 t,
304 3312 358 3380 93.
382 3313 464 3382 Ecce
486 3320 604 3383 iterum
628 3319 772 3384 criticam
798 3314 977 3382 Aristmchi
1000 3338 1038 3382 ex
1061 3316 1242 3385 Aristonico
1265 3323 1391 3386 uotam:

202 3417 232 3484 έν
263 3444 340 3486 τισιν
373 3422 430 3487 ὑπὸ
462 3427 568 3490 τοῦτον
599 3425 729 3505 Φέρετνιι
753 3424 884 3504 στίχος·
912 3423 999 3502 »οὐδέ
1022 3447 1051 3490 τι
1075 3423 1279 3504 βουλόμενος,
1304 3424 1393 3490 aare

202 3537 347 3608 κρατερῆς
373 3529 424 3594 ὑπ’
448 3529 619 3610 οίνοίγκνς”,
642 3532 782 3610 γελοίοις.
807 3530 900 3601 οὐδεὶς
925 3530 1005 3612 γὰρ
1029 3531 1113 3608 μετὰ
1134 3533 1275 3609 acessus
1297 3531 1392 3597 οἱνιίσ-

201 3659 247 3700 σει
272 3637 454 3718 χρημάτων.
478 3638 512 3702 τό
536 3640 614 3717 γὰρ
639 3637 847 3720 προειρημένον
871 3637 972 3702 ίιιοινόν
996 3635 1063 3718 ἔχει
1087 3643 1163 3703 νοῦν.
1192 3639 1329 3724 (HMQ.)
1354 3637 1392 3702 In

202 3763 283 3829 qus,
310 3745 458 3829 quamvis
480 3745 533 3811 vel
564 3745 646 3832 apud
676 3751 819 3811 suctores
846 3743 1023 3832 elegantiae
1049 3746 1155 3833 magis
1182 3745 1339 3810 studiosos
1362 3746 1395 3808 in

203 3851 326 3917 duabus
351 3853 518 3918 sententiis
540 3854 613 3918 stat'
675 3875 709 3918 sa
733 3852 977 3937 exsequentibus
1001 3854 1185 3938 saepissime
1208 3850 1258 3916 bis
1281 3851 1395 3935 repeti·

201 3963 271 4022 tum
304 3959 487 4024 inveniatur
514 3959 596 4042 γάρ,
630 3966 734 4024 temen
766 3958 819 4023 hic
849 3959 1023 4024 secundum
1055 3958 1118 4038 γάρ
1150 3954 1394 4044 argumentandi

202 4063 330 4151 legibue
364 4065 524 4131 mrersari
559 4065 641 4130 mihi
676 4065 814 4130 videtur.
867 4063 939 4130 Non
974 4067 1078 4148 enim,
1114 4065 1250 4150 quoniam
1284 4081 1394 4129 versus

202 4170 390 4255 praecedens
410 4170 447 4236 ad
469 4171 659 4237 sententiam
679 4171 756 4237 satis
768 4176 816 4235 ast
828 4170 1041 4255 nsqueolium
1053 4171 1288 4256 perspicuitatis
1300 4189 1395 4234 causa

203 4280 354 4362 requirit,
388 4277 459 4343 ideo
491 4299 601 4344 versus
632 4277 688 4343 ille
719 4277 882 4343 abundans
914 4278 1041 4355 γελοίοις
1074 4277 1233 4344 abundare
1257 4277 1392 4342 dicetur.

204 4381 315 4470 ltaque
349 4404 406 4469 pro
440 4385 576 4451 secundo
610 4383 674 4465 γὰρ
709 4390 783 4450 aut:
820 4385 854 4450 τό
885 4385 923 4450 δέ
949 4384 1155 4465 προειρημένον
1179 4383 1273 4469 (καί)
1294 4384 1395 4448 ίκοινόν

205 4487 273 4572 ἔχει
306 4495 371 4556 νοῦν
407 4493 620 4576 reponendum
657 4495 722 4562 est.
750 4527 790 4540 —-
815 4491 878 4570 ριίρ
913 4497 945 4556 ct
980 4491 1011 4556 a
1046 4493 1080 4554 in
1111 4492 1226 4556 nostris
1257 4489 1296 4555 de
1325 4489 1394 4554 loco
