3232 5136
870 330 889 399 6

279 521 328 588 bis
362 543 380 588 a
410 519 575 589 Dindorfio
605 523 729 589 editum
761 529 826 602 est,
858 526 1050 590 contractius
1080 527 1113 590 in
1145 527 1237 590 textu
1270 521 1314 610 (p.
1350 517 1416 592 475
1447 515 1469 588 l.

281 629 446 714 20-24),
482 629 607 715 plenius
636 633 670 694 in
702 631 884 717 Appendice
905 634 947 717 (p.
976 629 1072 716 782),
1098 638 1270 716 utrumque
1294 651 1333 696 ax
1357 629 1394 704 Τ,
1417 632 1472 716 qui

280 733 387 803 Codex
411 734 496 802 solus
519 736 597 802 haec
619 740 767 802 servavit.
817 738 859 802 Et
882 737 1023 823 pleniora
1047 739 1191 825 quidem,
1218 735 1344 804 Codicis
1373 739 1475 824 ipsius

282 843 439 909 tractandi
462 845 658 908 occasionem
678 849 804 919 nactus,
827 847 874 910 ita
893 846 1073 930 proposuit:
1094 842 1244 923 ’λρθαιθός
1263 853 1359 923 φησιν
1376 846 1475 923 Ἦραν

282 949 554 1027 μεταβοΐιταν
590 951 659 1036 (sic)
686 951 736 1016 ἐπὶ
761 953 802 1032 τῷ
827 959 962 1031 πηρῶσαι
988 951 1079 1015 αὐτόν
1106 952 1258 1015 αἰτεῖσθαι
1282 952 1369 1031 περὶ
1397 959 1476 1030 Περ-

284 1057 414 1138 σεφόνης
444 1053 521 1120 ὥστε
555 1052 631 1121 εἶναι
666 1057 791 1122 αὑτὸν
827 1059 894 1122 καὶ
934 1056 1193 1122 ἀποθανόντα
1225 1061 1280 1131 τὴν
1311 1058 1474 1135 μαντικήν.
1587 1102 1588 1132 ,

285 1164 351 1243 περὶ
384 1171 439 1236 τῆς
471 1163 584 1242 τέχνης
616 1159 665 1228 οὖν
689 1163 778 1239 μόνον
802 1163 888 1241 λέγει
912 1163 961 1243 οἵῳ
987 1161 1160 1229 πεπνθοθαι
1184 1164 1236 1228 καὶ
1262 1165 1276 1228 ό
1301 1161 1421 1241 μόνος
1446 1163 1477 1228 δὲ

284 1268 455 1342 πέπνυται,
481 1270 556 1332 ἀλλ’
581 1269 613 1333 οὐ
639 1271 726 1349 παρόι
750 1270 785 1334 τὸ
809 1269 988 1348 προλέγειν,
1015 1268 1089 1334 αλλ’
1113 1270 1143 1334 ἒν
1167 1273 1208 1349 τῷ
1234 1270 1338 1347 λέγειν
1362 1277 1426 1342 τοῖς
1447 1272 1478 1334 ἓν

285 1373 391 1440 λθδον.
418 1376 443 1438 οἱ
466 1375 497 1440 δὲ
522 1376 613 1440 ἄλλοι
636 1375 751 1455 Φρόντις
775 1378 831 1453 μὲν
855 1373 955 1456 εἶχον,
980 1376 1092 1456 τέχνην
1117 1377 1148 1441 δὲ
1172 1377 1214 1442 οὔ.
1256 1375 1344 1456 Quae
1367 1381 1477 1441 autem

270 1472 359 1546 ¹suut
381 1483 610 1548 somniantium
635 1482 862 1566 deliramenta,
886 1485 913 1548 si
933 1482 1010 1548 haec
1029 1503 1091 1547 nou
1110 1480 1205 1548 suut?
1230 1481 1320 1562 Quod
1336 1485 1477 1548 sentiens

285 1591 331 1664 is,
365 1590 420 1674 qui
445 1587 601 1653 Dindorfii
624 1593 730 1676 gratia
753 1588 830 1654 haec
853 1588 1078 1675 descripserat,
1101 1588 1210 1674 procul
1234 1589 1332 1655 dubio
1356 1589 1395 1654 de
1418 1609 1478 1655 suo
1588 1594 1589 1644 ἲ

286 1695 374 1761 dedit
405 1694 702 1773 praetitulationem
731 1715 787 1781 pro
819 1697 1040 1780 μεταβοῐιταν,
1065 1694 1164 1761 simul
1188 1697 1341 1761 αἶτεῖτθοιι
1366 1696 1477 1774 παρόν

185 1861 191 1880 ,
287 1802 479 1882 Περσεφόνης
512 1805 633 1886 optime
664 1801 825 1888 corrigens
857 1804 1025 1887 prompt
1051 1811 1155 1882 Περι,
1188 1803 1361 1889 eademque
1384 1823 1481 1888 opera

287 1907 365 1973 ὥστε
396 1904 473 1972 εἶναι
504 1911 610 1987 αὐτῷ
642 1908 710 1973 καὶ
742 1908 988 1973 ἀποθανόντι
1020 1911 1075 1984 τὴν
1104 1909 1255 1985 μαντικήν
1280 1930 1335 1995 pro
1361 1909 1482 1974 αὐτόν

289 2015 341 2079 καὶ
366 2014 601 2099 οὶποθιινόνπα,
626 2015 753 2080 tandem
777 2017 921 2081 omissis:
946 2016 998 2079 acri
1024 2017 1038 2080 ό
1062 2015 1150 2090 μόνος
1177 2054 1218 2063 -
1235 2053 1276 2064 -
1292 2053 1332 2063 -
1357 2023 1419 2086 τοῖς
1450 2019 1482 2080 ἒν
1589 2082 1590 2112 ,

288 2120 402 2195 Alton,
427 2141 507 2206 quae
530 2121 677 2205 expedire
693 2119 783 2186 nullo
803 2121 898 2186 modo
915 2127 1046 2206 poterat
1073 2121 1266 2188 Laudandus
1285 2117 1482 2206 Dindorlius‚

290 2227 373 2312 qnod
396 2225 546 2294 Scholion
568 2229 732 2314 integrum
757 2226 856 2302 dedit,
883 2230 988 2314 magis
1011 2227 1205 2304 laudandus,
1231 2231 1259 2292 si
1283 2235 1315 2294 et
1339 2249 1421 2314 quae
1447 2231 1483 2293 in

291 2332 406 2400 Codice
438 2335 515 2399 bene
547 2333 665 2398 habent
687 2336 806 2398 rectius
830 2333 977 2420 legisset,
1002 2341 1034 2398 et
1058 2354 1139 2419 quaa
1161 2336 1227 2399 iam
1253 2334 1410 2420 probabili
1432 2355 1484 2400 ra·

293 2435 389 2508 tioue'
411 2440 579 2506 emendata
601 2441 669 2525 ipse
692 2445 912 2524 proposuerat,
937 2461 999 2506 non
1023 2449 1151 2527 propter
1174 2439 1249 2505 libri
1273 2444 1483 2527 manuscripti

290 2548 412 2615 scilicet
444 2546 538 2613 fidem
569 2550 687 2612 iterum
720 2549 918 2631 corrupisset.
965 2548 1067 2621 Nan,
1091 2547 1278 2612 Ludwiclrio
1303 2548 1480 2625 indicante,
1590 2572 1591 2620 ι

289 2656 371 2721 illud
401 2655 527 2742 quidem
552 2655 661 2719 αὐτὸν
686 2678 714 2719 ν.
742 2640 907 2718 αποθανοθ
930 2653 963 2718 in
987 2651 1102 2719 (lodice
1126 2673 1311 2737 perversum
1335 2659 1402 2739 est,
1427 2655 1482 2720 ssd

290 2782 391 2847 neque
422 2762 490 2842 περί
520 2761 635 2842 habet,
667 2779 723 2844 pro
753 2778 815 2843 quo
844 2765 892 2823 est
917 2761 1127 2824 usitatissima
1149 2757 1249 2846 sigla,
1277 2779 1339 2844 qua
1363 2763 1484 2845 pariter

292 2868 378 2948 παριθ
409 2887 444 2932 sc
476 2868 546 2944 περί
572 2865 771 2948 indicantur,
794 2885 896 2950 nsque
917 2863 1056 2931 ioculare
1080 2865 1168 2930 istud
1192 2859 1419 2944 assaliatur,
1444 2866 1484 2932 de

292 2996 354 3061 quo
377 2972 558 3042 Dindorfius
582 2971 777 3057 desperavit,
802 2993 874 3036 cum
898 2979 982 3038 recte
1006 2973 1159 3058 scriptum
1188 2973 1231 3037 sit
1255 2977 1484 3051 μεταγνοῡ-

292 3106 341 3148 σα
351 3106 383 3152 ν,
404 3100 504 3165 usque
517 3077 708 3144 vocabulum
722 3080 843 3164 optime
855 3077 1015 3145 Graccum
1029 3079 1042 3142 θ
1055 3077 1162 3156 μόνος,
1177 3099 1306 3167 proquo
1320 3079 1334 3142 θ
1348 3089 1382 3144 Μ
1393 3081 1457 3145 θνα
1469 3106 1484 3153 ς

292 3187 429 3274 praebet.
455 3185 566 3270 ltaque
583 3181 789 3250 Ludwichius
807 3191 912 3250 totum
932 3185 1038 3251 locum
1058 3187 1105 3250 ito
1124 3186 1307 3251 constituit:
1332 3187 1484 3263 ’λρθαιθθς

293 3305 387 3376 φησιν
415 3293 514 3374 Ἥραν
545 3297 838 3368 μεταγνοῦοαν
870 3292 920 3356 ἐπὶ
953 3294 995 3371 τῷ
1031 3299 1168 3371 πηρῶσαι
1205 3292 1299 3356 αὐτόν
1339 3293 1394 3373 (sc.
1431 3295 1485 3358 τόν

293 3401 468 3483 Τειρεσίαν)
502 3400 653 3463 αθτεῖοθαι
687 3399 795 3478 παραὶ
828 3399 1023 3480 Περσεφόνης
1056 3395 1134 3463 όττε
1165 3393 1243 3464 εἶναι
1276 3401 1381 3479 αὐτῷ
1414 3400 1483 3464 καὶ

293 3506 539 3574 ἀποθανόντι
571 3508 625 3580 τὴν
656 3507 817 3582 μαντικήν.
848 3505 913 3586 περὶ
947 3515 1002 3581 τῆς
1034 3506 1149 3588 τέχνης
1181 3504 1229 3572 οὖν
1261 3505 1482 3584 adsentirer·

295 3617 363 3698 ,οἵῳ
394 3612 601 3680 πεπνῦσθαι.”
631 3614 682 3677 xci
717 3612 730 3676 ό
762 3613 864 3684 Μθνιος
897 3613 929 3678 δὲ
961 3612 1132 3696 πέπνυται,
1158 3615 1233 3678 ἀλλ’
1257 3614 1289 3678 cd
1315 3613 1422 3691 παρόι
1448 3615 1484 3678 τὸ

292 3722 474 3805 προλέγειν,
510 3721 584 3784 ἀλλ’
620 3720 650 3783 ἒν
685 3721 726 3800 τῷ
757 3715 943 3804 λόγειν(θ)
975 3727 1036 3791 τοῖς
1069 3721 1099 3784 ἕν
1130 3717 1235 3785 Αἴδου.
1271 3722 1295 3784 ol
1330 3719 1360 3784 δὲ
1391 3717 1485 3785 ἄλλοι

293 3833 407 3915 φρένας
430 3829 487 3908 μὲν
511 3823 612 3908 εἶχεν,
635 3827 748 3908 τέχνην
773 3825 805 3890 δὲ
829 3825 872 3890 οὔ.
907 3823 974 3893 Iam
1000 3828 1157 3894 sententia
1180 3824 1353 3914 probabilis
1378 3847 1483 3892 omer-

292 3959 367 4028 gere
391 3937 507 4020 coepit,
537 3954 594 3998 nec
618 3939 724 3997 tamen
749 3932 842 4018 plane
864 3932 921 3997 lux
940 3933 1023 3999 facta
1046 3941 1103 3998 est.
1151 3933 1284 3999 Rectam
1308 3934 1394 3998 enim
1418 3932 1484 3999 duo

293 4049 389 4118 vitia,
425 4061 505 4128 quae
540 4040 678 4106 diductis
710 4039 812 4103 literis
843 4037 1039 4126 significavi,
1070 4038 1206 4104 alterum
1239 4040 1277 4104 ad
1301 4038 1484 4105 tollendum

291 4151 501 4230 facillimum,
538 4145 673 4212 alterum
706 4145 801 4228 paulo
831 4145 971 4232 gravius.
1019 4144 1082 4226 Qui
1113 4145 1312 4212 Dindorfium
1346 4147 1413 4227 περὶ
1438 4148 1484 4214 le-

292 4264 421 4345 gentem
452 4255 508 4319 ubi
540 4257 663 4338 oportet
694 4250 780 4329 παρὰ
806 4271 863 4316 suo
886 4252 955 4316 iure
978 4253 1135 4338 increpuit
1158 4252 1365 4318 Ludwiohius
1389 4253 1484 4321 facile

292 4363 373 4429 mihi
396 4362 503 4436 dabit,
529 4357 624 4444 paulo
645 4365 716 4442 post
739 4378 801 4423 non
825 4358 1026 4423 retinendum
1046 4379 1131 4424 esse:
1159 4361 1230 4424 aar·
1255 4361 1287 4424 οὐ
1312 4361 1422 4440 παρὰ
1448 4361 1484 4426 τό

291 4468 468 4556 προλέγειν,
493 4465 577 4553 quod
602 4470 708 4530 tamen
733 4466 876 4547 retinuit,
896 4463 949 4530 sed
970 4465 1220 4530 rescribendum:
1241 4467 1315 4531 etan*
1336 4467 1369 4531 ιθ
1390 4467 1483 4550 περὶ
