3330 5144
881 273 945 342 196

317 467 411 557 plane
446 465 543 534 sliam
576 487 643 532 esse
673 471 705 532 et
736 467 1004 533 constructionem
1035 473 1068 532 et
1098 469 1272 552 rationem,
1296 471 1405 555 itaque
1424 467 1508 534 nihil

316 575 456 642 conferre
492 574 532 640 ad
564 571 788 638 stabiliendam
817 575 1113 657 interpretationem
1130 565 1132 570 ’
1149 576 1217 639 sine
1248 575 1345 641 dubio
1377 575 1507 652 taleam,

314 682 370 748 ssd
393 682 471 746 satia
492 679 616 746 habebo
640 679 852 744 demonstrare
876 679 938 744 duo
964 680 1123 746 scribendi
1146 683 1228 746 vitia
1250 681 1372 748 scholio
1395 684 1508 748 inesse.

316 787 441 872 Nempe
471 795 510 866 τῇ
539 784 652 865 Ἑλένη
676 805 805 870 prorsus
828 788 1004 852 sententiae
1029 787 1130 852 tenori
1154 794 1328 877 repugnat,
1351 791 1415 854 nisi
1437 791 1510 873 quis

316 898 426 980 putet:
461 893 540 975 „hac
571 893 658 958 enim
682 912 715 957 re
739 891 863 958 Helena
888 891 940 958 vel
963 895 997 957 in
1022 896 1237 980 suspicionem
1261 895 1454 961 insidiarum
1477 900 1510 961 et

316 999 505 1088 proditionis
534 995 706 1074 venisset‚”
736 997 796 1064 hoc
825 994 945 1064 Graece
969 1001 1016 1065 ita
1040 999 1177 1086 exprimi
1201 1021 1306 1086 posse:
1332 1005 1422 1066 τοῦτο
1444 1001 1508 1080 γὰρ

317 1109 370 1172 καί
408 1104 567 1186 προδοσίας
600 1103 736 1185 ὑποψίαν
768 1111 902 1184 παρεῖχε
934 1113 980 1185 τῇ
1013 1106 1162 1185 Ἑλένη.
1210 1105 1316 1172 Immo
1346 1126 1422 1172 vero
1445 1114 1508 1178 τοῖς

315 1213 452 1293 Τρωσίν,
489 1214 516 1278 si
547 1212 625 1298 quid
655 1210 816 1276 adiectum
850 1216 1026 1296 oporteret,
1059 1217 1116 1280 aut
1140 1213 1269 1293 τούτῳ
1294 1249 1314 1262 -
1330 1247 1348 1262 ·
1373 1215 1509 1293 ὑποψίαν

317 1327 521 1401 παρεῖχεν
556 1319 573 1392 ἡ
610 1315 759 1391 Ἑλένη.
807 1316 869 1383 Sed
903 1323 1042 1403 praestat
1078 1340 1258 1408 expungere
1292 1341 1407 1387 nomen
1440 1340 1509 1405 prc-

315 1429 439 1514 prium‚
469 1430 507 1490 ut
540 1426 722 1509 saepissime
754 1425 799 1488 sic
822 1445 906 1490 nunc
929 1444 1026 1510 prava
1049 1425 1218 1493 sedulitate
1241 1432 1439 1512 praepostere
1462 1429 1509 1491 in-

317 1540 449 1600 sertum.
497 1531 569 1598 Non
601 1535 709 1596 tamen
739 1532 785 1596 ita
817 1530 996 1599 emendatio
1028 1532 1169 1617 perfecta
1202 1538 1267 1618 est,
1305 1553 1378 1599 nam
1418 1538 1508 1598 τοῦτο

316 1641 380 1720 γαρ
414 1638 465 1703 καί
498 1637 660 1717 προδοσίας
694 1635 830 1714 ὑποψίαν
860 1637 933 1722 (οὑν)
960 1647 1127 1724 παρεῖχεν,
1152 1639 1180 1703 εί
1202 1664 1243 1717 γε
1379 1641 1413 1705 οὑ
1434 1639 1507 1707 σὺτε

234 1835 238 1842 ι
318 1746 485 1828 ἐμήνυσεν,
513 1741 589 1809 ἀλλ’
622 1742 762 1818 ἐπίτηδες
794 1743 887 1808 αὑτὸν
911 1745 1090 1823 περιέσωσεν
1113 1748 1159 1811 sio
1182 1745 1314 1812 demum
1338 1753 1422 1813 recte
1445 1745 1510 1813 dio·

319 1859 390 1919 tum
413 1853 486 1920 erit.

362 2065 396 2150 ὑ,
424 2062 502 2131 258.
528 2045 657 2130 ¹Multo
698 2065 796 2130 etiam
831 2064 1000 2146 molestius
1034 2064 1121 2132 idern
1142 2083 1272 2134 ¹nomeu
1305 2069 1436 2153 irrepsit
1474 2071 1509 2133 in

226 2251 240 2270 ⁶
315 2173 458 2240 scholion
490 2171 529 2238 ad
561 2190 689 2236 versum
722 2173 985 2237 vexatissimum:
1018 2171 1152 2244 πολλοὺς
1183 2171 1213 2238 δὲ
1246 2172 1355 2251 Τροίαν
1386 2175 1507 2247 κτείνας

432 2274 504 2353 clads
526 2279 598 2355 μετ’
622 2277 798 2357 Ἀργείους,
823 2279 991 2352 καὶδὲ
1015 2280 1155 2358 Φρίννν
1179 2279 1316 2358 ἤγαγε
1345 2283 1509 2357 notaris.

316 2386 464 2454 Scholion
496 2386 536 2452 ad
567 2383 645 2450 haec
675 2386 723 2449 ita
751 2391 939 2471 conceptum
969 2385 1091 2472 legitur
1120 2386 1155 2450 in
1177 2385 1255 2452 MV:
1281 2387 1510 2469 καταφρόνησον

317 2498 417 2560 αὑτῶν
453 2493 595 2576 ἤγαγεν,
631 2491 788 2556 ποντὲσπνν
821 2492 837 2566 ἢ
871 2493 965 2562 αὑτὸς
996 2492 1208 2572 κατεφρόνησε
1240 2492 1312 2558 τίσε
1344 2497 1464 2571 αὑτῶν,
1491 2495 1508 2568 ἢ

314 2603 385 2675 reite
412 2598 572 2674 Ἕλληνας
602 2597 740 2669 ἐποίησεν
772 2601 874 2664 αὑτῶν
905 2605 1140 2678 καταφρονῆσαι
1169 2598 1207 2664 ὃν*
1231 2597 1269 2665 ὧν
1294 2597 1413 2666 ἔπεισεν
1438 2601 1511 2687 [πίον

313 2709 467 2795 Ἐλίνην].
490 2707 508 2782 ἢ
532 2704 703 2788 Φρονίσεονς
727 2706 852 2787 ὑπείρον
877 2705 976 2786 {aurci
1000 2705 1150 2784 περνίίεπο
1174 2705 1267 2782 ὄνομα
1292 2713 1396 2773 ταῦτα
1421 2708 1511 2783 πονή-

316 2841 386 2889 σας.
411 2816 436 2881 oi
461 2814 491 2879 ὑί
517 2813 648 2891 νεώτερον
672 2813 775 2893 Φρίνον
798 2814 854 2886 την
877 2813 965 2876 λείαν
988 2810 1190 2888 α’πεὺίξανσο.
1214 2813 1325 2901 Itaque
1348 2814 1452 2881 effecit
1471 2823 1512 2880 ut

315 2921 428 2990 Graeci
464 2920 617 2987 Troianos
648 2920 824 2985 contemtui
853 2919 1024 2995 haberent,
1056 2918 1097 2982 iia
1125 2921 1222 2982 οονὺίο
1245 2921 1352 3006 quibus
1375 2922 1512 2986 Helenae

307 3027 469 3114 persuasit.
497 3026 567 3093 Ant
589 3029 796 3094 vehementer
817 3024 922 3102 fallor,
947 3031 1004 3090 aut
1023 3023 1144 3110 aliquid
1169 3029 1302 3092 monstri
1326 3028 1379 3094 hic
1399 3028 1509 3094 alitur.

314 3132 408 3199 Nihil
430 3132 541 3199 Ulixes
566 3132 707 3199 Helenes
732 3136 946 3218 persuaserat.
967 3119 1321 3200 —communicaverat
1344 3136 1374 3200 ei
1397 3134 1510 3201 dolum

315 3238 510 3307 Graecorum
532 3241 565 3306 in
589 3237 782 3306 aedificando
808 3257 888 3323 equo
913 3235 1039 3324 ligneo,
1065 3275 1106 3286 -
1133 3245 1165 3304 et
1188 3241 1215 3305 si
1238 3239 1291 3306 rel
1314 3243 1455 3308 maxime
1480 3246 1511 3308 ei
1583 3273 1587 3279 ·

314 3349 535 3433 persuasisset,
570 3345 726 3432 quomodo
761 3345 820 3410 hac
857 3365 890 3410 re
923 3341 1054 3410 Graecis
1077 3350 1275 3410 contemtum
1299 3346 1510 3414 Troianorum

315 3456 452 3520 excitare
482 3455 638 3540 potuisset
667 3472 768 3538 neque
799 3471 859 3538 ego
890 3450 1000 3534 video,
1031 3471 1089 3517 nec
1119 3450 1212 3517 facile
1236 3453 1318 3519 alius
1340 3457 1508 3522 invenerit.

314 3559 376 3627 Sed
406 3561 502 3626 verba
533 3562 641 3646 spuria
668 3557 743 3624 sunt
775 3563 807 3624 et
838 3558 970 3624 sortasse
999 3579 1037 3622 ex
1067 3557 1137 3630 ποὺς
1159 3554 1319 3634 Ἕλληνας
1343 3568 1508 3647 corrupta,

313 3687 393 3752 quae
428 3670 461 3731 et
495 3669 563 3752 ipsa
595 3667 623 3730 si
653 3663 798 3730 adessent
836 3667 869 3729 in
907 3666 1086 3751 marginem
1127 3671 1230 3730 essent
1266 3668 1436 3755 releganda
1471 3676 1509 3734 ut

312 3793 525 3858 supervacua,
557 3771 617 3837 etsi
648 3791 712 3838 non
745 3807 786 3820 -
819 3776 856 3835 nt
887 3771 950 3835 ista
980 3771 1035 3845 rip
1063 3770 1189 3845 Ἑλένην
1220 3811 1261 3821 -
1297 3795 1423 3859 prorsus
1454 3776 1508 3842 ab·

312 3879 417 3946 surda.
464 3877 584 3944 Eiectis
623 3879 663 3944 iis
698 3876 776 3943 haec
810 3879 967 3943 sententia
1002 3877 1124 3942 eradit:
1164 3877 1267 3945 effecit
1302 3879 1432 3967 Ulixes,
1469 3889 1508 3948 ut

313 3984 426 4056 Graeci
456 3983 666 4053 Troianorum
697 3985 780 4048 vires
812 3988 1069 4058 contemnerent,
1102 3984 1198 4070 idque
1231 3985 1350 4053 talibus
1380 3989 1503 4065 verbis,

311 4100 349 4159 ut
371 4096 412 4158 iis
435 4091 645 4178 persuaderet.
671 4089 792 4156 Eadem
816 4089 881 4155 fera
904 4089 1056 4178 leguntur
1075 4093 1109 4156 in
1130 4089 1208 4172 HQ:
1229 4093 1352 4172 ἤγαγεν
1368 4097 1505 4169 Ἕλλησι

311 4200 429 4274 ποληὺν
461 4197 688 4278 καταφρόνησον
720 4202 778 4261 τῶν
810 4197 981 4273 πολεμίων,
1018 4198 1260 4275 καταγνοὺς
1295 4201 1425 4265 αὑτῶν
1461 4202 1505 4265 τὸ

309 4303 487 4376 οίσίενίς.
512 4305 588 4378 τινὲς
613 4301 663 4388 δέ,
685 4303 855 4381 κατήγαγε
877 4305 996 4379 πολλὴν
1015 4302 1128 4388 Φρίννν,
1151 4298 1169 4368 ὑ
1187 4305 1252 4368 ἐστι
1272 4308 1391 4382 πολλὴν
1411 4306 1504 4386 δόξαν

303 4411 504 4488 ἀπηνέγκατο
528 4411 542 4473 ὑ
566 4409 745 4484 Ὀδυσσεύς.
770 4409 903 4476 Nullam
928 4410 1043 4476 harum
1067 4413 1366 4497 interpretationum
1391 4435 1503 4482 veram
