3330 5144
836 309 902 388 248

274 507 381 596 piant:
427 508 444 586 si
484 507 637 574 Μελανίὼ
677 506 795 591 χλιδας
831 509 883 574 καί
922 505 1048 582 παιδιὰς
1088 504 1287 586 ἐλοίριβανει,
1324 504 1398 574 ἀλλ’
1435 505 1467 574 οὐ

276 615 438 699 συνεχώρει
479 618 559 698 αὐτῇ
596 617 613 692 ἦ
645 615 806 693 Πηνελίπη
839 616 1016 698 βίιίρριατα·
1043 652 1085 665 -
1110 616 1276 696 οὶίιίρριατα
1311 613 1375 694 yolo
1410 615 1469 680 εἰσι

276 724 319 790 τοὶ
343 729 402 789 τῶν
425 722 538 800 νηπίων
559 721 710 800 παίγνια·
737 761 790 804 -Ι
803 724 891 788 ἀλλὰ
915 723 957 788 τοὶ
979 722 1051 804 πρὸς
1071 722 1173 798 silacia
1193 723 1298 804 αὐτῇ
1320 720 1469 801 ἔπραττε.

277 831 414 906 δηλονότι
449 830 515 915 (οὐ)
539 828 649 914 νηπίρ
673 830 899 914 ὖπαρχούση.
924 866 965 878 -
990 828 1131 895 Tandem
1155 834 1202 913 ψ,
1229 826 1406 894 310-343
1431 848 1470 892 ex

277 936 509 1005 Vindobonenei
536 933 608 1001 1133
651 941 810 1003 enotatur:
845 939 998 1017 ρἠτοριιοίην
1028 943 1162 1002 ποιεῖται
1194 934 1470 1016 ἀνακεφαλαίωσιν

280 1052 335 1120 τοῖς
364 1041 528 1115 ὑποδέσεως
554 1043 605 1106 καί
631 1043 778 1119 έπιτοριίην
801 1049 857 1117 τῆς
881 1042 1077 1113 Ὀδυσσείας.
1103 1049 1234 1112 καλῶς
1259 1039 1307 1108 οὖν
1331 1040 1472 1118 ἡίέτησεν

282 1149 488 1232 Ἀρίσταρχος
508 1150 576 1222 τοὺς
597 1157 676 1229 τρεῖς
689 1149 741 1216 καί
753 1148 930 1227 τριοίκουτα.
955 1149 1049 1215 Nunc
1060 1148 1190 1235 quidem
1203 1152 1382 1216 coniectura
1394 1171 1474 1236 opus

280 1279 342 1326 non
373 1263 438 1336 est,
469 1276 543 1324 nam
571 1257 657 1342 quod
686 1257 767 1322 ratio
799 1259 932 1342 requirit
956 1256 1122 1322 emendate
1147 1258 1302 1342 scriptum
1327 1261 1416 1322 extat
1438 1259 1472 1323 in

279 1365 389 1444 HQV:
414 1366 454 1432 οὐ
479 1370 612 1435 καλῶς
637 1364 779 1440 ηίέτησεν
805 1363 1012 1446 Ἀρίσταρχος
1036 1364 1105 1435 τοὺς
1129 1372 1208 1444 τρεῖς
1230 1365 1281 1428 καί
1296 1365 1472 1444 τριιίιιοιπα·

279 1474 432 1556 ῥητορικὴν
463 1473 526 1551 γὰρ
557 1472 736 1546 πεποίηκεν
769 1471 961 1552 (πεποίηται
993 1473 1114 1556 optime
1136 1469 1345 1549 Herleisnus,
1370 1472 1470 1537 Praei.

280 1602 311 1667 p.
337 1581 429 1666 uxr.)
463 1579 740 1660 ἀνακεφαλαίωσιν
771 1613 825 1629 --
853 1587 908 1654 τῆς
935 1577 1131 1656 Ὀδυσσείας,
1162 1597 1221 1642 nco
1254 1576 1472 1664 aduotaesem,

281 1689 344 1752 nisi
379 1693 411 1753 et
439 1685 500 1752 hoc
531 1683 676 1770 exemplo
708 1692 872 1772 appareret
894 1674 991 1770 quam
1015 1683 1139 1750 nullam
1163 1703 1255 1770 saepe
1278 1685 1318 1750 ob
1342 1705 1471 1751 causam

282 1795 373 1878 proni
392 1793 511 1860 fuerint
527 1791 651 1858 librarii
671 1791 713 1884 ad
728 1794 930 1881 negationem
950 1794 1053 1859 invita
1074 1792 1229 1857 sententia
1252 1791 1472 1859 omittendam.

329 2001 515 2091 Adiungam
545 2003 596 2067 his
624 2000 760 2088 paucula
793 2001 938 2088 exempla
961 2004 1139 2090 negationis
1163 2001 1258 2068 aliter
1280 2003 1473 2069 obscuratae.

284 2107 401 2174 Versus
426 2113 474 2174 cst
496 2107 632 2175 Homeri
655 2115 682 2190 Φ
707 2107 790 2176 349:
815 2110 867 2174 καί
894 2107 1045 2186 καθάπαξ
1061 2107 1147 2192 ξείνιρ
1166 2109 1291 2186 δόμεναι
1305 2108 1475 2188 τάδετίξα

286 2216 443 2297 Φέρεσίαι.
479 2213 529 2281 Ad
553 2212 704 2293 καίοίπαξ
727 2215 895 2280 observant
917 2214 1075 2304 Vulgata:
1110 2215 1250 2282 καίίλου.
1282 2220 1406 2282 τοῦτο
1436 2214 1474 2280 δέ

287 2319 411 2396 οὕτως
436 2320 451 2386 i
459 2345 526 2402 χει
551 2322 637 2402 παρα
657 2322 698 2402 τῷ
720 2330 829 2404 ποιητῇ
850 2322 880 2386 ἐν
897 2317 986 2403 cinric
999 2322 1224 2403 προηγουμένης
1239 2322 1351 2400 λέξεως
1363 2321 1475 2400 ληχοιί·

286 2455 341 2506 σης
368 2432 411 2502 εἰς
435 2429 466 2509 ξ,
490 2427 542 2492 καί
568 2430 585 2504 ἦ
610 2428 680 2506 ἑξῆς
704 2427 922 2510 dominantia
947 2431 1052 2494 αὐτοῦ.
1077 2428 1182 2495 Nihili
1206 2430 1265 2496 hoc
1289 2449 1355 2495 caea
1378 2431 1477 2496 sensit

285 2537 516 2606 Buttmannus'
532 2538 579 2600 ita
607 2535 775 2600 disserena:
810 2535 946 2613 „collato
976 2536 1146 2602 Eustathio
1174 2536 1267 2602 Bam.
1293 2557 1354 2602 em.
1381 2533 1475 2610 οὕτως

285 2645 339 2710 οὐκ
363 2641 430 2724 ἔχει
453 2643 587 2724 ἓτέρωίιε
612 2642 743 2708 fortasse
767 2642 962 2727 probabilius
982 2643 1041 2723 οὐχ
1061 2641 1178 2722 ἓτέρωίι
1199 2642 1292 2717 οὕτως
1311 2642 1387 2724 ἔχει.
1414 2642 1477 2710 Sed

237 2761 239 2766 '
285 2773 325 2816 ne
345 2752 389 2816 sic
410 2749 536 2834 quidem
558 2753 642 2814 reete
661 2749 844 2834 procederet
864 2771 996 2834 sequens
1017 2751 1046 2814 έν
1060 2743 1111 2832 ᾦ.”
1136 2749 1327 2828 Tentcmus,
1348 2754 1376 2816 ci
1397 2751 1477 2817 forte

286 2858 472 2922 Buttmanni
484 2855 824 2921 manibucsatissacere
844 2858 1015 2940 possimus:
1037 2861 1198 2922 τοιοῦτο
1216 2855 1256 2921 δὲ
1276 2857 1477 2942 (δεύτερον

257 3045 258 3050 ¹
287 2959 386 3049 addi)
407 2963 448 3030 οὔ
456 2985 534 3034 τως
556 2959 671 3042 ἔχεις
693 2962 778 3040 παρὰ
799 2964 840 3042 τῷ
855 2972 962 3044 ποιητῇ
977 2963 1006 3026 ἕν
1019 2956 1039 3043 ᾧ
1053 2970 1107 3037 τῆς
1122 2964 1348 3047 προηγουμένης
1362 2962 1474 3040 λέξεως

287 3069 442 3146 ληγούσης
464 3069 504 3142 εἷς
526 3073 554 3149 ξ,
576 3069 628 3132 καί
649 3070 666 3144 ἦ
688 3065 757 3144 ἑξῆς
780 3067 913 3148 ἄρχεται
927 3070 984 3134 ἀπ’
997 3073 1103 3136 αὐτοῦ.
1128 3068 1364 3136 Grammaticos
1377 3071 1473 3134 ctiam

287 3177 477 3242 vetustiores
510 3195 736 3259 nonnunquam
768 3175 904 3242 secunda
939 3196 1070 3261 persona
1107 3196 1180 3242 usos
1219 3178 1360 3242 suaviter
1402 3197 1475 3242 cum

287 3281 440 3350 benevolo
463 3281 579 3348 lectore
602 3281 739 3366 colloqui
762 3280 878 3357 colere,
900 3287 1007 3366 postea
1026 3281 1170 3366 pluribus
1183 3284 1475 3369 comprobabimus3

286 3411 371 3454 nuno
397 3409 497 3454 unum
521 3387 734 3454 adscribamus
757 3389 939 3454 recentioris
963 3387 1147 3473 exemplum
1170 3389 1210 3454 ad
1235 3388 1355 3474 3255,
1380 3411 1475 3477 quem

286 3496 394 3562 locum
428 3497 493 3560 iam
527 3495 694 3580 aliquoties
727 3513 823 3578 supra
853 3495 1037 3580 attigimus:
1070 3493 1106 3559 τὸ
1138 3495 1204 3575 πρίν
1226 3496 1279 3574 μη
1305 3497 1386 3562 νίει
1411 3520 1476 3576 μοι

287 3606 429 3677 τοιοῦτον,
459 3595 503 3666 ἔτι
531 3637 584 3650 --
605 3598 736 3678 ἔμελλεν
766 3603 782 3675 ἦ
808 3598 916 3674 Ἑλένη
943 3601 1052 3666 εἰπεῖν.
1079 3601 1234 3668 —Idem
1265 3604 1396 3670 fortasse
1428 3627 1476 3670 re·

287 3709 430 3777 medium
461 3707 675 3775 adhibendum
707 3721 728 3769 λ
753 3705 838 3783 275,
870 3707 926 3772 ubi
949 3707 987 3772 do
1010 3706 1186 3794 Oedipode:
1213 3709 1326 3776 arar
1357 3712 1477 3788 μὲν-ἐν

288 3816 380 3897 Θήβη
410 3813 589 3896 πολυηράτῳ
613 3811 721 3892 ἄλγεα
745 3812 879 3892 ποίσχιον
903 3821 920 3902 Η
944 3815 1105 3890 Καδμείων
1129 3814 1252 3885 ἤνασσε.
1279 3817 1395 3902 Erant,
1418 3822 1473 3904 qui

287 3925 443 3990 adiectivo
471 3923 524 3988 bic
555 3921 650 3987 aliam
681 3940 776 4005 quam
807 3922 938 3984 cacteris
968 3923 1001 3986 in
1030 3920 1109 3987 locis
1132 3921 1395 4008 significationem
1420 3918 1476 3990 tri-

286 4031 435 4096 buerant:
470 4028 592 4099 πολλὰς
623 4028 702 4107 οὶρίις
725 4025 778 4091 καί
803 4025 938 4106 βλάβας
963 4024 1153 4108 ὑποαεινιίση
1178 4030 1262 4107 τιαροὶ
1287 4031 1357 4095 θεῶν
1383 4031 1474 4115 (huc-

285 4156 386 4224 usque
408 4133 488 4222 BQ).
509 4137 541 4200 οὐ
566 4134 628 4215 γαρ
648 4133 792 4216 ε’ρασραίῳ·
814 4129 914 4206 ὅπως
939 4131 984 4199 ἂν
1008 4131 1026 4208 ἦ
1049 4135 1091 4216 τῷ
1114 4134 1299 4216 ὑποκειμένῳ
1312 4134 1473 4202 οὶκίλουίοι

286 4241 351 4328 (V).
375 4241 437 4307 Hic
461 4261 584 4328 quoque
607 4240 781 4307 admodum
806 4240 939 4307 arridet:
960 4241 994 4307 οὐ
1015 4241 1078 4323 γὰρ
1098 4241 1243 4325 ἕρασριίιρ·
1268 4241 1399 4315 οὔπως
1432 4241 1478 4308 ἂν

287 4345 326 4424 ἦν
346 4349 387 4430 τῷ
411 4347 596 4430 ὑποκειμένῳ
620 4345 793 4412 οὶκίλουίου.

330 4455 384 4524 Sic
407 4475 632 4542 nonnunquam
657 4454 813 4546 particula
831 4457 876 4534 μὴ
896 4475 1021 4542 quoque
1041 4456 1171 4520 evanuit
1190 4457 1372 4522 coniectura
1386 4475 1474 4522 revo·
1521 4455 1529 4469 '
