3278 5148
857 289 923 378 too

329 525 363 575 ε,
388 497 466 564 415.
490 498 602 564 Λόόοοκι
636 499 705 564 ποτὶ
738 499 849 582 πέτρης
883 501 1139 582 έφερμηνευτνκόν
1171 500 1243 580 πρὸς
1276 508 1315 582 τῇ
1344 489 1482 584 προχεόρ

282 606 394 690 πέσρρ.
430 605 513 690 (ΗΡ)
547 605 583 670 In
623 605 650 671 P
683 612 731 672 est
763 607 1014 687 ἐφενμηνεύετιιι.
1073 605 1135 673 Sed
1179 610 1330 672 neutrum
1367 627 1481 673 verum

282 713 410 779 videtur
444 717 477 778 et
507 713 749 800 corrigendum:
783 714 1076 793 ἐφερμηνευτΕΟΝ.
1126 713 1197 780 Non
1223 712 1365 778 multum
1391 713 1483 780 aliter

283 818 327 884 B:
353 819 451 902 πέτρᾳ
476 818 609 896 λιόόδει,
635 815 762 884 όέστι
792 820 831 884 τό
860 821 973 885 αὐτό.
1019 821 1092 886 Non
1116 819 1252 886 absurde
1275 823 1384 885 autem
1409 820 1482 905 quis

282 927 436 1011 suspirari
469 907 585 1010 possit.
618 946 675 991 nos
707 926 758 990 hie
781 927 941 1012 specimen
966 933 1071 992 tenere
1096 927 1365 1010 interpretationis
1389 929 1481 992 Aris-

282 1031 384 1098 terohi
406 1032 539 1098 verbum
566 1032 681 1115 verbo,
706 1037 744 1097 ut
766 1037 880 1098 notum
907 1038 974 1110 est,
1000 1033 1171 1098 reddentis.

327 1267 375 1325 ε,·
392 1245 469 1312 431.
503 1245 696 1326 Ππλιρρόόιον
728 1244 761 1311 δέ
793 1271 846 1325 μιν
870 1240 1120 1328 νύτιςΙΙπλῆξεν
1145 1245 1362 1325 ἐπεσσύμενον.
1412 1245 1481 1314 Ori·

280 1354 378 1419 tioam
410 1353 451 1420 ad
481 1354 558 1420 haee
589 1359 717 1430 notam.
744 1389 786 1402 -
817 1354 960 1440 Didymo
993 1355 1110 1419 tribuit
1140 1355 1341 1420 Schmidtins
1367 1391 1409 1404 -
1433 1331 1496 1420 ita*

281 1459 431 1526 videlieet
463 1458 548 1524 fideli
572 1460 738 1526 eoncordia
762 1461 914 1525 exhibent
935 1459 1019 1526 HP:
1047 1459 1060 1523 ό
1085 1458 1181 1535 Ἰξίων
1208 1459 1480 1536 ,,οἰτεσσύμενον,”

281 1565 347 1630 xxi
382 1569 540 1642 μᾶλλον
571 1567 614 1631 τό
638 1567 911 1645 πολιρρόόιον.
961 1565 1084 1631 Ultima
1110 1566 1225 1631 melius
1249 1565 1481 1654 intellegentur

282 1675 327 1738 aie
356 1672 470 1737 leniter
501 1672 642 1758 expleta:
676 1673 689 1735 ό
720 1671 814 1748 Ἰξίων
841 1671 1117 1750 „deterrimarum”
1144 1667 1192 1756 (ᾧ)
1218 1675 1269 1737 κού
1294 1678 1419 1749 μᾶλλον
1443 1676 1480 1737 τό

282 1777 484 1856 πυλορρύύιον,
510 1781 626 1844 omisso
652 1779 746 1844 verbu
771 1779 897 1858 ἁρμόζει
922 1781 989 1845 aive
1015 1783 1195 1864 συμφωνεῖ,
1221 1787 1258 1844 ut
1282 1801 1312 1844 v.
1338 1803 1365 1845 c.
1395 1781 1479 1865 apud

280 1881 498 1950 Herodianum
531 1884 584 1970 (ad
616 1897 642 1949 A
677 1883 773 1969 532):
805 1879 926 1950 Ἀλτο·
960 1884 1122 1965 ψιλυσέον.
1149 1919 1203 1936 --
1228 1884 1318 1966 τύχοι
1344 1887 1382 1963 δ’,
1407 1881 1480 1968 ύτερ

282 1989 335 2055 stul
371 1995 512 2075 μᾶλλον,
549 1991 614 2055 ἐπεὶ
650 1990 685 2055 τό
723 2015 744 2054 οι
775 1997 959 2068 κκτοολῆγον
992 2007 1062 2056 κτλ.
1111 1991 1215 2058 (lausa
1239 1993 1397 2070 redditur,
1423 2014 1480 2058 our

283 2098 496 2173 ἀπεσσύμενον
539 2097 705 2164 Demetrio
750 2097 853 2163 lxioni
888 2097 1041 2185 vulgatae
1076 2097 1206 2164 lectioni
1241 2098 1478 2184 praeferendum

283 2205 391 2272 visum
417 2206 469 2270 sit.

326 2445 361 2499 ε,
387 2417 464 2484 433.
496 2419 547 2484 Ad
578 2419 847 2503 comparationem
875 2421 922 2485 ita
945 2419 1147 2486 institutam:
1172 2421 1210 2490 cis
1234 2417 1261 2483 δ’
1284 2413 1336 2483 όσε
1359 2425 1477 2484 πουλύ-

282 2527 370 2598 ποδος
396 2562 414 2576 -
430 2561 449 2576 -
474 2525 546 2604 πρὸς
583 2525 819 2604 κοτυληδονόφιν
854 2526 977 2590 πυκινοὶ
1014 2525 1151 2604 λοίϊγμες
1190 2523 1315 2605 ἔχονται
1348 2523 1478 2590 Scholia

281 2631 421 2720 Vulgata
452 2633 587 2697 habent:
614 2667 634 2682 -
649 2667 668 2682 ·
694 2631 889 2705 κοτυληδόνες
913 2633 945 2696 δέ
968 2633 1042 2697 εἰσιν
1067 2633 1101 2697 ού
1126 2637 1178 2697 τοῦ
1206 2631 1375 2700 πολύποδος
1399 2645 1477 2695 πλε·

282 2737 404 2804 κτύνοιι.
450 2740 590 2810 ε’νοοντόως
630 2738 662 2803 δέ
698 2737 975 2818 ποιροιβέβληντσιι.
1022 2739 1184 2805 Ridebatur
1220 2737 1474 2817 tantillitatem,

280 2847 421 2912 mutavit
450 2846 667 2911 Buttmannus
702 2843 838 2929 „collato
868 2844 988 2911 scholio
1020 2845 1194 2932 proximo.”
1229 2845 1271 2912 Et
1297 2851 1382 2911 reete
1405 2865 1476 2912 mu-

280 2956 377 3030 tarit,
409 2958 531 3018 retento
556 2959 664 3018 tamen
688 2951 849 3016 minutulo
874 2953 962 3017 vitio.
1012 2937 1176 3033 Quaenam
1206 2951 1349 3026 ἐναντίοις
1375 2975 1477 3035 παροι-

280 3055 479 3137 βέβληντουό
495 3055 588 3124 Corte
607 3079 669 3122 non
689 3059 722 3121 ei
740 3056 948 3131 κοτυληδόνες.
968 3056 1010 3122 lat
1031 3060 1058 3121 si
1080 3058 1120 3122 ad
1139 3057 1309 3128 πολύποδες
1330 3059 1475 3136 refertur,

280 3164 456 3252 dequibus
481 3171 588 3229 tamen
612 3167 645 3229 in
669 3164 727 3229 hoo
750 3164 868 3230 seholio
891 3163 981 3228 nulla
1005 3163 1134 3229 omnino
1159 3162 1194 3227 fit
1219 3165 1476 3242 mentio,sdieo·

279 3277 351 3338 tum
375 3277 497 3357 oportet
521 3292 658 3356 quorum
689 3276 920 3355 comparentur.
969 3270 1156 3358 Legendum
1180 3271 1305 3355 itaque:
1333 3271 1475 3342 ἐναντίος

281 3377 312 3444 δὲ
337 3378 625 3459 πυρσβέβληΤΑΙ,
651 3380 673 3440 i.
695 3397 720 3440 e.
747 3379 762 3451 ἦ
794 3377 961 3454 repausat
988 3376 1179 3454 γεγένηται,
1204 3375 1475 3461 quemadmodum

278 3488 314 3552 in
333 3485 535 3571 explicatiore
557 3485 728 3549 Aristonici
748 3482 868 3549 scholio
886 3489 952 3558 est,
974 3483 1057 3568 quod
1077 3482 1104 3562 Q
1121 3485 1278 3565 servavit,
1295 3483 1380 3548 unde
1393 3483 1475 3550 exile

280 3599 424 3658 nostrum
449 3596 633 3676 excerptum
659 3592 692 3653 in
712 3589 737 3652 V
760 3591 939 3674 pervenisse
959 3590 1036 3654 bene
1060 3590 1220 3674 perspexit
1243 3587 1473 3656 Buttmannus:

280 3698 480 3774 σημειοῦντκό
499 3721 595 3772 τινες,
618 3691 677 3760 ότι
703 3697 743 3760 ού
768 3695 877 3758 κοντοὶ
902 3700 980 3759 πῖον
1004 3697 1211 3771 ὡμοίωται
1237 3695 1287 3760 τόν
1311 3704 1381 3772 τῆς
1407 3722 1476 3762 ποι·

281 3806 473 3888 ροιβολῆς.
506 3805 571 3870 έκεῖ
592 3805 649 3879 μέν
672 3803 736 3882 γὰρ
761 3799 796 3865 τὸ
822 3809 912 3877 σῶμα
938 3804 1069 3874 λόόοικοος
1095 3803 1244 3886 ἀποσπᾷ,
1269 3797 1324 3866 ὦδε
1348 3803 1379 3866 δὲ
1403 3804 1475 3882 πρός

279 3921 352 3983 τοῖς
387 3911 515 3991 πέτροις
553 3911 733 3986 ἐνππομένει
769 3905 859 3988 μέρος
893 3913 946 3973 τοῦ
980 3909 1148 3988 δέρματος,
1182 3929 1261 3994 quae
1289 3925 1356 3974 tam
1383 3917 1475 3976 acute

280 4011 446 4086 observata
469 4013 545 4084 sunt
569 4035 664 4102 quem
688 4013 824 4102 propriis
847 4015 953 4081 verbis
983 4017 1161 4081 enunciata.

325 4258 356 4310 r,
382 4230 460 4297 444.
492 4229 605 4296 Ulixes
637 4230 676 4292 ad
706 4231 887 4294 l'naeaoum
920 4227 1039 4292 flumen
1069 4227 1181 4306 εύξσισο
1206 4225 1236 4292 δν
1262 4229 1344 4293 κριτοὶ
1371 4229 1473 4306 όυμόν.

278 4336 488 4406 Observatur:
524 4338 630 4400 ulterior
661 4336 724 4414 νόιρ
760 4337 801 4414 τῷ
826 4336 982 4416 νηχομένῳ
1007 4336 1050 4410 μέν
1076 4334 1292 4412 alimento,
1319 4339 1409 4402 ἀλλὰ
1434 4341 1475 4418 τῷ

278 4453 420 4528 λογισμῷ
457 4443 511 4516 την
546 4443 641 4524 εύχην
678 4442 826 4524 ἐκφέρειν.
863 4437 955 4505 siret
991 4451 1088 4524 φησιν
1124 4443 1137 4508 ό
1174 4447 1300 4518 ποιητης
1346 4443 1472 4521 ηύξοιτο.
