3242 5140
713 338 780 408 tta

148 531 283 598 Minime
307 533 464 619 gentium.
513 533 633 597 auotor
656 532 741 597 enim
764 531 823 598 hoo
842 530 931 598 vulta
953 532 986 596 οὐ
1007 529 1096 606 μόνον
1116 530 1244 610 ἀσεβεῖς
1264 528 1339 594 εἰσιν

149 639 237 704 ἀλλὰ
262 639 315 703 sal
340 638 518 720 οὶχοίρισσοι.

196 851 232 920 0.
257 852 289 918 V
312 854 356 939 (p.
381 850 434 936 8):
467 851 529 916 Ubi
560 851 619 916 sub
644 848 772 916 Alcaei·
781 848 943 938 allegoriis
968 851 1142 939 Myrtilum
1166 859 1341 938 tyrannum

150 963 217 1045 peti
240 980 351 1044 resque
374 957 646 1045 Mytilenaeorum
670 955 769 1021 latere
793 958 947 1036 ostendit,
970 979 1033 1024 uno
1052 959 1200 1046 exemplo
1218 957 1341 1044 prolato

150 1069 272 1152 pergil:
305 1066 412 1143 ὁμοίοις
447 1065 478 1128 δὲ
503 1065 545 1128 σοὶ
571 1063 628 1126 ὑπὸ
652 1065 761 1126 τούτου
784 1065 992 1141 αἰνιττόμενος
1016 1065 1136 1146 ἕσέριοίί
1160 1089 1217 1130 που
1241 1066 1342 1146 λέγει.

151 1171 222 1238 Non
254 1176 331 1239 satis
360 1176 450 1257 capio
479 1172 521 1236 τὰ
555 1171 613 1234 ὑπὸ
644 1169 769 1247 τούτου,
800 1191 858 1236 neo
887 1177 1023 1258 tyranno
1047 1172 1192 1238 subditos
1214 1171 1256 1236 roi
1283 1171 1347 1237 ὑπὸΙ

152 1281 294 1357 τυράννου
329 1277 511 1344 Heraclitus
547 1283 631 1342 reule
663 1277 790 1342 dixerit.
842 1278 981 1344 Rectum
1013 1279 1159 1346 videtur:
1196 1279 1239 1343 rai
1276 1279 1341 1344 ἐπὶ

152 1387 278 1464 τούτου,
304 1407 384 1471 quae
408 1385 504 1450 buius
528 1382 725 1468 temporibus
748 1389 839 1472 gesta
865 1391 947 1449 sunt.

196 1595 373 1662 Interieotis
404 1594 612 1679 quibusdam:
645 1595 696 1658 καί
732 1597 791 1670 μὴν
824 1631 865 1642 -
890 1597 995 1680 iuquit
1020 1631 1062 1644 -
1087 1597 1101 1659 ὁ
1126 1595 1220 1670 Talae
1246 1601 1343 1659 ’λια-

154 1703 243 1783 splot
275 1701 421 1782 ἓσαιριιιὸν
453 1699 598 1781 φρίνημοι
623 1699 675 1764 καί
701 1701 838 1780 σοβαροῖς
864 1703 1008 1778 γυναικὸς
1035 1703 1248 1782 ὑπερηφανίαν
1272 1701 1344 1766 ίνει-

153 1807 239 1890 δίζων
265 1809 317 1873 σὸν
337 1810 366 1872 ἐν
387 1811 466 1887 αὐτῇ
489 1814 656 1886 σκιρτῶντα
677 1813 742 1871 νοῦν
762 1803 905 1877 ὠςίππον
925 1809 1142 1889 ἠλληγίρησεν.
1179 1809 1344 1875 Usibatum

154 1903 217 1983 est}
244 1917 299 1986 εἰς
323 1911 414 1980 ἵππον
439 1915 657 1993 ἠλλιίγορησεν.
706 1911 833 1979 Scholia
857 1915 896 1979 ad
919 1916 943 1994 β
968 1914 1051 1984 433ς
1079 1917 1096 1990 ἡ
1121 1917 1235 1989 'Atera
1259 1939 1341 1981 στοι-

153 2029 288 2102 χειαοιῶς
313 2023 355 2094 είς
380 2023 431 2086 σὸν
454 2020 529 2100 οὶέρα
551 2023 783 2099 οὶλληγορεῑπαι.
839 2018 966 2086 Scholia
985 2021 1024 2086 atl
1044 2021 1178 2087 Plutum
1199 2045 1245 2088 vs.
1266 2023 1286 2087 8
1306 2045 1344 2088 ex

155 2128 352 2196 Dorvilliano
371 2129 494 2194 codice:
519 2128 620 2200 ἐπειδὴ
646 2129 659 2189 ὁ
684 2125 845 2192 Ἀπόλλων
865 2129 907 2199 είς
929 2127 979 2192 τὸν
1003 2127 1084 2203 ι’ίλιον
1105 2132 1343 2210 οὶλληγορεῒσαι,

155 2233 269 2312 Λοξίαν
298 2235 354 2320 (bv
382 2234 467 2319 add.)
493 2239 597 2299 τοῦτον
622 2233 735 2309 είποις,
765 2235 802 2306 ὡς
822 2231 913 2312 λοξὴν
934 2235 988 2307 πίον
1008 2236 1131 2315 πορείαν
1154 2235 1340 2313 ποιούμενον.

941 2355 953 2388 0

201 2449 238 2520 O.
263 2451 290 2518 V
313 2453 358 2536 (p.
384 2449 431 2537 9J:
459 2449 597 2514 Καίίλοο
622 2449 738 2528 μακρὸς
761 2447 798 2513 ίον
817 2447 879 2522 είην
898 2450 1022 2528 ἐπεξιὼν
1041 2447 1162 2518 ἕκαστον
1181 2459 1239 2516 σῶν
1259 2452 1346 2530 παρα

157 2567 297 2634 ποιηταῖς
330 2558 381 2622 καί
414 2559 653 2636 συγγραφεῦσιν
684 2557 947 2634 ἠλληγορημένιον.
974 2593 993 2608 ··
1015 2593 1034 2607 ·
1060 2557 1152 2624 Ἀλλ’
1175 2559 1229 2624 οὐκ
1253 2559 1345 2632 αὐτὸς

154 2667 291 2746 Ὅμηρος
313 2663 525 2747 ἀμφιβόλοις,
547 2659 607 2727 ἔσθ’
626 2655 677 2726 ὅτε
699 2662 750 2728 καί
773 2659 972 2743 ζησουμέναις
993 2664 1037 2729 ἔπι
1058 2673 1128 2737 ταῖς
1143 2667 1346 2745 ἀλληγορίαις

124 2753 129 2762 ’
157 2775 327 2853 εὑρίσκεται
357 2770 679 2851 χρώμενος,··ε’ναργῆ
712 2769 763 2832 τὸν
788 2770 896 2848 τρίπον
922 2773 993 2848 ἡμῖν
1019 2777 1075 2845 σῆς
1100 2773 1258 2852 ἑρμηνείας
1283 2795 1347 2836 πα-

90 2905 96 2918 ·
157 2880 328 2962 ραδεδιιιιὼς
352 2882 475 2953 σοῦσον,
501 2878 531 2941 ἐν
555 2871 597 2948 οἶς
626 2875 794 2951 Ὀδυσσεὺς
819 2879 861 2941 σοὶ
886 2879 1024 2956 πολέμου
1048 2881 1100 2945 καί
1127 2881 1239 2962 μάχης
1262 2879 1346 2944 κακοὶ

157 2988 271 3066 διεξιὼν
290 2985 402 3067 φησίν·
426 2980 503 3062 »Ἧι
521 3007 557 3049 σε
576 2982 725 3057 πλείστην
743 2985 802 3060 μὲν
820 2985 969 3060 ααλοίμην
988 2987 1072 3066 χίονί
1087 2987 1209 3069 χαλκὸς
1222 2983 1347 3066 ἔχενεν”

158 3113 243 3169 κπλ.ς
268 3097 313 3160 Τὸ
337 3093 393 3169 μὲν
417 3092 480 3172 γὰρ
503 3089 671 3168 λεγίμενίν
695 3091 760 3156 ἐσσι
784 3093 940 3176 γεωργία,
960 3096 994 3160 σί
1014 3094 1046 3158 δὲ
1066 3095 1222 3170 νοούμενον
1241 3093 1347 3172 μσίχη.

159 3202 297 3290 Longior
327 3204 361 3266 in
385 3201 434 3265 bie
457 3200 627 3272 sententia,
652 3218 732 3282 quae
756 3198 863 3264 media
886 3202 988 3283 posita
1013 3207 1079 3279 est,
1104 3223 1176 3266 oum
1204 3199 1349 3266 videatur

157 3309 252 3396 paulo
276 3307 475 3393 impeditior,
501 3305 592 3390 plura
616 3306 720 3369 oritioi
740 3305 773 3368 in
790 3325 826 3372 ea
845 3305 953 3371 moliti
972 3315 1056 3373 sunt.
1090 3308 1233 3395 Legebat
1250 3304 1349 3370 Sobo-

159 3419 240 3484 wiua
270 3416 345 3479 ἀλλ’
377 3410 395 3480 ί
422 3438 460 3491 γε
486 3397 580 3483 αὐτός’
603 3410 756 3488 Ὅμηρος,
780 3431 856 3476 mox
880 3415 975 3480 verba
1000 3414 1060 3479 ἔσθ’
1084 3412 1137 3480 ὅτε
1162 3417 1214 3478 καί
1241 3411 1349 3491 ζητου-

160 3525 267 3600 μίνοιις
299 3523 406 3606 spuria
437 3539 506 3586 esse
537 3519 736 3602 suspicatus,
770 3523 944 3603 utrumque
975 3523 1042 3587 sine
1065 3521 1162 3587 dubio
1185 3529 1350 3605 perperam

159 3649 352 3718 proponens,
376 3629 452 3692 ἀλλ’
475 3619 525 3690 οὖν
550 3623 643 3695 αὐτὸς
666 3621 821 3701 Ὅμηρος,
847 3621 877 3694 ὃς
901 3623 1059 3712 Heynius.
1095 3627 1270 3711 Utriusque
1290 3623 1352 3690 viri

160 3739 245 3806 docti
268 3736 464 3804 coniecturas
487 3734 596 3798 reieoit
619 3729 799 3814 Meblerus,
822 3733 1097 3817 „interpunotione
1119 3739 1242 3798 mutate
1262 3729 1353 3796 nulla

160 3865 239 3931 opus
269 3865 335 3910 esee
364 3837 573 3908 correction&
597 3837 794 3902 adseverans.
841 3839 886 3902 at
909 3859 966 3904 neo
991 3859 1053 3924 quo
1076 3841 1170 3906 modo
1193 3843 1261 3926 ipse
1285 3845 1353 3904 tex·

160 3957 230 4016 tum
254 3951 401 4017 exhibuit
424 3947 563 4013 auctoris
586 3945 688 4008 menti
712 3943 846 4021 satisfit,
870 3979 909 3994 -·
933 3949 1099 4012 nonenim
1116 3949 1167 4012 ris
1179 3946 1353 4014 sententies

160 4059 195 4122 in
225 4060 328 4142 priore
357 4059 425 4124 eiua
455 4057 545 4138 parte
577 4051 640 4116 sita
664 4055 713 4116 eat
736 4050 791 4116 sed
814 4053 849 4116 in
873 4052 1044 4138 ulteriore,
1067 4074 1129 4120 non
1153 4057 1188 4120 in
1211 4073 1247 4120 eo
1271 4051 1355 4136 quod

161 4162 310 4232 Homeris
329 4162 458 4230 incertis
477 4168 509 4226 et
528 4159 692 4246 ambiguis
710 4156 873 4246 allegoriis
892 4160 1077 4246 perhibetur
1097 4161 1258 4246 usus‚ssd
1271 4161 1354 4246 quod
1385 4219 1387 4224 .

162 4291 387 4356 nonnunquam
413 4276 444 4336 et
468 4265 629 4348 ἐναργέσι,
655 4265 707 4330 eui
731 4267 777 4330 rei
800 4265 976 4350 probandae
1000 4267 1184 4353 exemplum
1209 4267 1354 4336 adlatum

163 4380 254 4444 unice
275 4378 423 4452 inservit,
448 4413 489 4424 -
511 4393 611 4458 neque
626 4375 694 4456 ipse
706 4370 869 4438 Meblarus
882 4375 1037 4440 abstinuit
1049 4377 1247 4458 coniectura,
1260 4381 1355 4460 atque

163 4506 210 4562 ea,
220 4504 301 4569 quae
314 4504 441 4548 omnem
454 4501 544 4567 spem
555 4481 732 4546 sententiaa
746 4480 823 4546 bane
835 4481 1075 4548 mustitnendae
1087 4479 1281 4561 abstulisset,
1295 4485 1356 4548 nisi
