3278 5148
854 313 920 384 296

286 507 455 574 lectionem
486 509 637 592 praebent
659 506 788 588 BPQu:
814 509 892 578 τινες
917 504 1024 584 οὕτως,
1051 507 1105 572 σὺν
1128 516 1167 588 τῇ
1192 505 1254 588 δίνρ
1277 511 1336 573 τῶν
1360 503 1478 572 ὑδάτων

286 615 458 696 (ῥευμάτων
490 612 528 688 Τ,
558 615 642 700 quod
673 612 891 700 praetulerim)
925 617 1055 680 ἐνθεῦτεν
1079 616 1097 691 ἦ
1120 621 1190 687 τῆς
1215 612 1394 692 copatione
1418 619 1479 677 τῖεν

286 720 405 798 ἀνέμων
428 721 556 785 tisana
591 723 747 806 Apertum
772 725 836 798 est,
861 719 943 785 illud
968 724 1075 806 ipsum
1095 721 1248 787 excidisse
1267 717 1477 800 vocabulum,

288 828 326 895 de
358 848 420 914 quo
450 829 576 915 agitur:
607 827 684 897 τινὲς
709 825 820 902 οὕτως,
848 825 977 914 (itan),
1002 827 1057 892 σὺν
1080 836 1118 907 τῦ
1142 827 1206 908 δίνῃ
1229 833 1287 892 τῶν
1312 842 1383 892 κτλ.
1431 825 1480 891 Ne

288 935 359 1020 quis
382 934 527 1010 dubitet,
551 933 698 1019 inspiciat
722 933 799 998 haee
821 933 1011 1000 brevissima
1029 955 1066 1000 ex
1083 931 1162 999 BH:
1182 934 1279 1009 δεινή·
1300 933 1478 1013 γράφεται,

289 1041 362 1118 δίνη.
395 1039 430 1121 (l.
462 1039 564 1122 δίνῃ).
611 1040 779 1105 Praeterea
810 1039 942 1105 malim:
968 1043 984 1116 ἦ
1010 1042 1051 1105 ἔκ
1076 1039 1252 1116 τνμμίξεως
1277 1047 1336 1104 τῶν
1360 1040 1480 1130 Ιεὶνέριννν

287 1146 416 1214 θύελλα.
462 1145 645 1232 Scripturas
676 1145 842 1210 diversitas
865 1149 935 1233 ipsa
958 1147 1185 1212 absurdissime
1208 1152 1256 1212 ast
1279 1149 1478 1234 excogitata,

286 1275 322 1321 ao
351 1253 494 1318 muttum
526 1273 636 1320 vereor
660 1258 697 1317 ut
719 1272 757 1316 ex
781 1253 985 1337 antiquorum
1009 1254 1294 1341 grammatioorum
1320 1271 1479 1318 commen-

284 1353 375 1428 tariis
399 1359 536 1426 fluxerit

332 1601 363 1662 ε,
389 1574 465 1642 333.
491 1575 553 1639 Τὸν
577 1576 609 1641 δὲ
633 1574 694 1639 ἴδεν
717 1573 843 1651 Κάδμον
867 1572 1005 1654 θυγάτηρ
1030 1574 1241 1657 καλλίσφυρος
1267 1573 1339 1638 Ἰνώ.
1378 1571 1478 1654 Quae

285 1685 385 1748 ritur:
421 1681 471 1746 διὰ
508 1682 540 1746 τί
575 1677 654 1756 αὕτη
686 1677 761 1757 μόνη
794 1679 931 1760 οἰκτείρεν
961 1681 1012 1746 τὸν
1045 1679 1221 1758 Ὀδνττέει;
1254 1679 1365 1745 ariam
1389 1678 1422 1745 δὲ
1445 1679 1479 1743 ἐκ

288 1798 344 1864 τῆς
373 1785 496 1864 λέξεως.
519 1786 597 1866 Φησὶ
622 1785 805 1863 octontuta
833 1782 983 1865 ἄνθρωπον
1008 1780 1115 1850 sivae
1139 1785 1291 1865 πρότερον.
1316 1787 1355 1857 ὥς
1381 1785 1479 1860 ὄρινεν-

288 1895 389 1969 satta
422 1889 471 1959 οὖν
504 1890 686 1980 [ἄνθρωπος]
721 1890 843 1963 εἰκότως
874 1891 1012 1972 οἷκτεΙρεν
1042 1894 1093 1958 τὸν
1125 1890 1292 1958 'Obtorto
1318 1893 1371 1957 οὐκ
1396 1892 1480 1956 ivau-

290 2007 408 2068 τννῡτνν
433 1997 480 2066 οὖν
505 2000 736 2066 Ποσειδῶνι.
760 1999 898 2071 κάκεῖνος
919 1999 981 2080 γὰρ
1001 1996 1082 2064 οἶδεν
1103 1995 1149 2064 ὅτι
1167 2001 1216 2064 δεῖ
1233 1997 1476 2074 σωθῆνανκῦτόν.

291 2108 343 2198 (Q)
370 2107 493 2173 Ultima
515 2107 588 2171 inde
612 2107 652 2170 ab
675 2106 857 2182 ν’μονντκθὶκ
882 2111 956 2171 sunt
980 2107 1077 2171 etiam
1102 2106 1136 2170 in
1159 2104 1194 2170 Τ.
1221 2103 1318 2192 (App.
1344 2126 1377 2191 p.
1400 2101 1479 2190 Γ264)

289 2217 345 2301 qui
376 2235 434 2280 sua
463 2212 592 2299 quidem
616 2211 655 2278 de
678 2231 764 2278 more
786 2213 867 2278 vitia
890 2211 1005 2286 habet,
1032 2213 1085 2277 sed
1108 2212 1185 2277 feeit
1208 2212 1248 2276 ad
1271 2231 1372 2277 unum
1396 2211 1479 2276 Am·

288 2323 426 2388 brosiani
446 2320 599 2386 mendum
621 2317 815 2396 tollendum,
840 2318 923 2404 quod
943 2321 1011 2385 sine
1030 2320 1099 2384 sius
1119 2338 1178 2405 ops
1198 2318 1357 2412 editorum
1378 2319 1478 2384 aetem

288 2428 460 2516 effugisset.
507 2426 633 2492 Habet:
665 2427 718 2491 οὐκ
753 2426 944 2491 ἐναντιοῦται
976 2426 1007 2490 δὲ
1043 2424 1057 2490 ὅ
1089 2425 1307 2499 Ποσειδῶν,
1332 2425 1418 2493 uude
1446 2427 1480 2490 iu

289 2535 315 2616 Q
335 2554 458 2621 quoque
477 2535 696 2598 nominativus
715 2531 953 2616 adsciscendos,
966 2533 1021 2618 qui
1040 2554 1123 2598 uuus
1135 2535 1309 2598 sententiae
1321 2535 1479 2598 convenit.

285 2640 347 2708 Sed
372 2642 475 2726 priora
489 2642 586 2704 etiam
608 2660 703 2703 suum
724 2640 843 2705 uitium
865 2639 999 2715 habeut,
1020 2641 1073 2703 cui
1093 2638 1232 2704 tollendo
1253 2639 1375 2706 codiuts
1387 2659 1479 2725 opem

285 2746 408 2813 nullam
432 2746 548 2810 ierunt.
597 2744 748 2810 Potestne
772 2747 889 2809 Graece
914 2744 976 2810 dioi
1000 2747 1054 2816 rto
1080 2743 1142 2810 Ἰνὼ
1167 2744 1305 2824 πρότερον
1329 2743 1479 2826 ἄνθρωπον

286 2849 409 2929 εἶναι,
441 2851 557 2917 utino
581 2851 659 2918 olim
681 2850 825 2916 mortalia
844 2853 945 2938 fuisse
967 2849 1188 2940 significetur?
1213 2849 1338 2932 Quanto
1364 2853 1481 2938 melius

285 2959 411 3026 Scholia
442 2956 583 3046 Vulgata
612 2957 687 3023 hino
719 2963 884 3043 excerpta:
911 2958 993 3022 ἐλεεῖ
1016 2958 1109 3023 αὐτὸν
1132 2961 1170 3030 ὥς
1196 2957 1347 3037 ἄνθρωπος
1370 2983 1479 3037 yson·

286 3063 382 3145 μένη
419 3068 492 3130 Ἰνώ.
539 3065 626 3130 Hiuo
661 3068 757 3130 etiam
793 3067 826 3128 in
862 3063 888 3144 Q
920 3065 1161 3153 corrigendum:
1187 3065 1265 3143 Φησὶ
1293 3068 1358 3147 γὰρ
1382 3068 1480 3141 αὐτὴν

286 3172 457 3253 ἄνθρωπον
495 3172 743 3259 (yspaniam
776 3171 926 3252 πρότερον.
973 3171 1077 3238 Simul
1105 3170 1255 3252 ἅνθρωπος
1280 3173 1388 3239 abesse
1413 3194 1480 3239 ma·

286 3279 362 3358 lim,
387 3279 441 3346 sed
463 3277 523 3344 hoo
546 3281 579 3344 in
603 3283 670 3344 tam
693 3277 770 3345 erili
795 3285 941 3365 excerpto
964 3299 1025 3344 non
1050 3299 1192 3366 urgeam.

329 3517 362 3577 ε,
396 3491 473 3558 334,
512 3491 712 3577 Quantopere
749 3493 783 3555 in
814 3490 1060 3576 interpretandis
1091 3490 1196 3556 verbis
1227 3489 1290 3563 θεὸς
1315 3498 1347 3557 et
1370 3491 1478 3572 βροτὸς

282 3602 439 3676 αὐδήεντα
464 3604 586 3666 veteres
611 3598 839 3673 titubaverint,
866 3619 903 3661 ex
930 3597 1060 3663 Lehrsio
1080 3596 1192 3684 (Arist.
1214 3619 1244 3682 p.
1268 3597 1309 3662 41
1331 3621 1393 3666 seo.
1414 3599 1480 3682 ed.)

194 3713 198 3724 '
283 3713 395 3773 notum
433 3712 489 3772 est.
537 3706 575 3771 Iu
610 3706 726 3772 nostris
759 3701 887 3768 scholiis
916 3704 1058 3788 primum
1090 3705 1185 3770 breve
1216 3711 1401 3791 excerptum
1431 3713 1479 3772 est

284 3811 497 3902 vulgatorum
525 3813 577 3898 (ex
601 3809 809 3896 amplioribus
833 3807 917 3886 iliis,
943 3831 1023 3894 quae
1047 3831 1076 3896 p.
1103 3807 1168 3875 278
1192 3809 1213 3875 l.
1241 3811 1280 3875 15
1296 3849 1336 3860 -
1359 3834 1389 3898 p.
1412 3811 1479 3898 279

282 3919 304 3986 l.
331 3918 350 3985 9
376 3921 615 4005 proponuntur),
643 3915 755 3981 deinde
778 3921 871 3980 notae
895 3915 989 3999 paulo
1014 3915 1191 3993 uberiores,
1214 3919 1383 4004 inquibus
1405 3919 1481 3986 Por·

285 4027 459 4114 phyriouae
490 4043 614 4109 quoque
639 4023 863 4106 disputationis
887 4022 1033 4088 membra
1057 4022 1197 4088 disieota.
1245 4023 1293 4089 Ex
1317 4028 1422 4111 primo
1448 4033 1481 4092 et

282 4133 400 4199 ultimo
424 4129 550 4196 Soholio
573 4149 657 4193 nunc
680 4127 807 4193 minuta
826 4127 981 4213 quaedam
1001 4127 1265 4214 mentastram,
1286 4130 1325 4197 de
1348 4135 1481 4199 casteria

281 4241 344 4306 huo
378 4236 609 4324 pertinentibus
640 4236 673 4298 in
704 4233 805 4300 altera
829 4240 919 4319 parts
943 4235 1173 4321 disputaturus.
1217 4237 1366 4305 Scholion
1389 4239 1479 4308 sxV

280 4350 326 4412 na
356 4345 469 4410 editur.
498 4342 607 4421 βροτὸς
639 4339 815 4413 αὐδήεσσαι
842 4344 929 4419 ἤτοι
958 4340 1121 4418 δνκβόνρτνς
1147 4343 1197 4408 διὰ
1223 4345 1265 4409 τὰ
1290 4345 1478 4422 τύμβκντει,

282 4455 299 4534 ἢ
337 4452 401 4516 ἐπεὶ
438 4454 462 4518 oi
501 4447 645 4532 ἄνθρωπον
681 4451 852 4536 φωνήεντες
888 4450 959 4529 πρὸς
991 4450 1032 4514 τὰ
1062 4449 1152 4513 ἄλλαν
1182 4449 1255 4531 ζῷεν.
1286 4451 1479 4528 titianeni
