3278 5148
713 363 778 432 335

155 561 350 642 μνηστήρων·
387 555 448 622 εἴτε
484 554 624 634 προειδὼς
660 556 702 622 τοὶ
738 555 895 633 μέλλοιτο
932 555 1020 634 ἔμενε
1052 559 1124 634 μετ’
1156 555 1347 644 sorcian)

154 667 305 736 Portenta
338 666 454 732 veteris
484 663 651 741 editionis,
682 664 735 728 τὸν
760 663 864 738 είοίδην
888 664 1023 751 (Aeros.)
1049 665 1233 749 ἐσκέπτετο,
1257 656 1349 745 νοροσ·Ι

115 787 125 831 ι
154 775 256 858 ειδώς,
281 773 471 862 procuravit
499 773 731 847 Buttmannus,
767 771 821 836 scd
858 776 896 836 ut
919 774 1026 838 omnia
1049 777 1121 856 apte
1144 771 1346 848 cohaereant,

90 865 96 880 ⁵
155 883 205 948 bis
241 879 405 945 inserenda
421 883 485 944 ost
516 875 670 961 particula
704 873 764 941 ὅσοι
801 876 862 942 εἴτε
894 878 958 958 γὰρ
989 873 1022 962 (ὅ
1026 903 1044 943 τ
1054 879 1078 963 ι)
1109 881 1152 956 μή
1178 875 1212 954 ήν
1234 877 1348 956 μάντις

156 989 281 1079 σίληίήςν
297 1022 345 1036 --
371 983 456 1062 ἄξιος
481 983 661 1048 οἰποίοονεῖν·
689 1017 738 1034 --
763 982 826 1050 εἴτε
851 979 904 1071 (ὅτ
914 986 936 1070 ι)
960 984 1099 1065 προειδὼς
1122 985 1166 1050 τὰ
1189 985 1348 1064 μέλλοιτο

155 1094 243 1174 ἔμενε
265 1096 336 1172 μετ’
362 1101 473 1166 αὐτῶν.

201 1314 246 1389 ψ,
274 1306 348 1374 161.
373 1305 409 1372 In
436 1307 670 1390 comparatione
694 1307 819 1390 saepius
845 1307 981 1392 repetita
1004 1305 1042 1372 ad
1065 1303 1179 1384 τέχνην
1201 1302 1349 1377 παντοίην

156 1415 199 1497 Q:
236 1415 442 1496 χρυσοχοϊκὴν
466 1411 622 1487 δηλονότι·
647 1412 679 1477 οὐ
705 1413 767 1492 γὰρ
793 1412 906 1494 τέχνην
931 1412 1085 1486 παντοίην.
1134 1410 1248 1476 Manca
1270 1411 1348 1476 haec

156 1529 250 1606 eunt,
283 1524 329 1586 ita
363 1521 427 1586 fere
462 1518 654 1605 supplenda:
691 1522 724 1584 οὐ
760 1519 823 1599 γὰρ
856 1519 969 1601 τέχνην
1001 1519 1148 1593 παντοίην
1178 1513 1274 1601 (οἶδε
1296 1515 1350 1583 vol

157 1627 415 1713 iniecerat.)
447 1626 567 1694 Maiore
596 1628 666 1692 iure
699 1625 808 1692 eadem
841 1628 1034 1711 comparatio
1063 1627 1199 1692 occurrii
1222 1623 1242 1706 ζ
1264 1621 1349 1708 234,

154 1734 240 1813 235,
277 1735 315 1802 ad
352 1754 447 1819 qnam
484 1736 566 1798 inter
601 1732 664 1798 alia
697 1737 728 1798 et
760 1733 837 1800 haec
870 1732 1034 1798 dicuntur:
1067 1731 1180 1812 τέχνην
1204 1731 1350 1806 ποντοίην

153 1841 404 1929 intellegendum
431 1861 498 1906 esse
521 1838 628 1904 ποίνποο
653 1841 696 1904 τοὶ
720 1839 795 1919 μέρη
820 1846 874 1912 τής
897 1840 1009 1919 τέχνης
1028 1839 1045 1914 ή
1068 1847 1122 1914 τῆς
1142 1842 1371 1938 χρυσοχοϊκής.

154 1939 279 2032 τέχνης.
319 1952 427 2012 ποῖσοιν
462 1948 517 2020 τήν
551 1947 637 2010 κοοτοὶ
669 1948 757 2024 μέρος
791 1945 963 2025 capisene.
996 1944 1112 2031 (HQT)
1149 1943 1212 2010 Sed
1243 1947 1276 2009 in
1299 1944 1351 2010 his

154 2076 280 2142 quoquc
301 2057 417 2120 vitium
443 2058 506 2131 est,
534 2073 574 2118 ne
596 2056 630 2116 in
653 2055 768 2120 nostris
792 2052 920 2137 quidem
944 2051 1149 2137 scriptoribus
1173 2051 1350 2128 ferendum,

155 2177 187 2228 ct
209 2163 384 2246 repetitum
408 2159 521 2240 τέχνης
546 2161 673 2246 ingrato
697 2179 791 2242 sono,
813 2166 845 2224 et
865 2159 1028 2224 distinctio
1047 2159 1132 2224 facta
1149 2159 1351 2242 ineptissima

155 2271 240 2334 inter
274 2265 387 2345 τέχνην
419 2250 462 2331 et¹
481 2267 687 2346 χρυσοχοϊκὴν
711 2265 842 2344 τέχνην,
868 2268 957 2350 quasi
982 2265 1115 2331 ethaeo
1138 2283 1199 2331 non
1224 2285 1274 2330 ars
1297 2266 1349 2328 sit.

157 2374 232 2442 Veri
268 2373 439 2458 reponendi
476 2375 562 2438 riam
595 2372 733 2438 ostendii
764 2370 884 2436 Hcmb.
919 2374 979 2438 sisi
1012 2377 1044 2436 et
1070 2372 1138 2456 ipss
1160 2369 1349 2446 mendosus,

155 2481 254 2570 (App.
287 2501 320 2566 p.
355 2477 450 2565 7693:
482 2477 590 2543 ποίνσοο
613 2479 685 2558 μὲν
709 2483 765 2551 τῆς
789 2481 994 2558 χρυσοχοῖκής
1018 2475 1143 2558 τέχνης.
1178 2474 1249 2542 Hoc
1272 2475 1352 2542 duce

156 2588 371 2675 corrigamus:
396 2585 504 2650 ποίντοι
528 2586 569 2650 τοὶ
594 2584 672 2667 μέρη
696 2593 752 2660 τής
777 2585 908 2664 τέχνης,
929 2584 1035 2670 ή(ποι)
1056 2590 1111 2658 πής
1131 2585 1350 2664 χρυσοχοϊκής,

157 2695 257 2762 altero
282 2693 395 2776 τίχνης
421 2695 532 2760 electo·

203 2933 241 2993 ω,
268 2908 298 2973 1.
323 2907 506 2982 Κυλλήνιοςε
532 2908 546 2972 ὁ
568 2907 738 2984 τιμώμενος
762 2907 792 2971 ἐν
816 2909 976 2987 Κυλλήνη.
1001 2904 1066 2970 ἔστι
1092 2905 1124 2970 δὲ
1147 2904 1208 2986 ὄρος
1233 2905 1363 2985 'Acen'

158 3013 237 3089 δίοις.
270 3016 436 3088 Κυλλήνιος
470 3016 484 3080 ί
516 3016 573 3078 τῶν
606 3013 744 3078 κυλοίδιον
777 3011 857 3094 ἔχων
888 3013 947 3086 τοὶς
973 3011 1235 3090 ήνίοιςῇκυλοίδες
1260 3011 1291 3077 δὲ
1317 3011 1350 3080 οιί

158 3123 216 3186 ὑπὸ
241 3121 310 3192 τοὺς
336 3107 690 3204 ίφίκλμοὺς,ίίύτητες.
714 3120 728 3184 ὁ
753 3119 784 3184 δὲ
807 3126 927 3198 Ἐρμῆς
953 3117 1084 3197 alysson
1108 3119 1160 3184 κοί
1181 3127 1348 3198 πομπαῖος.

160 3228 245 3315 (HQ)
280 3227 316 3292 Si
341 3249 435 3313 quem
461 3231 552 3292 iuvat
575 3226 721 3292 codicum
746 3225 1008 3291 hallucinationes
1028 3245 1218 3314 cognoscere
1241 3227 1293 3293 rel
1318 3229 1353 3316 in

158 3333 408 3420 simplicissimis
438 3334 544 3399 verbis
572 3335 772 3408 commissas,
808 3331 924 3397 horum
956 3335 989 3396 in
1013 3331 1041 3413 Q
1065 3335 1255 3418 scripturam
1279 3354 1353 3399 con·

159 3441 274 3507 rideret
306 3440 403 3505 hanc:
437 3438 498 3504 ὅτι
530 3445 661 3515 κῶμος
689 3439 722 3526 (i.
749 3460 775 3503 o.
802 3437 815 3504 ί
840 3440 1022 3523 τιμώμενος)
1049 3441 1078 3504 ἐν
1103 3449 1141 3522 τῇ
1168 3439 1354 3522 Κυλλήνήή

161 3548 288 3632 (villoso
318 3549 503 3632 repetitum)
535 3547 615 3610 ἐστιν
648 3543 709 3624 ὄιος
742 3543 927 3630 Ἀρκοιδίοος,
960 3545 977 3621 ή
1012 3546 1025 3610 ὁ
1057 3552 1116 3611 τῶν
1145 3546 1353 3612 κυκλοίδον

63 3695 65 3700 -
122 3677 126 3689 “
161 3653 218 3738 (sic
243 3659 375 3738 uterquc
399 3652 513 3729 codor,
539 3654 674 3717 correrii
697 3649 892 3738 Dindorfius)
917 3649 997 3732 ἕχον
1021 3651 1079 3725 τὰς
1106 3652 1208 3731 ήνίοις,
1236 3652 1353 3718 κυκλοί-

161 3759 208 3830 δες
238 3759 270 3824 δέ
300 3773 371 3824 κτλ.
413 3757 523 3824 Unum
548 3763 674 3823 lantum
699 3759 731 3822 in
756 3755 783 3832 Q
807 3759 924 3822 rectius
948 3763 996 3822 est
1020 3759 1191 3844 scriplum,
1216 3760 1354 3826 disiunc-

161 3870 262 3932 tivam
293 3867 362 3932 dico
393 3865 601 3952 particulam,
634 3885 714 3950 quae
745 3863 830 3929 malo
854 3865 942 3930 abest
966 3865 1005 3929 ab
1029 3863 1079 3951 H,
1104 3869 1138 3930 in
1163 3886 1224 3952 quo
1248 3867 1355 3934 codice

163 3971 336 4056 (Diodorfio
358 3985 507 4038 monente
529 3975 564 4036 in
586 3971 691 4038 Praei.
714 3993 745 4056 p.
770 3973 851 4052 uxr)
878 3973 938 4036 tria
962 3971 1039 4036 haec
1062 3972 1182 4038 scholia
1205 3984 1296 4040 sunl:
1310 4011 1354 4024 -

45 4095 50 4110 ·
162 4079 346 4158 Ἀρκοιδίοοςε
370 4117 422 4155 -‚
438 4117 479 4128 -
502 4079 658 4152 ίίύτητεςε
677 4117 729 4152 -,
745 4115 785 4128 -
800 4086 977 4155 πομπκίοςτ
993 4115 1033 4127 -
1050 4077 1111 4144 sed
1135 4080 1354 4168 coniungenda

162 4203 227 4249 esse
258 4189 380 4258 omnia.
415 4188 448 4250 in
479 4186 563 4250 hunc
594 4185 727 4250 modum
757 4189 913 4250 correcta:
940 4223 1036 4233 —-
1068 4186 1245 4263 ’.λςκοδίος
1278 4183 1354 4274 (Ἢ)

162 4293 327 4366 Κυλλήνιος
352 4294 365 4357 ὃ
391 4299 448 4356 τῶν
470 4291 610 4356 κυλοίδων
630 4291 710 4370 ἔχων
730 4290 788 4359 τὰς
811 4292 895 4364 ήνίκς
916 4305 999 4370 κτλ,
1020 4299 1144 4376 practer
1164 4313 1229 4356 rem
1251 4293 1352 4378 ipsam

162 4401 193 4462 ci
225 4419 304 4483 quae
333 4401 364 4464 in
390 4397 416 4463 V
441 4403 515 4464 sunl
540 4402 636 4464 etiam
662 4395 925 4486 Etymologicum
951 4397 1109 4488 Magnum
1135 4397 1353 4485 confirmabit,

163 4501 256 4588 plana
291 4505 399 4572 eadem
435 4505 489 4572 scd
521 4501 616 4591 paulo
647 4504 826 4572 securalius
857 4503 986 4584 docens,
1018 4525 1098 4592 quae
1136 4526 1185 4572 res
1221 4505 1355 4574 editores
