3278 5148
732 311 795 392 th

217 531 254 597 η’,
280 512 332 580 32.
381 514 469 582 Dicit
494 520 587 606 virgo
611 517 649 584 de
674 517 888 582 Phaeacibus:
913 517 944 580 οὑ
969 514 1032 594 νοδρ
1056 501 1167 591 ξείνους
1193 506 1254 576 οἵδε
1281 507 1359 588 μοίνί

172 621 341 700 ἀνθρώπους
366 623 544 704 ἀνέχονται.
581 623 789 690 Observatur:
811 623 879 686 ἀντί
902 626 971 706 ποῦ’,
995 625 1161 699 ἀνθρώπους
1186 621 1358 701 ἀνέχοντας

171 727 390 808 ὑποδέχονται.
424 729 507 816 (PQ)
535 729 608 796 Non
638 733 712 816 noui
746 730 912 807 ἀνθρώπους
943 727 1134 809 ἀνέχοντας,
1159 726 1214 791 sed
1237 725 1360 790 intelle·

171 853 298 920 geram:
329 835 396 900 clusi
422 842 494 912 τοῦ,
520 839 573 914 (οὐ
598 837 725 915 μάλα)
750 837 917 915 ἀνθρώπους
942 835 1220 913 ἀναδέχονται
1246 833 1262 907 ἢ
1288 833 1359 896 ὑπο-

171 937 335 1020 δέχονται,
357 941 624 1026 quemadmodum
645 941 823 1007 consimilia
843 939 1024 1007 Telemachi
1048 942 1145 1006 verba
1167 942 1194 1024 (ρ
1210 941 1268 1022 12,
1286 938 1358 1022 13):

171 1048 226 1124 ἐμὲ
257 1049 283 1112 δ’
318 1047 417 1120 οὔπως
452 1047 535 1114 ἕσσον
567 1047 714 1120 ἅπαντας
747 1049 913 1128 ἀνθρώπους
947 1049 1114 1130 ἀνέχεσθαι
1138 1050 1364 1131 interpretatur

171 1152 336 1238 Apollonii
360 1154 518 1220 Lexicon:
543 1157 786 1235 ἀνέχεσθαι·
814 1157 830 1230 ἧ
854 1155 910 1230 μὶν
936 1152 1019 1230 λέξις
1041 1156 1071 1218 ἐν
1090 1164 1128 1234 τῇ
1151 1178 1165 1231 ρ
1184 1161 1238 1227 τῆς
1252 1151 1363 1216 Ὀδυσ-

170 1259 277 1334 σείας,
305 1297 345 1312 --
361 1260 483 1336 -δηλοῑ
503 1261 535 1328 δὲ
559 1264 593 1326 πθ
617 1260 824 1340 ἀναδέχεσθαι
849 1261 901 1326 καί
926 1259 1113 1341 δοαβθσκεον.

216 1496 252 1544 η,
277 1467 329 1536 36.
378 1470 428 1536 Ad
451 1477 509 1536 τῶν
534 1471 596 1544 νέες
623 1473 725 1536 ὠκεῖαν
747 1471 817 1536 ὡσεί
836 1473 945 1551 πτερὸν
966 1471 997 1545 ἠὲ
1018 1471 1117 1548 νόημα
1136 1470 1236 1537 ΒΕΤε
1262 1472 1360 1543 ἐντεῦ-

170 1578 217 1640 θεν
251 1576 286 1642 τὸ
320 1580 521 1658 παροναοῶδες
555 1578 722 1658 »διίπτατο
753 1578 779 1642 δ’
814 1576 892 1644 ὥστε
923 1576 1055 1654 νθημα.”
1101 1577 1185 1645 Tum
1217 1581 1361 1664 sequitur

168 1681 259 1748 nullo
281 1681 434 1749 lemmate
458 1687 671 1770 praescripto,
696 1687 786 1770 quasi
810 1705 927 1750 novum
954 1691 1035 1750 esset
1054 1683 1213 1769 scholion,
1235 1706 1274 1750 ex
1293 1687 1360 1750 eolo

168 1788 213 1854 h:
245 1789 280 1852 πθ
311 1790 374 1867 γὰρ
404 1791 564 1868 ἐνθύμημα
596 1791 648 1854 καί
676 1792 718 1854 τοὶ
743 1791 836 1870 πθρρνο
861 1787 1068 1872 Φαντάζεταν.
1101 1789 1191 1856 Satin
1214 1798 1357 1870 certum,

168 1895 246 1960 haec
281 1897 440 1962 inunum
464 1917 531 1962 esse
556 1898 775 1984 coniungenda
798 1899 836 1964 de
860 1899 1020 1964 celeritate
1052 1900 1169 1962 mentis
1199 1897 1284 1961 dieta
1307 1879 1358 1972 iel

167 2003 384 2068 remotissima
415 2022 556 2088 quaeque
588 2005 780 2090 cogitatione
804 2003 1005 2090 amplectent'
1032 2000 1045 2068 l
1079 2003 1226 2089 Namque
1249 1989 1358 2084 vocem

169 2109 331 2186 ἐνθύμημα
355 2109 409 2174 hic
432 2130 493 2176 non
509 2113 723 2198 grammatica
744 2131 801 2176 sua
821 2110 1050 2200 significatione
1073 2131 1140 2176 esse
1160 2094 1358 2186 adhibitam,

168 2215 253 2282 nihil
276 2237 355 2302 opus
377 2222 425 2282 cst
449 2237 586 2284 monere.

215 2456 252 2508 η,
279 2429 332 2495 51.
382 2432 516 2497 Animos
551 2432 640 2498 addit
671 2430 817 2497 Minerva
848 2407 937 2496 Ulixi
969 2432 1020 2496 his
1043 2431 1163 2496 verbis:
1190 2432 1228 2497 οὺ
1253 2431 1278 2496 δ’
1303 2430 1358 2498 θον

170 2539 217 2602 κίε
242 2537 320 2614 μηδὲ
343 2561 373 2603 το
398 2538 479 2620 θυμῷ
506 2537 634 2617 πάρβεο·
660 2537 826 2617 θαρσαλέος
859 2539 922 2617 γάρ
946 2538 1019 2615 ἀνὴρ
1044 2539 1073 2602 ἐν
1096 2542 1190 2604 πᾶσιν
1215 2540 1357 2612 ἀμείνων.

170 2644 363 2712 Timuerunt
391 2648 596 2730 interpretes,
622 2667 662 2711 ne
685 2652 778 2730 poeta
801 2644 964 2710 audaciam
990 2665 1026 2709 ac
1049 2645 1272 2730 procacitatem
1293 2645 1362 2713 lau·

169 2753 260 2818 desse
283 2751 453 2817 videretur.
504 2749 658 2816 Certatim
680 2754 782 2840 igitur
794 2751 832 2816 de
845 2770 921 2816 voce
933 2750 1098 2830 θαρσαλέος
1112 2751 1357 2827 adnotaverunt,

168 2857 293 2925 ,scilicet
315 2879 355 2922 ne
378 2857 450 2944 quis
474 2857 554 2922 forte
577 2856 753 2944 simplicior
774 2861 808 2922 in
827 2877 966 2922 errorem
985 2856 1203 2942 induceretur,
1217 2859 1231 2922 θ
1244 2882 1363 2940 πεπαρ-

169 2963 369 3046 ρησοασμένος
395 2965 447 3030 καί
474 2962 641 3048 εθτολροος,
665 2965 726 3046 οὐχ
750 2965 764 3029 θ
789 2963 920 3043 θρασύς·
944 2965 1054 3028 ἐκεῖνος
1079 2965 1292 3042 adsciscitis.
1309 2944 1360 3029 θοαί

171 3069 253 3136 ἔστιν
274 3073 379 3136 οἰκεῖον
403 3081 440 3154 τῇ
465 3074 579 3154 Ἀθηνᾷ
603 3071 639 3134 πθ
663 3079 717 3145 τῆς
744 3075 879 3148 γνώμης.
906 3071 957 3134 καί
980 3071 1014 3149 ἐξ
1032 3069 1170 3149 ἀνδρείας
1200 3069 1253 3133 καί
1277 3085 1362 3148 λοχι-

168 3183 249 3256 ceco
271 3178 353 3256 ὀρθοῦ
369 3179 403 3244 τθ
427 3180 543 3257 θαρρεῖν
567 3177 769 3256 περνχίνεπαο.
794 3183 916 3242 τοῦτο
941 3177 1019 3256 γὰρ
1043 3176 1126 3241 δοκεῖ
1143 3177 1361 3256 παραιτεῖσθαι

168 3289 223 3356 τὴν
249 3285 418 3365 παρρησίαν
442 3283 685 3360 Ὀδυσσέας,
722 3281 767 3348 ὅτι
793 3281 874 3359 ξένος
899 3283 1085 3363 ἐτύγχανεν.
1112 3283 1288 3361 θποβάλλεο
1313 3281 1362 3350 ὀὖν

169 3388 216 3458 dm
246 3392 299 3455 καί
336 3390 387 3454 τθν
423 3396 555 3456 τοιοῦτον
589 3391 702 3468 θαρρεῖν
733 3391 797 3466 δεῖ,
829 3390 854 3454 εί
884 3389 994 3464 μέλλεν
1020 3388 1168 3468 σωτηρίας
1191 3387 1362 3466 τεύξεσθαι.

173 3495 295 3586 (cod.)
324 3497 448 3562 Desinit
475 3496 502 3561 'l'
538 3499 571 3561 in
606 3497 755 3576 περνχίν.,
795 3502 957 3582 praeterea
987 3497 1110 3562 omittit
1141 3496 1193 3560 aei
1227 3502 1299 3561 ante
1327 3495 1364 3582 ,⁶¹5

171 3605 322 3683 ἀνδρείας.
347 3603 419 3669 Non
443 3609 490 3670 cst
506 3604 557 3670 his
576 3604 704 3668 indiciis
724 3625 802 3690 opus
814 3609 852 3668 ut
863 3603 969 3670 locum
985 3603 1245 3668 obscurissimum
1258 3603 1362 3669 labem

171 3731 304 3798 possum
323 3731 389 3776 esse
410 3711 596 3786 credamus,
617 3713 650 3776 in
672 3731 733 3794 quo
753 3730 854 3796 neque
874 3709 1063 3793 dispicitur.
1085 3707 1161 3793 quid
1182 3708 1243 3772 sibi
1264 3707 1365 3773 velint

172 3824 253 3887 ista:
279 3818 331 3882 καί
357 3817 439 3882 ἔστιν
464 3819 569 3882 οἰκεῖον
588 3841 618 3882 τ.
645 3817 711 3881 Ἀθ.
735 3817 770 3880 πὸ
793 3824 848 3890 τῆς
867 3818 1009 3894 γνώμας.
1031 3815 1136 3880 media
1154 3817 1365 3880 inscrtainter

173 3925 404 4012 expositionem
429 3923 623 3990 discriminis
642 3927 694 3988 τοῦ
716 3922 836 4000 θρασέος
858 3927 890 3986 ct
908 3926 961 3984 τοῦ
975 3922 1161 4000 θαρροῦντος,
1174 3941 1276 4005 neque
1288 3921 1364 4005 quid

174 4035 226 4098 aci
252 4037 325 4098 ante
350 4031 384 4110 ἐξ
407 4029 564 4107 ἀνδρείας,
595 4051 667 4096 cum
692 4030 892 4096 adversativa
916 4026 1073 4113 particula
1095 4030 1289 4112 requiratur,
1313 4048 1366 4094 ne-

175 4161 236 4225 que
266 4139 332 4218 γὰρ
368 4143 439 4223 post
474 4141 585 4222 τοῦτο,
615 4137 698 4222 quod
728 4143 760 4201 et
788 4138 895 4222 ipsum
927 4155 1128 4220 perversum,
1162 4133 1286 4199 tandem
1310 4154 1367 4199 cur

174 4247 347 4335 genetivus
383 4241 554 4315 Ὀδυσσέως
588 4244 718 4310 caeteris
751 4243 840 4308 vitiis
871 4249 1023 4327 tanquam
1054 4239 1203 4305 cumulus
1226 4240 1365 4308 accedat.

175 4352 298 4426 Locus,
335 4353 362 4415 si
396 4350 473 4434 quid
509 4349 635 4433 iudico,
675 4353 728 4414 ex'
751 4349 908 4433 impedito
947 4353 980 4412 ct
1019 4349 1150 4413 obscuro
1185 4351 1369 4432 perspicuus

177 4457 336 4526 etfacilis
366 4456 534 4522 intellectu
571 4455 684 4521 evadet
720 4456 873 4520 adhibitis
910 4455 1153 4539 transpositione
1184 4459 1216 4518 et
1248 4453 1372 4522 lenibus
