3278 5148
875 387 939 460 324

312 591 504 659 scribamus:
540 588 575 652 τὸ
610 591 723 665 πρῶτον
754 611 783 649 τ.
816 601 871 652 πλ.
904 585 1014 666 χωρίον
1044 587 1264 666 γινωσκόμενον
1296 589 1499 668 παρέλαβεν,

313 700 508 778 ἀξιοπιστίαν
540 703 603 766 τοῖς
635 692 705 769 ἑξῆς
738 694 967 772 παρεχόμενος,
994 695 1063 758 ίαν
1087 699 1150 760 πᾶν
1172 696 1255 775 ίχνος
1282 699 1369 764 κατὰ
1393 703 1502 766 πᾶσαν

312 808 412 887 ιίρχήν
441 803 593 886 ζητήσεως
628 802 741 880 (μετέ
750 805 831 884 χρ),
865 806 898 865 et
929 803 1085 866 sententia
1114 805 1215 868 exibit
1238 804 1323 870 haud
1348 827 1425 874 sane
1449 807 1501 872 ab·

312 913 408 979 surda
432 919 464 977 et
488 911 527 977 ab
550 914 697 976 accurato
719 907 878 972 humanae
900 905 1016 972 indolis
1040 910 1242 976 aestimatore
1266 913 1429 995 profeotn.'

358 1153 383 1207 ι,
408 1125 464 1192 81.
558 1121 664 1189 Ἀλλοί
687 1145 730 1198 με
753 1125 841 1198 κῦμα
864 1122 926 1202 Ιόόος
950 1145 983 1184 τε
1009 1123 1288 1201 περιγνόμπτοντα
1311 1125 1462 1191 Μιίλεοαν

556 1231 609 1296 καί
634 1231 738 1309 Βορέης
763 1228 905 1304 ἀπέωσε,
931 1227 1157 1308 παρέπλαγξεν
1182 1231 1213 1296 δέ
1238 1232 1386 1310 Κυθήρων.

302 1341 460 1409 Scholion
494 1360 532 1404 ex
567 1336 610 1402 T:
646 1337 827 1412 ἀναγκαίως
860 1333 1036 1413 πρόσκειται
1066 1333 1115 1400 ίνα
1148 1338 1192 1413 μή
1225 1336 1379 1418 ζητῶμεν,
1416 1337 1500 1420 είπερ

311 1447 459 1516 Miserae
501 1443 697 1524 ὑπερέβαλε,
742 1447 806 1505 πῶο
850 1441 942 1506 τοῦτ’
992 1442 1121 1515 ήθόνατο
1164 1429 1231 1509 didi
1266 1451 1324 1510 τῶν
1362 1445 1501 1524 Κυθήρων

311 1551 528 1634 προσδραμών,
563 1555 616 1614 τοῦ
652 1549 774 1626 μεταξὺ
810 1547 891 1617 όνσος
924 1547 1031 1628 πόρους
1064 1551 1178 1620 αίτίους
1214 1547 1263 1617 οὖν
1301 1551 1380 1630 φησί
1417 1553 1499 1632 γάρ,

205 1705 210 1714 ·
313 1662 422 1740 Βορέας
466 1657 517 1722 καί
561 1661 649 1730 κῶμα
692 1656 745 1718 καί
785 1659 851 1734 ρὀῶς
893 1653 971 1720 ἔνθεν
1006 1655 1068 1720 aet
1104 1665 1159 1730 τῆς
1196 1658 1262 1735 περὶ
1300 1659 1343 1722 τθο
1378 1663 1499 1739 Κιίθηρα

311 1768 470 1839 θαλοίσσης
502 1749 687 1829 όπέσπασεν
718 1764 820 1840 ήμῖις·
852 1761 998 1836 πιθανῶς,
1033 1757 1082 1826 ίνα
1106 1765 1161 1836 τήν
1187 1763 1242 1839 ἔξω
1268 1766 1389 1839 πλόνην
1415 1769 1498 1846 πορί-

311 1898 413 1949 σηται.
450 1871 549 1938 Piena
572 1870 648 1935 haee
671 1875 746 1934 sunt
768 1867 977 1953 ineptiarum,
998 1887 1134 1952 quarum
1153 1889 1250 1935 unam
1269 1873 1393 1936 invexit
1411 1871 1497 1938 Prel-

309 1982 413 2056 lsrun,
449 1982 483 2043 in
514 1977 647 2043 caeteris
679 1975 827 2042 tollendis
856 1979 991 2058 uterque
1021 1974 1123 2040 editor
1152 1977 1270 2042 frustra
1293 1977 1496 2044 desudarunt

309 2088 377 2155 Iam
414 2088 556 2173 primum
586 2102 649 2148 non
680 2083 845 2167 adsequor.
878 2101 936 2146 our
966 2079 1077 2146 Ulixes
1100 2079 1240 2147 Maleam
1265 2105 1414 2168 superare
1436 2104 1498 2150 non

310 2195 467 2283 potuerit,
503 2192 566 2256 nisi
601 2190 641 2255 ad
676 2187 817 2276 Cythera
848 2187 1042 2273 appulisset,
1076 2186 1127 2253 rel
1158 2192 1186 2252 si
1217 2193 1336 2275 mavis,
1368 2210 1497 2256 cursum

313 2304 488 2369 direxisset.
546 2297 714 2363 Praeterea
755 2315 818 2360 non
860 2294 965 2360 solum
1009 2296 1206 2372 προσδραμὼν
1245 2317 1316 2362 oum
1355 2298 1498 2385 genitivo

309 2413 455 2478 iunctum
480 2427 543 2471 nou
567 2421 741 2489 concoquo,
757 2439 797 2450 —
818 2402 916 2467 etiam
940 2399 1104 2468 Diodorfio
1130 2402 1231 2479 „mire
1255 2423 1328 2468 oum
1354 2407 1497 2491 genitivo

311 2511 549 2586 construetum”
580 2510 708 2576 videtur
736 2511 830 2594 (App.
859 2529 890 2594 p.
916 2507 1006 2590 777.)
1032 2545 1073 2558 -
1098 2510 1151 2578 sed
1175 2529 1276 2595 neque
1300 2509 1402 2576 ullam
1426 2531 1497 2597 par-

313 2623 415 2710 tioipii
447 2621 582 2686 formam
607 2619 725 2700 requiri
748 2621 846 2702 puto,
869 2633 971 2700 neque
995 2614 1071 2698 quid
1095 2617 1223 2681 omniuo
1246 2617 1382 2682 verbum
1408 2641 1497 2696 προσ-

313 2731 433 2811 τρέχειν
473 2725 525 2790 hic
560 2723 619 2789 sibi
656 2723 736 2788 velit
767 2721 908 2807 expedio.
956 2719 1063 2786 Verba
1093 2723 1209 2788 αίτίουο
1240 2717 1290 2787 οὗν
1320 2726 1398 2801 Φησὶ
1436 2727 1497 2802 γὰρ

311 2835 401 2903 foeda
424 2833 538 2899 lacuna
561 2831 649 2895 hiare
673 2833 770 2895 etiam
795 2829 931 2893 editores
955 2847 1016 2893 uon
1041 2826 1145 2892 latuit.
1174 2828 1280 2912 „inter
1298 2824 1348 2894 σόν
1368 2837 1402 2896 et
1420 2833 1496 2910 φησί

309 2942 403 3027 (φασί
428 2939 468 3026 Τ)
492 2937 614 3024 aliquid
640 2937 767 3002 excidit.
795 2931 843 2998 οὖν
866 2936 979 3014 φησίν·
1008 2934 1109 3012 όγίιρ
1134 2933 1494 3003 Prellerne.”1taDin·

311 3045 427 3114 dorfius
461 3048 495 3110 iu
530 3044 731 3110 adnotatione
767 3039 870 3106 textui
906 3040 1064 3114 subiecta,
1097 3047 1182 3107 rectu
1213 3042 1334 3108 iudicio
1365 3043 1498 3111 PreiIeri

310 3157 527 3220 commentum
562 3149 744 3236 neglegens.
791 3145 987 3222 Videamus,
1023 3147 1136 3231 ecquid
1165 3147 1308 3214 melioria
1330 3157 1425 3216 uotae
1447 3173 1498 3217 ex·

310 3257 452 3345 sculpere
473 3261 649 3343 possimus:
673 3253 854 3332 οίναγααίως
879 3253 1056 3327 πρόσκειται
1081 3250 1130 3318 ἵνα
1157 3255 1200 3329 μή
1225 3253 1379 3335 ζητῶμεν,
1414 3258 1497 3337 είπερ

308 3366 456 3434 Μοίλειαν
489 3362 683 3446 ὑπερέβαλε,
714 3363 778 3433 πῶς
811 3365 878 3426 oda
911 3359 1040 3436 ήδιίνατο
1076 3361 1142 3426 etat
1174 3363 1252 3446 (τόν)
1278 3370 1336 3426 τῶν
1360 3367 1497 3445 Κυθήρων

307 3457 606 3552 παραδραμεῖν,
639 3473 692 3533 τοῦ
725 3464 847 3544 μεταξὺ
873 3466 954 3537 ίντος
981 3467 1088 3547 πθρου;
1115 3469 1229 3541 αίτίους
1254 3463 1304 3534 οὖν
1329 3469 1497 3556 (ἄλλους

306 3577 565 3660 παρίστησι)·
599 3575 677 3656 Φησί
710 3576 786 3653 γοίρ,
820 3575 929 3654 Βορέας
964 3574 1015 3638 καί
1048 3579 1136 3650 κῦμα
1168 3576 1220 3638 καί
1246 3579 1312 3656 ῥοῦς
1340 3611 1394 3630 --
1418 3579 1497 3644 ἀπή.

306 3710 428 3755 σπασεν
461 3685 556 3760 ήμῶς.
604 3681 693 3763 Quod
717 3701 774 3767 pro
797 3682 882 3746 τοῦτ’
907 3681 1022 3767 scripsi¹
1047 3683 1118 3758 οὐκ,
1145 3687 1274 3748 anctore
1296 3686 1366 3769 ipso
1389 3688 1497 3754 oodioe

307 3799 384 3872 feei,
410 3793 494 3858 τοῦτ’
520 3811 558 3856 ex
582 3787 715 3854 Prelleri
738 3807 822 3872 penu
846 3793 904 3852 est.
952 3785 1107 3872 Supplevi
1133 3786 1249 3860 ἄλλους
1274 3789 1441 3868 παρίστησι
1466 3801 1497 3860 et

310 3902 462 3969 suadente
495 3897 668 3971 sententia,
694 3931 736 3942 -
760 3913 835 3959 nam
867 3894 900 3958 in
930 3915 966 3959 ea
997 3896 1067 3978 ipsa
1098 3915 1131 3960 re
1164 3899 1250 3961 totus
1272 3893 1496 3982 disputationis

310 4007 403 4076 cardo
425 4007 580 4080 vertitur,
603 4008 641 4066 nt
665 4001 900 4066 demonstretur
921 4001 1005 4086 quod
1025 4019 1044 4064 a
1063 3998 1204 4087 Cythera
1224 4001 1420 4070 aberraverit
1436 4027 1497 4072 nou

309 4117 410 4204 ipsius
437 4111 532 4198 eulpa
560 4107 712 4173 accidisse
744 4107 798 4171 sed
829 4107 972 4172 fortunae
1003 4127 1096 4182 castr,
1121 4143 1166 4158 ·-
1190 4114 1223 4171 et
1248 4113 1399 4194 quoniam
1422 4113 1498 4178 haee

309 4222 406 4290 verba
429 4222 513 4284 inter
537 4213 653 4284 αίτίσυο
678 4218 709 4279 et
731 4212 810 4292 Φησὶ
831 4213 921 4278 facile
938 4213 1082 4279 excidere
1102 4219 1275 4298 potueruut
1295 4221 1327 4281 et
1347 4219 1495 4304 quoniam

308 4327 441 4395 verbum
466 4320 635 4401 παρίστησι
660 4317 845 4384 Scholiastis
868 4320 1016 4405 inprimis
1041 4325 1089 4384 est
1120 4319 1315 4386 adamatum.
1363 4322 1496 4410 Compa-

310 4439 359 4501 ret
377 4455 409 4498 v.
422 4453 448 4495 c.
465 4429 504 4496 ad
522 4452 544 4493 α
558 4425 641 4493 374:
658 4425 894 4503 ἀναπολόγητον
913 4429 1018 4499 αὐτοῖς
1040 4427 1205 4506 παρίστησι
1227 4429 1282 4502 τήν
1294 4432 1495 4510 κατηγορίαν,

313 4541 474 4626 comparet
493 4533 534 4600 ad
551 4557 574 4612 γ
590 4531 671 4598 106:
693 4538 801 4616 σαφῶς
820 4533 851 4597 δέ
871 4535 929 4598 τῶν
951 4533 1104 4608 Ἑλλήνων
1117 4535 1317 4618 πολέμαρχον
1329 4538 1495 4616 παρίστησι
