3242 5140
721 313 727 322 ’
819 345 884 414 aas

299 541 330 620 θ,
363 540 441 607 528.
477 539 589 607 Ulixes
622 539 741 605 auditis
771 539 866 604 rebus
897 537 963 604 suis
995 537 1066 620 fiet,
1099 539 1137 609 ὥς
1162 533 1193 601 δέ
1220 538 1298 614 γυνὴ
1327 534 1452 616 κλαίιισι

250 649 343 731 Φίλαν
367 645 457 714 πύσιν
479 649 709 724 ἀμφιπεσοῦσα
733 650 766 710 et
790 663 871 729 quas
895 645 1044 729 deinceps
1069 650 1254 728 sequnntur.
1292 642 1342 708 Ad
1366 663 1453 707 com·

253 757 453 841 parationem
477 752 654 840 longiorem
680 752 734 818 sed
765 753 929 817 tenerrimi
953 751 1082 815 affectus
1106 749 1323 836 plenissimam
1347 749 1452 814 obser·

254 864 343 927 vatio
374 860 524 926 rhetorici
559 861 685 946 generis
716 857 837 945 legitur
868 860 901 920 in
925 856 970 921 T:
996 855 1167 932 αὐξήσει
1195 856 1258 920 ἐπί
1287 862 1358 928 τῆς
1383 879 1455 918 πα-

255 965 438 1046 ραβολῆς
463 965 502 1029 δι’
528 965 659 1029 έκθστου
683 967 742 1028 τῶν
767 965 985 1047 ἐπαγομένων,
1009 960 1086 1026 ὥστε
1106 963 1261 1040 μηδεμίαν
1282 962 1455 1041 ὑπερβολὴν

254 1077 307 1136 τοῦ
340 1069 441 1136 οίκτσυ
472 1074 734 1136 καταλείπεσθαι.
767 1077 882 1150 πρῶτον
914 1072 970 1144 μέν
1002 1066 1049 1135 οὖν
1082 1071 1116 1135 σθ
1150 1067 1305 1148 πρθσιιπον
1335 1069 1455 1132 αὐτοῦ

256 1179 388 1258 οίκτρθν·
413 1179 464 1242 καί
490 1179 552 1256 γὰρ
577 1175 681 1248 ἄλλοις
703 1180 782 1255 γυνθ
801 1177 952 1241 κλαίουσα
973 1177 1114 1253 πένθιμον
1135 1175 1204 1256 ἔχει
1231 1178 1286 1248 riu
1310 1173 1453 1240 διοίθεοιν.

254 1283 325 1351 είτα
351 1285 500 1363 έπιίγαγε
526 1285 639 1366 ,,Φίλον
663 1283 788 1368 πύσιν,”
812 1284 842 1347 ἕν
866 1277 889 1364 ᾦ
912 1281 1041 1358 adtacti
1067 1285 1130 1346 έττι
1156 1285 1207 1348 δια
1232 1288 1284 1346 τοῦ
1299 1281 1455 1352 ἐπιθέτου·

255 1392 447 1469 καταθύμια
474 1392 536 1469 γαρ
562 1415 632 1454 τινα
657 1390 709 1454 καί
732 1375 857 1468 dosoris
879 1392 984 1467 θρηνεῖ.
1007 1385 1076 1454 εἶτα
1098 1390 1151 1454 καί
1177 1387 1456 1484 ἲ,ἀμφιπεσοῦσαῧ

255 1499 288 1563 ού
321 1501 384 1576 γαρ
417 1497 582 1562 ἀκούσασα
611 1499 666 1570 τὴν
697 1497 858 1575 ἀγγελίαν
882 1496 970 1560 citari
994 1500 1224 1575 παρατυχοῦσα
1249 1497 1314 1560 τὸν
1335 1496 1457 1577 φύνον

256 1605 308 1668 καί
341 1604 438 1682 ὁρῶσα
470 1602 499 1668 έν
531 1599 599 1682 ὄψει
632 1604 666 1667 σθ
692 1607 840 1682 πρᾶγμα.
888 1599 1074 1668 Observatio
1098 1609 1134 1668 nt
1161 1607 1273 1688 podiae
1296 1601 1395 1667 verba
1416 1601 1457 1666 il-

255 1710 387 1786 lustret,
414 1708 568 1774 nonnulla
591 1711 779 1797 corrigenda
803 1715 903 1774 erunt
953 1709 1021 1774 Iam
1049 1713 1151 1795 prima
1176 1709 1272 1774 verba
1291 1718 1456 1793 corrupta,

258 1819 292 1880 in
324 1817 441 1900 quibus
475 1818 544 1880 sive
577 1815 705 1892 αύξύσει
736 1835 793 1901 pro
823 1816 932 1880 futuro
955 1817 1149 1901 accipiamus
1173 1817 1241 1880 sive
1265 1833 1322 1900 pro
1345 1815 1456 1879 dativo

258 1922 469 1999 substantivi,
497 1928 529 1987 et
553 1921 697 1987 futurum
722 1930 755 1988 et
781 1921 911 1987 dativus
933 1941 996 1986 non
1019 1921 1112 1987 facile
1135 1942 1246 1986 sanam
1269 1923 1457 2006 interpreta-

259 2030 380 2093 tionem
414 2027 596 2093 admittent.
644 2028 784 2093 Facilius
816 2029 977 2112 capietnr:
1003 2027 1178 2104 αὔξησίς
1203 2027 1291 2092 έστι
1314 2035 1370 2102 τῆς
1396 2051 1457 2090 πα-

261 2135 398 2213 ραβολῆς
419 2132 458 2198 δι’
479 2134 611 2199 ἓκοίστνυ
632 2141 690 2198 τῶν
710 2136 932 2213 έπαγομέιων,
952 2138 1120 2200 utstatim
1140 2139 1227 2220 post:
1249 2136 1279 2198 έν
1292 2128 1314 2215 ᾧ
1326 2133 1455 2212 αύξιισίς

208 2299 226 2321 ,Ι
262 2243 327 2305 έστι
362 2240 414 2306 διθι
445 2245 498 2305 τοῦ
533 2241 678 2305 ἐπιθέτου.
727 2240 848 2307 Deinde
880 2259 941 2306 non
966 2243 1000 2305 τὸ
1025 2241 1180 2320 πρθσωπον
1204 2243 1300 2306 αὐτοῦ
1324 2241 1456 2319 οἰκτρόν,

259 2348 316 2414 sed
340 2347 442 2413 αύτύ
454 2394 462 2424 ,
486 2347 649 2435 intellegit
672 2350 759 2413 e'nim
784 2355 899 2427 σχῆμα
924 2349 1070 2426 γυναικθτ
1092 2348 1259 2422 κλαούσας.
1296 2345 1453 2424 Tandem,

261 2476 302 2520 ne
333 2457 564 2542 grammaticus
588 2457 621 2518 in
645 2457 858 2542 grammatica
881 2457 1012 2528 ratione.
1029 2455 1165 2540 turpiter
1189 2453 1330 2532 labatur,
1356 2477 1457 2533 παρα-

258 2566 402 2641 τυχοῡτα
434 2562 482 2640 τῷ
506 2558 613 2640 <Diua
638 2563 794 2645 scriptum
820 2566 951 2646 oportet.
988 2561 1135 2645 Euoras,
1156 2563 1248 2625 utin
1269 2561 1328 2627 hoc
1351 2562 1457 2628 codice

262 2668 449 2752 saepissime
481 2687 541 2732 usu
573 2669 680 2744 venit,
712 2689 750 2733 ex
785 2671 960 2754 scripturae
987 2667 1184 2754 compendiis
1217 2668 1284 2733 sive
1312 2669 1458 2734 ascribe

261 2778 330 2841 sive
354 2775 394 2839 ab
418 2774 594 2839 editoribus
618 2773 704 2840 male
729 2775 864 2860 expletis
888 2775 1050 2859 repetendi
1072 2783 1155 2839 suut.

307 2987 341 3070 θ,
375 2983 451 3050 529.
486 2985 558 3052 Vox
590 2986 696 3066 είρερος
722 2986 821 3052 semel
846 2987 930 3072 apud
953 2989 1134 3055 Homerum
1159 3009 1324 3056 occurrens
1346 3010 1457 3077 gram-

261 3093 387 3158 maticis
405 3090 619 3159 laetissimam
640 3096 836 3159 occasionem
858 3093 1005 3178 praebuit
1024 3095 1232 3184 etymologiis
1251 3115 1345 3161 omne
1357 3115 1459 3183 genus

262 3197 456 3265 luxuriandi.
494 3198 630 3279 Είρερονε
668 3200 912 3284 αἰχμαλωσίαν,
943 3200 1082 3266 δουλείαν
1107 3205 1162 3277 τὴν
1185 3202 1250 3280 περὶ
1278 3203 1321 3266 τθι
1346 3199 1459 3278 ἔργα.

264 3307 331 3370 καί
370 3305 618 3371 θναπέπλασται
655 3308 727 3371 κατ’
764 3307 865 3388 ἀρχὴν
901 3309 987 3387 παρὰ
1020 3310 1054 3372 τὸ
1074 3309 1155 3390 ‘ipris
1180 3309 1264 3384 uerri
1288 3309 1459 3387 ἐλευθερίας

263 3411 349 3492 είρειν
384 3413 436 3476 καί
473 3413 577 3491 λέγειν
613 3415 683 3482 τοὺς
717 3413 849 3483 δούλους.
897 3413 1073 3502 Hucusque
1105 3417 1267 3482 uberrime
1297 3415 1459 3502 Vulgata,

263 3519 473 3584 Ambrosiano
499 3519 552 3606 (Q)
578 3523 644 3586 iam
669 3523 703 3584 in
726 3520 813 3598 παροδ
840 3521 875 3585 τὸ
899 3520 969 3599 έροῖν
994 3522 1173 3599 desinente,
1195 3523 1278 3589 unde
1298 3533 1461 3610 gramma·

264 3629 321 3692 tici
354 3627 525 3706 sententia,
558 3629 613 3711 qui
637 3627 714 3692 haec
737 3626 816 3694 olim
841 3631 1053 3715 excogitavit,
1078 3631 1143 3694 iam
1168 3630 1331 3695 obscurior
1352 3628 1461 3694 eradit

266 3739 298 3798 et
329 3732 491 3800 difficilior
515 3731 690 3801 intellectu.
739 3733 835 3798 Peius
860 3734 969 3801 eadem
997 3735 1138 3802 mulcete
1163 3742 1211 3802 cst
1234 3739 1268 3800 in
1292 3735 1459 3810 Palatino,

265 3842 321 3925 qui
345 3840 423 3904 haec
447 3839 569 3905 seilicet
594 3842 667 3906 dat:
701 3841 929 3920 αἰχμαλωσίαν
937 3889 945 3919 ,
972 3841 1110 3907 δουλείαν
1134 3843 1188 3917 τὴν
1212 3842 1278 3922 περὶ
1303 3841 1346 3905 τοὶ
1371 3839 1458 3920 ἔργα.

265 3946 316 4008 καί
348 3945 597 4009 ἀναπέπλασται
629 3948 715 4025 παρὰ
739 3947 773 4011 πθ
799 3948 869 4026 ipris
893 3949 978 4023 μετθι
1002 3950 1016 4012 ε’
1025 3950 1117 4014 πιθυ
1126 3949 1172 4026 μί
1181 3972 1237 4022 ας.
1274 3951 1336 4015 nin
1363 3951 1461 4015 vere?

263 4053 407 4119 Servitus
438 4074 477 4118 ex
512 4055 701 4138 captivitate
735 4059 804 4118 orte
835 4054 909 4119 hinc
941 4055 1026 4121 dicta
1050 4056 1186 4140 dicitur,
1210 4057 1290 4142 quod
1308 4062 1375 4140 puis
1398 4079 1462 4120 οονι

263 4163 355 4247 effuse
385 4157 509 4240 eluit!
543 4157 615 4224 Non
648 4179 819 4243 possumus
849 4166 1010 4247 tantopere
1035 4161 1207 4228 delirantes
1230 4163 1281 4227 vel
1306 4164 1461 4247 pessimos

264 4273 297 4331 et
331 4265 566 4332 recentissimos
602 4263 837 4331 Grammaticos
870 4269 904 4330 in
940 4270 1084 4334 animum
1119 4269 1279 4334 inducere.
1340 4267 1459 4334 Verum
1555 4277 1559 4286 '
1606 4249 1607 4266 ¹

264 4370 324 4437 hoc
347 4389 472 4455 quoque
497 4370 635 4436 ioculare
658 4373 778 4437 vitium
803 4373 956 4450 ostendit,
981 4376 1089 4439 omnia
1109 4375 1141 4438 in
1161 4377 1278 4440 nostris
1296 4374 1460 4440 codicibus

265 4478 304 4544 de
334 4477 394 4542 hoc
422 4473 579 4542 vocabulo
609 4475 727 4541 tradita
749 4497 787 4541 ex
813 4498 875 4543 uno
900 4479 986 4546 fonte
1010 4481 1146 4547 evanido
1169 4486 1202 4546 et
1225 4479 1350 4546 difficili
1372 4479 1460 4546 lectu
