3278 5148
847 327 912 396 352

283 519 419 598 νεικησης
451 519 524 595 ἐμοῦ
556 517 673 584 ἕνεκεν.
698 515 777 594 αὕτη
801 519 858 597 μὲν
882 521 945 598 γάρ
971 519 1112 584 ἐκέλευσε
1138 515 1400 587 συνακολουθῆσαθ
1422 539 1473 592 μοι

281 625 422 709 δουλίδα,
446 626 508 702 eye
531 628 563 691 δὲ
587 629 683 700 αὐτὴν
707 628 760 690 οὐκ
787 626 932 700 ἠθέλησε.
981 625 1016 692 Si
1041 627 1096 700 τὶιι
1120 624 1308 692 Ναυσικάαν
1333 625 1474 707 abesset,

281 754 344 798 uon
376 732 480 798 hercle
509 733 780 816 desideraremus,
813 735 865 798 sed
897 755 936 799 ne
959 733 992 798 iu
1016 733 1135 799 talibus
1158 727 1366 818 scriptoribus
1390 733 1475 796 iusto

281 841 468 905 morosiores
491 843 602 905 sinum.
649 839 717 906 Ista
740 847 847 904 eutem
872 837 892 904 ὦ
917 839 1048 920 Ἀρήτη,
1073 861 1153 926 quae
1178 841 1205 919 Q
1228 841 1359 923 insuper
1378 839 1475 902 omit·

282 947 340 1023 tit,
365 948 441 1030 quin
461 949 649 1031 quantocius
661 949 725 1011 sint
736 945 923 1031 expellenda
933 949 1005 1032 quis
1017 943 1164 1013 dubitet?
1188 947 1259 1011 Nisi
1270 944 1351 1010 forte
1363 943 1476 1008 Ulixes

278 1054 407 1140 reginae
436 1058 567 1140 gratum
598 1053 699 1119 facere
730 1053 850 1130 voluit,
882 1061 919 1118 ut
950 1075 1020 1120 eam
1050 1055 1192 1141 epitheto
1224 1053 1297 1133 ι’ἱριεε
1326 1056 1361 1118 in
1385 1052 1474 1118 adlo-

280 1159 405 1244 quendo
436 1165 569 1224 ornaret.
616 1159 709 1234 Quod
740 1163 796 1244 qui
825 1181 939 1245 perum
962 1161 1152 1227 Homericae
1176 1159 1377 1246 simplicitati
1401 1181 1473 1225 con·

279 1285 394 1353 gruere
413 1271 499 1330 recte
519 1266 766 1338 existimabunt,
786 1265 885 1331 simul
903 1267 1160 1335 animadvertant
1178 1267 1273 1332 velim
1287 1266 1472 1351 praeceden-

282 1374 345 1448 tia,
367 1372 483 1456 quibus
503 1393 587 1436 nuno
607 1371 718 1438 Ulixes
738 1373 923 1459 respondet,
943 1395 1004 1440 non
1026 1375 1065 1439 eb
1079 1380 1177 1440 Arete
1190 1393 1256 1439 asse
1268 1373 1409 1458 proiecta
1419 1373 1473 1438 sed

281 1477 321 1541 nb
350 1476 491 1544 Alcinoo.
540 1477 707 1544 Praeterea
738 1479 799 1556 eye
831 1481 861 1544 δὲ
895 1482 991 1554 αὐτην
1015 1482 1068 1545 οὐκ
1093 1481 1225 1556 ἠθέλησα
1250 1484 1282 1544 et
1302 1479 1473 1544 obscurum

281 1589 330 1649 est
352 1589 385 1648 et
407 1584 606 1671 ambignum.
657 1585 819 1652 Praestet:
843 1586 904 1664 ἐγὼ
929 1587 960 1651 δὲ
984 1588 1106 1660 αὐτὸς
1132 1588 1185 1651 οὐκ
1210 1585 1356 1662 ἠθέλησα.

328 1797 376 1862 Ad
408 1797 544 1862 eundem
576 1817 702 1864 versum
726 1798 754 1863 'l'
779 1800 843 1865 lere
867 1821 904 1865 ea
926 1803 1142 1885 persequitur.
1168 1819 1248 1885 quae
1272 1799 1311 1864 ad
1335 1820 1382 1864 vs.
1407 1797 1475 1864 244

282 1903 486 1980 exhibuerat,
511 1925 648 1988 quocum
673 1906 750 1970 haec
774 1906 1001 1993 coniungenda.
1050 1907 1088 1971 ln
1113 1904 1173 1970 fine
1196 1905 1334 1992 legitur:
1360 1905 1474 1970 άλλ’θ

281 2010 338 2086 μὲν
361 2012 414 2084 την
433 2010 495 2086 ’μὲν
518 2013 661 2089 παρθένον
683 2013 910 2077 άιιασαισθαπον
934 2012 1110 2091 ἰφύλαξεν,
1137 2013 1244 2076 ἑαυτὸν
1272 2011 1302 2076 δὲ
1331 2011 1474 2092 ὠφέλησε

282 2116 488 2194 ψευσάμενος.
521 2119 729 2196 παραδεκτέον
759 2116 850 2203 (οὖν)
879 2118 992 2197 ψεῦδος
1025 2115 1075 2184 ὅτε
1105 2120 1213 2185 ἓανσθν
1243 2143 1290 2190 τις
1316 2118 1405 2200 σώζει
1429 2123 1473 2197 μὴ

281 2223 437 2300 βλάπτον
470 2223 521 2288 τὸν
552 2226 657 2306 Φίλαν.
704 2226 828 2292 Inserui
860 2223 907 2291 cela
938 2227 1021 2311 quod
1053 2247 1109 2292 cnr
1139 2227 1350 2291 necessarium
1375 2228 1420 2290 sit
1443 2233 1474 2290 et

281 2351 339 2397 cnr
369 2331 523 2396 excidisse
554 2332 746 2398 censendum
778 2333 830 2398 vel
860 2354 913 2397 me
943 2333 1102 2398 indicente
1133 2330 1344 2419 intellegitur.
1391 2332 1473 2398 Rern

281 2441 383 2523 ipsam
426 2441 633 2525 grammatici
668 2439 927 2524 philosophantes
967 2441 1092 2524 saepius
1126 2441 1159 2503 in
1193 2441 1310 2504 nostris
1344 2438 1474 2505 scholiis

282 2547 474 2632 tetigerunt,
499 2547 520 2608 i.
545 2567 573 2610 a.
598 2547 638 2610 ad
663 2570 684 2623 ν
705 2545 771 2621 20,
797 2571 819 2622 y
845 2545 926 2622 328,
951 2549 1128 2630 nostrisque
1149 2544 1319 2610 simillima
1338 2543 1474 2633 legenda

280 2658 460 2738 proponunt
481 2651 565 2732 nPQ
587 2652 627 2717 ad
651 2673 698 2717 vs.
724 2651 800 2717 305.

326 2887 363 2938 η,
389 2859 465 2926 307.
490 2861 623 2928 Dixerat
646 2863 775 2929 Ulixes:
800 2864 942 2946 δύσζηλοι
966 2865 1029 2944 γάρ
1053 2867 1083 2928 τ’
1105 2865 1189 2940 εἰμὲν
1213 2862 1263 2926 ἐπὶ
1287 2863 1372 2944 χθονὶ
1393 2865 1473 2944 φῦλ’

281 2969 449 3049 άνθράιπιιν.
495 2968 639 3036 Aduolat
674 2971 715 3036 T:
755 2977 924 3052 κακοῦργον
959 2973 1021 3051 γάρ
1058 2972 1072 3036 ὁ
1107 2970 1196 3049 ζῆλος
1232 2971 1284 3034 καὶ
1321 2971 1474 3052 ἐπίψογον

280 3077 408 3140 τίθεται.
456 3075 581 3141 Ultima
609 3099 671 3144 non
703 3081 824 3164 optime
856 3081 1017 3164 adsequor.
1059 3077 1300 3166 Intellegerem:
1327 3079 1379 3142 acl
1406 3079 1471 3142 ἐπὶ

280 3183 414 3268 ψθγον
438 3183 574 3248 rideres:
602 3205 660 3250 vox
688 3185 835 3266 δύσζηλοι
860 3188 893 3251 in
917 3185 1036 3251 melam
1061 3191 1183 3271 partem
1208 3187 1346 3269 ponitur.

327 3419 363 3479 η,
388 3393 461 3460 311.
489 3397 530 3461 Al
552 3396 634 3476 γάρ,
661 3404 720 3464 Ζεῦ
744 3422 780 3462 πε
804 3399 904 3478 πάτερ
928 3399 979 3463 καὶ
1005 3399 1149 3471 Ἀθηναίη
1175 3397 1227 3460 καὶ
1248 3403 1424 3474 Ἄπολλον,

494 3513 571 3574 ποῖος
597 3505 648 3569 ἐὼν
672 3501 731 3576 οἷός
756 3507 821 3570 ἐσσι
845 3505 887 3570 τά
911 3529 947 3570 πε
971 3505 1099 3586 Φρονέιον
1125 3501 1147 3571 ά
1171 3503 1202 3567 τ’
1227 3505 1286 3581 ἐγώ
1312 3528 1386 3584 περ,

497 3609 597 3674 παῖδά
618 3610 649 3674 τ’
664 3613 739 3686 leis
759 3613 873 3692 ἐχέμεν
893 3614 945 3677 καὶ
967 3609 1038 3688 ε’μθε
1057 3609 1203 3689 γαμβρὸς
1217 3609 1384 3674 καλέεσθαι
1405 3611 1467 3674 xri.

280 3713 327 3779 De
351 3715 401 3779 his
427 3717 583 3801 versibus,
609 3717 690 3800 quod
714 3739 775 3784 non
801 3721 846 3783 ita
866 3740 957 3803 saepe
979 3719 1112 3794 eccidit,
1134 3717 1332 3804 Porphyrius
1351 3721 1470 3782 rectius

279 3841 373 3905 quam
399 3819 603 3888 Aristarchus
626 3825 782 3889 iudicium
809 3824 892 3889 tulit.
932 3825 1134 3889 Aristarchus
1158 3825 1219 3889 its:
1244 3823 1314 3894 τοὺς
1339 3819 1373 3898 ἓξ
1387 3824 1470 3904 Ἀρί-

279 3950 416 4007 σταρχος
453 3928 590 4008 διστάζει
627 3933 761 4009 Ὀμήρου
798 3927 885 3996 εἶναι.
922 3934 947 3996 εἱ
984 3931 1015 3995 δὲ
1052 3932 1103 3994 καὶ
1138 3929 1315 4014 ’ομηρικοί,
1347 3929 1470 4001 εἰκάσας

280 4034 391 4104 αὐτοὺς
427 4037 651 4112 περιαιρεθῆναι
687 4045 784 4120 φησι,
821 4058 884 4122 qua
919 4039 957 4104 de
992 4039 1149 4103 sententie
1191 4041 1262 4122 post
1300 4035 1469 4101 Lehrsium

280 4139 376 4205 multi
409 4141 566 4206 dixerunt.
613 4142 810 4230 Porphyrius
841 4151 950 4210 antem
983 4147 1027 4229 (in
1062 4143 1117 4229 Τ);
1150 4141 1280 4218 άτοποι,
1308 4145 1426 4220 oecis,
1453 4146 1469 4216 η

280 4247 377 4328 εὐχή·
412 4249 455 4323 ειη
488 4249 644 4331 (restituit
674 4249 851 4326 Prellerus,
885 4253 953 4318 cod.
979 4253 1007 4326 ἢ.
1032 4254 1114 4336 App.
1141 4272 1172 4335 p.
1200 4249 1294 4336 773.)
1317 4253 1379 4329 γὰρ
1403 4251 1470 4314 ἑπι-

280 4355 431 4429 σσάμενος
455 4351 540 4426 ὅστις
565 4355 629 4419 ἐστὶ
652 4355 730 4432 μηδὲ
755 4359 905 4436 πειραθεὶς
931 4357 1062 4439 εθχεσαι
1087 4357 1220 4435 σύνηθιον
1243 4356 1337 4422 αὑτὸν
1356 4357 1470 4436 λαβεῖν

281 4461 333 4528 καὶ
365 4459 512 4542 γαμβρὸν
544 4463 738 4538 ποιήσασθαι.
764 4465 885 4551 (άλλ’)
909 4463 942 4540 ἦν
966 4467 1022 4544 μὲν
1047 4465 1182 4531 παλαιὸν
1205 4461 1266 4534 ἔθος
1291 4465 1325 4531 πθ
1352 4463 1470 4546 προκρί-
