3220 5144
728 335 791 400 519

162 546 232 601 ται,
265 523 302 589 Ii.
336 521 444 610 1172),
468 524 519 588 καὶ
545 523 620 598 idios
645 524 836 589 'Andttua’'
882 528 925 590 At
948 525 1110 604 Diodorfio
1135 533 1280 602 auctore,
1309 565 1349 576 —

159 633 214 718 qui
231 637 329 711 „reete
360 631 424 708 η’νός
455 633 597 716 reposuit
620 651 676 720 pro
703 630 796 708 Ξηϊος,
820 635 987 698 remittens
1011 632 1049 698 cd
1073 641 1099 698 T
1126 633 1201 710 152,
1226 633 1282 698 nbi
1306 637 1353 709 ἤϊε

161 737 274 816 Φοῖβε,
297 775 338 790 -
353 735 572 824 „probabilius
593 735 754 826 Spohnius
778 737 830 820 (de
851 741 983 804 extrem.
1006 739 1121 827 Odyss.
1141 745 1230 824 laerte
1248 760 1279 826 p.
1294 737 1351 826 38)

161 843 177 920 ἢ
203 842 296 926 ἅπαξ
318 847 351 909 in
375 845 401 910 εἴ
426 843 470 921 μέν
490 837 579 920 aasz
600 847 755 923 mutarit,
780 851 927 934 utsupra
946 844 1072 911 locutus
1092 846 1351 912 estscholiasta.”

158 950 265 1019 Possis
297 951 350 1018 rel
374 950 514 1038 Spohnio
536 949 740 1038 probabilius
755 949 853 1016 simul
876 956 909 1016 et
931 953 1115 1018 concinnius
1140 955 1203 1018 sic:
1229 953 1350 1026 Κυλλη·

161 1082 216 1132 νιος
241 1059 272 1124 δέ
296 1060 430 1137 οὐδαμοῦ
456 1057 581 1140 εἴρηται.
610 1057 659 1122 ἘΙ
685 1053 793 1135 ἅπαξ,
819 1059 871 1124 οὐκ
896 1057 951 1140 ἔξω
977 1059 1093 1137 λέμου,
1120 1060 1192 1146 (ὣς)
1218 1061 1270 1126 καὶ
1295 1066 1375 1124 τῶν

160 1189 228 1244 νιος,
261 1165 314 1231 καὶ
346 1166 410 1242 dioc
444 1163 626 1238 Ἀπόλλων.
659 1171 696 1230 ut
726 1167 820 1250 paulo
852 1174 937 1252 post:
965 1167 1054 1230 οὶλλοὶ
1078 1165 1129 1232 καὶ
1155 1171 1189 1230 τὸ
1214 1167 1350 1246 οὶριέμεῑν

159 1272 218 1344 τὰς
248 1271 379 1342 Μούσας
403 1277 465 1351 (vs.
491 1269 547 1356 60)
572 1272 632 1351 οὐχ
656 1271 838 1348 Ὁμηρικόν,
862 1273 915 1335 cui
938 1274 1049 1337 statim
1073 1273 1293 1358 respondetur:
1319 1273 1352 1336 τί

161 1379 269 1444 κωλύει
293 1375 397 1458 έέτωξ;
423 1377 588 1465 Sequitur:
615 1379 703 1443 οὶλλοὶ
729 1383 792 1450 πῶς
815 1377 848 1442 αἱ
873 1377 978 1457 ψυχαὶ
1000 1382 1054 1444 οὐκ
1073 1379 1253 1455 αὐτόμαται
1272 1405 1350 1444 κατ·
1379 1359 1386 1372 ’

161 1483 260 1567 iscam
292 1483 344 1552 Sic
376 1481 558 1550 Dindorfius
590 1506 628 1550 ex
652 1482 697 1548 M.
723 1481 805 1550 Cum
830 1482 970 1572 Vulgata
994 1483 1130 1550 habeant
1153 1485 1348 1563 αὐτόματον,

159 1592 380 1678 praetulerim,
416 1595 443 1657 si
475 1593 555 1657 tanti
586 1595 650 1674 est,
678 1589 923 1670 αὐτόματοι.
947 1587 1043 1656 Mor:
1067 1593 1143 1656 ἀλλ’
1167 1591 1233 1658 οὐδὲ
1257 1591 1349 1658 ἔοικεν

158 1701 200 1772 εἰς
229 1697 334 1766 Ἀιδου
366 1701 477 1774 λευκὴν
511 1691 586 1762 εἶναι
616 1695 741 1776 πέτραν.
766 1697 810 1761 τοὶ
833 1698 904 1778 πρὸς
930 1700 984 1772 την
1010 1698 1124 1776 ἡμέραν
1148 1699 1347 1779 ἐστραμμένα

156 1808 256 1884 αὐτῆς
281 1805 486 1870 λευκαένεται.
512 1803 662 1892 Spectant
686 1804 762 1869 haec
787 1825 913 1869 versum
939 1803 996 1868 11:
1021 1805 1084 1883 τδρ
1109 1807 1134 1869 δ’
1158 1807 1227 1870 issa
1251 1809 1348 1872 Ὠκε-

158 1917 229 1978 ανοῦ
256 1938 290 1978 τε
314 1914 383 1996 ῥοὰς
409 1913 462 1977 καὶ
487 1910 635 1978 Λευαοὶδα
661 1909 792 1990 τέτρηυ,
818 1909 871 1974 sed
893 1917 925 1976 et
942 1914 1084 1994 quaestio
1105 1915 1219 1978 iitiose
1230 1916 1348 1999 scripta

158 2020 261 2086 editur
293 2025 325 2086 et
355 2039 550 2104 responsum.
582 2017 666 2084 Nam
696 2015 895 2082 Graecumue
927 2026 988 2081 est:
1022 2017 1127 2094 ηδδές
1153 2019 1204 2085 vel
1228 2021 1262 2084 τδ
1287 2018 1347 2098 ἔρος

156 2123 209 2194 vel
240 2128 257 2202 ἡ
288 2125 387 2206 πέτρα
419 2122 500 2189 ἐστὶν
532 2123 575 2194 εἷς
603 2121 729 2188 υιἰιδοοέ
759 2121 869 2210 Neque
902 2125 1008 2210 magis
1031 2123 1188 2189 Graecum
1212 2125 1346 2192 dixerim

155 2232 198 2298 τοὶ
223 2234 294 2313 τρὸς
319 2227 435 2312 ἡμέραν
458 2229 670 2311 ἐστραμμένα.
697 2227 720 2316 ¹)
745 2225 976 2318 Corrigendum
1002 2237 1039 2296 ut
1061 2237 1244 2315 quaeratur:
1270 2235 1346 2297 ἀλλ’

157 2339 221 2406 οὐδὲ
255 2337 347 2406 έοιιιεν
379 2340 420 2412 εἷς
450 2333 554 2403 ’Λιδου
586 2339 697 2412 troada
730 2344 864 2404 τεῖναι
890 2335 1022 2414 τέτραυ,
1047 2353 1079 2402 et
1104 2337 1349 2422 respondeatur:

156 2447 197 2511 roi
241 2447 313 2528 πρὸς
350 2448 404 2520 την
439 2443 556 2524 ἡμέραν
590 2442 854 2522 τετραμμένα
890 2445 985 2519 αὐτοῖς
1023 2445 1227 2510 λευκαίνεται.
1275 2447 1345 2513 Etsi

155 2555 322 2638 utriusque
353 2553 501 2617 dictionis
531 2571 627 2636 quam
659 2549 868 2635 reponendam
901 2548 1043 2616 diximus
1068 2551 1213 2636 exempla
1237 2551 1344 2620 afferre

154 2659 219 2726 iere
241 2678 510 2748 supervacaneum
534 2664 599 2734 est,
626 2696 665 2705 —
691 2656 844 2744 leguntur
867 2659 952 2721 enim
976 2657 1093 2743 ubique
1116 2657 1275 2738 locorum.
1302 2699 1343 2710 -

154 2769 320 2850 utriusque
349 2773 456 2832 tamen
482 2785 581 2829 uuum
606 2761 790 2850 exemplum
815 2764 989 2829 adscribam
1015 2785 1053 2828 ex
1077 2763 1239 2833 Herodoto
1262 2768 1344 2852 peti·

155 2880 236 2943 tum.
262 2871 396 2962 Legitur
418 2871 502 2958 apud
526 2877 648 2956 patrem
668 2869 818 2935 historiae
840 2867 910 2954 (ili,
931 2871 981 2954 5):
1004 2867 1079 2950 παρ’
1100 2867 1133 2944 ἣν
1150 2873 1342 2957 (Σερβωνίδος

155 2979 279 3060 λίμνην)
299 2980 333 3056 δὴ
349 2978 384 3044 τὸ
399 2979 512 3042 Κοέοιον
525 2973 603 3055 οὖρος
617 2976 708 3042 τεένει
720 2978 750 3048 ές
765 2975 938 3042 θάλατταν.
962 2975 1099 3064 Legitur
1110 2979 1192 3063 apud
1206 2981 1341 3048 eundem

153 3085 198 3170 (I,
225 3084 322 3168 193):
354 3088 370 3159 η
394 3085 532 3162 μεγίστη
558 3091 616 3147 τῶν
640 3081 790 3163 διωρύχων
820 3081 883 3148 ἐστὶ
909 3081 1139 3164 νηυσιπέρητος,
1164 3083 1235 3164 τρέε
1261 3084 1342 3162 ἥλιον

154 3191 351 3274 τετραμμένη
364 3191 415 3258 τὸν
427 3189 608 3272 χειμερινόν.
622 3185 700 3274 (Otr.
714 3193 746 3254 et
757 3212 783 3266 μ
796 3187 864 3274 81.)
889 3187 1028 3256 Tandem
1040 3210 1101 3255 non
1115 3197 1198 3258 reete
1210 3191 1340 3259 habent:

151 3298 276 3382 ἄκαιρος
301 3300 332 3366 δέ
357 3297 409 3366 καὶ
436 3303 452 3373 η
478 3295 654 3379 Ἀχιλλέως
679 3297 731 3360 καὶ
757 3295 991 3376 Ἀγαμέμνονος
1016 3295 1141 3372 ὁμιλέα·
1167 3297 1219 3363 καὶ
1242 3299 1343 3377 Ἀγα-

153 3406 275 3484 μέμνων
305 3409 357 3472 οὐκ
381 3405 498 3485 ἀγείρει
523 3405 577 3478 τὴν
601 3405 785 3482 στρατείαν,
811 3403 887 3466 ἁλλ’
911 3401 924 3466 ὃ
950 3401 1086 3482 Νέστωρ.
1134 3401 1243 3472 Altera
1267 3427 1342 3490 quo·

153 3534 213 3600 que
244 3516 354 3580 incisio
386 3513 426 3576 ad
457 3509 611 3576 atlretesin
642 3508 798 3596 pertinere
831 3509 957 3575 videtur
980 3515 1012 3574 et
1035 3515 1176 3594 spectare
1196 3511 1289 3578 haec:
1316 3515 1341 3579 εἰ

153 3622 197 3700 μὴ
229 3621 302 3699 ἀνὴρ
334 3619 481 3700 κατέρυκε
513 3617 638 3683 παλαιοὶ
670 3642 706 3682 τε
730 3615 833 3681 πολλοὶ
859 3640 892 3679 τε
917 3613 1020 3690 stede,
1046 3615 1179 3694 Νέττωρ.
1208 3619 1268 3703 (vs.
1297 3621 1337 3686 51

153 3728 252 3813 seqq.)
283 3725 497 3801 Quamobrem
530 3723 730 3809 scripserim,
758 3761 799 3772 —-
824 3721 909 3787 edita
940 3723 1025 3785 enim
1048 3742 1149 3806 neque
1172 3725 1339 3790 cohaerent.

152 3853 254 3920 neque
277 3853 352 3900 sana
378 3839 410 3896 et
434 3833 512 3898 bena
536 3827 656 3896 Graeca
679 3829 847 3912 exhibent,
861 3863 902 3875 -
918 3823 1040 3907 ἄκαιρος
1062 3827 1092 3891 δέ
1111 3831 1163 3892 καὶ
1188 3831 1204 3904 ἡ
1226 3832 1339 3912 Ἄχρι..

153 3941 227 4012 λέως
261 3937 313 4004 καὶ
347 3935 583 4016 Ἀγαμέμνονος
615 3935 738 4012 ὁμιλία·
773 3935 826 4000 καὶ
853 3935 1064 4012 Ἀγαμέμνων
1088 3937 1120 3999 οὐ
1153 3937 1340 4018 κατέχων

154 4049 210 4121 τὴν
231 4044 451 4126 στρατιάν,
475 4043 586 4108 staca
612 4043 749 4122 Νέστωρ.

199 4289 240 4342 ω,
264 4259 386 4328 2-10.
516 4257 520 4264 ’
552 4260 695 4344 (Ἑρμῆς)
718 4255 773 4340 έχε
797 4255 828 4324 δέ
853 4253 964 4338 ῥοίβδου
987 4255 1073 4336 μετὰ
1096 4260 1203 4338 χερονύ

188 4500 215 4564 1)
232 4494 405 4560 ὶετριιταμένω
420 4497 472 4552 (siet
490 4493 559 4544 habet
579 4497 645 4542 vetus
662 4493 741 4542 editio.
