3278 5148
765 323 830 400 309

202 505 383 586 Homerum
403 518 534 588 solvisse
556 541 637 605 quae
660 524 852 608 promiserit.
900 521 988 603 Quae
1011 526 1179 607 postquam
1203 511 1393 610 singillatim

203 627 358 703 ostendit,
388 633 489 693 totam
521 631 831 714 argumentationem
861 631 901 695 iis
933 627 1093 694 concludit
1117 648 1197 712 quse
1221 648 1316 712 supra
1338 625 1393 691 de·

202 735 402 817 scripsimus:
427 729 494 799 ίλον
518 732 684 812 τὸνλόγον
709 740 762 799 τοῦ
787 734 958 806 Ὀδυσσέως
983 733 1144 798 staticulos
1165 741 1203 815 τῇ
1225 732 1392 815 ὑποσχέσει

203 839 368 914 πεποίηκεν
402 823 560 918 Ὅμηρος,
598 841 753 922 μειλίχιον
788 871 876 893 ---’
900 841 1060 920 κερδαλέον
1093 839 1124 904 δέ
1149 854 1220 904 κτλ.
1257 837 1394 905 Notulas

204 947 289 1012 enim
314 945 387 1011 illas
411 968 537 1022 omnes,
563 968 639 1031 quas
663 949 755 1014 modo
779 949 1016 1031 memorabam,
1041 950 1074 1012 in
1100 967 1201 1010 unum
1227 965 1293 1010 esse
1325 967 1395 1011 con·

203 1052 380 1140 iungendas
404 1061 435 1120 et
458 1053 636 1142 Porphyrio
661 1055 785 1133 deberi,
811 1057 893 1120 milri
918 1057 984 1141 ipse
1010 1053 1141 1119 firmiter
1164 1053 1321 1138 persuasi,
1344 1058 1395 1116 ut·

204 1179 265 1244 que
287 1157 358 1224 aliis
378 1160 601 1245 persuadeam,
624 1163 658 1226 in
677 1161 776 1228 altera
795 1161 891 1228 huius
905 1159 1048 1247 opusculi
1062 1164 1149 1245 parta
1162 1177 1289 1244 operam
1302 1157 1392 1224 dabo.

251 1373 341 1455 Quod
363 1375 396 1439 in
422 1373 486 1440 alia
509 1375 770 1442 adnotatiuncula
793 1396 831 1440 cx
855 1372 917 1454 HQ
941 1374 981 1439 ad
1004 1375 1088 1438 hunc
1112 1373 1246 1439 eundem
1269 1394 1394 1438 versum

205 1478 238 1568 (ζ
272 1479 446 1560 178),’δὸς
479 1481 511 1545 δὲ
543 1481 651 1562 pidaras:
684 1480 771 1558 αὔξει
800 1481 851 1546 διαὶ
884 1485 1001 1545 τοῦτο
1036 1479 1087 1544 τὸν
1120 1477 1203 1545 ἔλεον
1238 1478 1395 1544 tralaticio

206 1589 284 1653 vitio
316 1590 469 1672 scriptum
502 1595 550 1658 est
573 1587 623 1652 irat
647 1593 736 1652 τοῦτο
759 1608 815 1672 pro
839 1587 891 1652 διὰ
914 1586 1060 1651 τούτου
1085 1588 1269 1660 minutum,
1294 1605 1395 1668 neque

204 1696 331 1758 maioris
364 1696 518 1758 momenti
550 1699 624 1757 sunt
655 1713 735 1778 quaa
767 1691 952 1780 corrigenda
982 1691 1131 1757 videntur
1163 1691 1202 1756 ad
1232 1713 1278 1756 vs.
1315 1687 1398 1774 180,

205 1800 262 1864 ubi
293 1799 342 1864 διὰ
377 1806 460 1866 recte
491 1821 564 1864 cum
593 1799 743 1887 genetivo
775 1805 933 1864 structum
965 1797 1129 1864 habemus.
1169 1798 1259 1866 ¹{lunt
1287 1803 1395 1862 autem

205 1907 304 1972 haec:
330 1907 380 1972 διὰ
403 1908 460 1983 μὲν
485 1911 538 1970 τοῦ
566 1905 644 1992 πίοσί
671 1905 701 1970 δὲ
722 1906 778 1970 θεοῖ
803 1905 881 1971 ricc
906 1905 995 1992 δοῖεν)
1019 1900 1076 1969 ὅσα
1098 1905 1188 1986 φρεσὶ
1210 1913 1279 1986 σῇσι
1299 1927 1397 1981 μενοι-

206 2013 284 2095 νᾷς”
320 2014 399 2092 αὐτῇ
436 2013 622 2076 καταλείπει
656 2015 711 2085 τὴν
746 2009 874 2091 αἵρεσιν,
911 2013 961 2076 δια
995 2011 1026 2075 δὲ
1057 2018 1114 2076 τῶν
1147 1993 1232 2088 ἕξιῑς,
1257 2006 1278 2076 ἃ
1304 2007 1396 2081 αὐτὸς

206 2120 339 2198 αἱρεῖται
379 2117 522 2195 γενέσθαι
558 2120 639 2199 αὐτῇ
680 2119 765 2197 παρα
804 2121 885 2185 θεῶν.
926 2117 1018 2204 (ΕΡ.)
1065 2120 1213 2181 Primum
1256 2121 1393 2201 oportet,

206 2225 315 2303 credo,
341 2226 427 2304 παρὰ
453 2227 550 2308 (τῶν)
577 2226 666 2299 θεῶν,
692 2223 804 2289 deinde
833 2237 996 2306 rectumne
1020 2225 1073 2288 hic
1092 2245 1158 2288 esse
1179 2229 1282 2309 potest
1306 2225 1396 2301 αἱρεῖ-

206 2329 297 2396 ctae?
329 2328 434 2412 Quidi
463 2329 575 2396 Ulixes
602 2329 766 2416 squalidus
798 2337 830 2394 et
862 2329 995 2415 supplex
1026 2331 1133 2417 regiae
1165 2330 1286 2417 virgini
1317 2329 1398 2393 bona

206 2439 291 2520 eligit
327 2458 407 2523 quae
443 2439 472 2502 ei
508 2457 527 2501 a
564 2435 623 2501 diis
663 2432 830 2501 eveniant?
870 2435 1063 2515 Quantocius
1104 2435 1278 2501 revocanda
1323 2454 1397 2499 vera

205 2545 318 2611 lectio:
344 2536 365 2610 ίι
391 2543 482 2614 αὐτὸς
507 2545 695 2608 αἰτεῖται
722 2541 864 2621 γενέσθαι
890 2543 970 2622 αὐτῇ
997 2542 1081 2622 παρὰ
1106 2543 1189 2625 (τῶν)
1209 2543 1293 2617 θεῶν,
1317 2559 1396 2625 quaa

207 2671 225 2718 c
244 2650 392 2716 Palatino
413 2649 518 2716 oblata
537 2647 717 2714 inconsulto
730 2655 835 2734 spreta
847 2654 904 2712 est.
930 2649 1087 2714 Λίτεῑσίαι
1102 2649 1279 2714 animbene
1291 2647 1397 2712 Attica

206 2760 304 2823 etiam
338 2757 422 2822 idem
454 2753 560 2824 valere
588 2762 683 2840 atque
707 2755 875 2834 εὔχεσθαι,
901 2756 985 2840 quod
1008 2755 1061 2820 hic
1089 2757 1181 2819 unica
1205 2754 1395 2839 requiritur,

207 2865 279 2949 quis
301 2859 421 2928 nescit?
445 2863 631 2928 Adscribam
657 2883 758 2927 unum
778 2883 795 2927 e
816 2861 1027 2947 Xenophonte
1046 2860 1172 2935 locum,
1193 2867 1230 2925 ut
1243 2862 1285 2926 sit
1296 2863 1397 2926 instar

207 2973 372 3037 omnium:
399 2975 490 3050 Κῦρος
516 2967 580 3032 llos
605 2975 718 3048 πρῶτον
741 2969 798 3046 μὲν
823 2966 880 3034 Διῒ
900 2971 1051 3047 βασιλεῖ,
1077 2967 1187 3033 ἔπειτα
1208 2967 1239 3032 ii
1261 2969 1312 3031 καὶ
1333 2976 1396 3039 τοῖς

208 3077 316 3148 ἄλλοις
348 3078 441 3154 θεοῖς,
469 3072 517 3148 οὓς
548 3080 650 3160 ᾐτεῖτο
673 3073 761 3149 ίλεως
786 3077 838 3141 καί
863 3079 1000 3154 εὐμενεῖς
1025 3075 1115 3150 ὄντας
1136 3075 1292 3156 ἡγεμόνας
1312 3075 1397 3153 γενέ-

208 3189 277 3250 σθαι
301 3193 340 3266 σῖ
364 3190 508 3268 στρατιᾷ.
534 3179 663 3272 (Cyrop.
688 3181 754 3261 ΙΙΙ,
779 3203 815 3248 111
838 3185 856 3267 ᾗ
880 3182 947 3270 21).

252 3404 298 3464 At
327 3399 458 3486 gravius
487 3397 605 3463 vulnus
636 3397 763 3463 subesse
794 3397 922 3463 videtur
951 3399 985 3461 in
1006 3397 1125 3463 scholio
1149 3399 1187 3463 ad
1215 3396 1236 3478 ζ
1258 3397 1320 3464 185
1345 3399 1398 3465 ad·

206 3507 341 3591 scripto,
374 3505 412 3570 ad
443 3503 726 3570 celebratissimam
759 3501 849 3570 illam
882 3502 988 3570 Ulixis
1012 3507 1219 3582 sententiam,
1245 3527 1307 3570 non
1330 3527 1397 3570 esse

207 3611 309 3676 ullam
343 3610 477 3676 domum
511 3609 700 3684 feliciorem,
735 3630 832 3697 quam
868 3611 924 3675 ubi
955 3612 1006 3676 vir
1037 3617 1069 3675 et
1101 3631 1179 3675 uxor
1210 3611 1393 3677 concordem

207 3723 349 3784 mentam
373 3729 496 3805 gerant.

389 3819 429 3886 tt'
453 3823 668 3904 ὁμοφρονέοντε
694 3825 840 3902 νοήμασιν
865 3819 943 3889 οἶκον
968 3819 1081 3903 ἔχητον

343 3931 416 4010 ἀνὴρ
441 3929 492 4004 ἡδὲ
516 3931 612 4008 γυνιί·
638 3929 732 3996 πόλλ’
758 3927 865 4008 ἄλγεα
889 3929 1119 4008 δυσμενέεσσιν,

344 4037 503 4117 χάρματα
527 4038 750 4120 δἐὐμενέτροι·
776 4037 921 4114 μαλιστα
945 4037 976 4102 δέ
1001 4037 1137 4104 τ’ἔκλνον
1161 4039 1258 4102 αὐτοί.

207 4144 391 4230 Praeposito
414 4143 566 4209 lemmata
589 4143 748 4224 χάρματα
768 4143 792 4208 δ’
816 4143 994 4225 εὐμενέτῃσι
1015 4144 1091 4211 hacc
1112 4145 1307 4232 legunturin
1320 4143 1392 4226 EQ:

207 4251 390 4331 συγγενέσι,
421 4252 543 4334 Φίλοις,
577 4251 708 4327 scasas&
739 4249 938 4324 διακειμένοις
971 4251 1035 4316 καί
1069 4254 1276 4316 εὐνοοῦσιν
1300 4252 1396 4329 driu

206 4359 272 4425 acl
307 4361 324 4435 ἡ
356 4358 466 4437 γυνιί.
492 4358 526 4422 τὸ
551 4357 582 4421 δὲ
609 4355 734 4441 ,ἔκλυον
759 4357 865 4422 αὐτοί”
891 4359 950 4436 ἀφ’
976 4357 1080 4432 ἐτίρας
1104 4360 1215 4436 ἀρχῆς.
1265 4356 1396 4422 Caetera

206 4471 314 4554 aperta
345 4471 419 4529 sunt
450 4471 481 4529 ct
514 4468 695 4551 perspicua,
729 4465 781 4529 scd
813 4465 896 4530 unde
925 4472 1052 4549 repente
1083 4473 1224 4528 exortam
1251 4464 1395 4532 dicamus
