3278 5148
756 334 822 419 ’277

192 535 394 606 contenderet
425 536 599 605 caduceum
628 559 738 606 seeum
761 541 898 608 ferentes
921 539 1004 608 οὐδὲν
1026 538 1058 605 a
1081 543 1180 621 φασιν
1202 533 1315 620 locare
1339 533 1384 602 lc·

114 727 116 734 Α
193 642 266 710 tolle
295 642 430 726 ῥοίβδου,
459 643 559 725 ύσπερ
592 645 622 710 a
657 644 771 713 Ἰλιύδι
804 647 853 734 (Ω
878 645 958 733 445)
989 644 1062 728 πρὸς
1090 643 1126 711 τὸ
1150 645 1288 723 νιοιμύσαι
1311 643 1383 718 τοὺς

193 752 358 833 πυλωρούς.
391 753 424 818 ού
454 757 595 833 συνορῶσι
625 752 657 818 δὲ
689 749 736 820 ύτι
757 752 819 819 bra
847 752 917 819 τινύ
942 752 1007 819 ἐστι
1032 752 1103 818 θεῶν
1125 750 1318 834 Φορύματα,
1342 753 1381 825 ὥς

193 857 222 925 ri
242 882 290 933 τις
311 858 468 943 μέμφοιτο
492 858 538 926 ύτι
562 860 712 928 Ποσειδῶν
735 862 779 934 εἷς
802 861 963 928 Αύύιοπύαν
988 861 1186 945 πορευόμενος
1208 861 1264 936 τὴν
1287 859 1382 942 τρύαι-

193 988 247 1033 ναν
271 964 350 1050 ἔχει.
379 965 524 1057 (HPQT)
560 969 584 1056 ).

238 1071 393 1140 Eiusdem
415 1095 526 1148 versus
548 1075 626 1141 haec
648 1081 697 1143 est
718 1077 899 1142 miserrima
922 1077 1121 1162 paraphrasis
1143 1077 1177 1141 in
1197 1074 1241 1140 B:
1261 1075 1300 1140 σύ
1320 1075 1382 1154 γαρ

195 1182 281 1247 κοιπύ
304 1178 393 1247 ἄλλοι
419 1180 588 1267 ύπύρχεις,
612 1183 642 1246 ἐν
666 1189 730 1255 τοῖς
756 1185 829 1256 ύεοῒς
850 1181 1005 1260 διιλονύτι,
1024 1183 1087 1260 ἤτοι
1105 1179 1204 1272 ipae
1223 1189 1286 1255 τοῖς
1305 1182 1381 1254 ύεοῒς

195 1287 277 1365 ἔσσο,
301 1284 332 1354 el
351 1287 383 1352 ll
408 1287 460 1352 καὶ
485 1285 636 1367 ύγγελος.
661 1289 678 1364 ἢ
703 1285 809 1366 ἓξυύεν
831 1290 866 1356 τύ
890 1293 999 1368 γενοῦ,
1023 1286 1060 1354 ἵν’
1084 1287 1119 1371 ᾖ,
1143 1288 1182 1355 σὺ
1208 1289 1272 1367 γὰρ
1295 1289 1381 1354 κατα

193 1395 283 1461 ἄλλα
307 1391 406 1473 ύμοιος
430 1403 493 1466 τοῖς
517 1398 608 1472 ύεοῖς,
633 1400 723 1473 γενοῦ
747 1396 778 1461 δὲ
802 1396 854 1462 καὶ
875 1395 1031 1476 ύγγελος,
1051 1417 1131 1482 quae
1148 1417 1188 1490 pe
1207 1397 1382 1482 assequaris

193 1501 340 1587 quidem,
363 1503 426 1565 nisi
451 1499 647 1568 Buttmanno
671 1501 776 1568 indice
801 1505 995 1589 comperias,
1023 1501 1248 1580 „scholiasiam
1268 1500 1384 1589 legisse

193 1610 297 1676 videri
329 1606 372 1674 τύ
404 1609 434 1673 τ’
465 1605 554 1674 ἄλλα
586 1607 654 1674 καὶ
687 1605 862 1687 cessare?
908 1609 1076 1676 Praeterea
1106 1609 1155 1675 bis
1177 1607 1384 1696 repetendas,

194 1719 250 1802 qui
273 1721 305 1782 et
328 1714 414 1801 apud
436 1713 614 1781 Homerum
639 1720 702 1800 est,
725 1716 896 1782 articulus:
921 1716 1007 1782 κατύι
1032 1717 1064 1806 (r
1072 1717 1108 1805 cl)
1133 1714 1231 1782 ἄλλα.

239 1955 273 2013 ε,
298 1927 361 1996 47.Ὶ
400 1927 484 2008 Quid
518 1927 670 1994 Mercurii
702 1926 814 2009 ῥύβύος
838 1928 899 1994 sibi
921 1928 1036 2006 vellet,
1059 1927 1287 2017 allegoriarum
1310 1951 1383 1998 auc·

194 2041 278 2102 tores
311 2055 373 2101 non
408 2032 522 2100 latuit:
559 2034 704 2115 ύρύύτιιτοι
735 2034 830 2112 λύγον
866 2035 1009 2114 σνμαΐνει
1041 2035 1206 2116 ἧρύβδος.
1229 2037 1300 2110 τοὺς
1326 2040 1384 2116 μὲν

194 2147 347 2224 νήφοντας
379 2150 485 2218 κνλεῖ,
519 2142 588 2214 τοὺς
618 2141 648 2206 δὲ
679 2142 895 2222 ἦκαιρνμένους
929 2143 1022 2223 ύρύοῒ,
1048 2143 1101 2208 καὶ
1126 2145 1239 2225 ψυχας
1261 2168 1385 2223 παρα·

193 2249 372 2329 γομένας
397 2250 511 2322 παύει,
537 2249 747 2326 ἐκλελυμένος
773 2249 804 2314 δὲ
828 2249 980 2330 διεγείρει.
1004 2248 1159 2336 (HPQT.)
1196 2250 1269 2317 lure
1292 2271 1384 2339 quas·

193 2377 318 2432 remus,
343 2360 375 2421 et
405 2375 484 2439 quae
507 2355 560 2420 hic
584 2357 648 2419 sint
670 2355 775 2435 ψυχαὶ
801 2355 1041 2437 παραγόμενοι,
1067 2361 1099 2422 et
1122 2376 1185 2441 quo
1208 2357 1304 2423 modo
1327 2358 1384 2424 has

194 2462 349 2528 caduceus
374 2461 482 2527 παύειν
507 2461 640 2526 dicatur.
669 2459 734 2526 Ubi
756 2481 819 2526 non
838 2464 1065 2546 repererimus,
1088 2483 1164 2528 cum
1186 2462 1383 2530 Buttmanno

194 2570 400 2635 coniiolemus
412 2587 514 2634 annon
525 2570 632 2633 verius
644 2567 702 2632 sil:
716 2568 782 2630 καὶ
803 2570 916 2648 ψυχας
935 2569 1257 2650 πεταραγμύνας
1277 2571 1381 2650 παύει,

194 2695 256 2762 quo
278 2674 361 2741 facto
385 2695 495 2741 omnes
518 2672 722 2754 difficultates
745 2680 941 2740 evanescent.
974 2678 1079 2762 Atque
1100 2675 1194 2761 plane
1216 2678 1263 2743 ita
1286 2682 1383 2766 scrip·

192 2789 264 2849 tum
300 2787 348 2849 est
380 2785 415 2847 in
445 2779 542 2854 DEV,
575 2781 630 2866 qui
662 2780 783 2845 codices
814 2781 946 2847 eandem
982 2785 1234 2850 observationem
1264 2785 1384 2853 habent

192 2891 288 2977 paulo
323 2887 626 2974 compendifaciam:
663 2887 758 2965 λύγου
794 2891 974 2969 παραίνεσιν
1007 2889 1050 2975 (V
1074 2910 1198 2975 quoque
1221 2892 1382 2978 ύρύύπιιτοι)

193 2997 309 3072 νοηπύον
338 2997 393 3068 ria
421 2998 475 3060 τοῦ
505 2996 617 3074 Ἑρμοῦ
647 2993 771 3072 ρύβδον,
803 2991 880 3060 olore
910 2998 1021 3079 ψυχὰς
1053 2997 1110 3074 μὲν
1140 3000 1382 3078 τεταραγμένοις

193 3105 322 3176 παύειν,
347 3099 558 3176 ἐκλελυμένοις
585 3103 616 3164 δὲ
640 3100 805 3181 διεγείρειν.
831 3103 968 3188 Fuerat,
991 3106 1118 3190 opinor,
1139 3097 1382 3186 ύτοιραγμένας,

192 3215 257 3278 iam
282 3215 316 3276 in
339 3213 518 3274 nostrorum
544 3208 715 3293 archetypo
739 3246 781 3258 —-
806 3229 886 3295 quae
909 3213 1014 3295 prima
1037 3211 1114 3277 mali
1138 3211 1226 3278 lebes
1249 3213 1312 3278 fuit
1340 3251 1382 3264 -

193 3322 226 3385 in
261 3316 469 3397 παραγμένιις
494 3315 717 3400 depravatum,
743 3315 818 3380 hinc
840 3319 966 3402 ineptae
990 3322 1198 3385 correctiones
1222 3327 1326 3398 ortae,
1349 3323 1383 3386 in

193 3425 227 3493 H
251 3423 490 3506 παραγομένοις,
517 3421 600 3506 qnod
624 3425 723 3487 miror
745 3421 945 3488 Diudcrfium
974 3425 1207 3510 quodammodo
1237 3427 1382 3511 probasse

193 3536 239 3600 sie
265 3534 472 3599 scribentem:
507 3529 608 3612 „illud
640 3527 805 3594 confirmat
835 3533 933 3596 etiam
966 3529 1004 3614 Τ,
1029 3535 1084 3617 qni
1109 3535 1216 3614 ψυχὴν
1240 3556 1383 3612 ποιριιγο-

193 3641 286 3720 μένιρν
319 3639 431 3716 habet,
465 3636 543 3701 licet
572 3639 606 3700 in
639 3635 759 3720 plurali
792 3635 1000 3712 ἐκλελυμένος
1026 3639 1232 3705 consentiat.”
1279 3639 1383 3705 Immo

193 3746 389 3834 compendiis
412 3747 445 3808 in
470 3741 531 3808 fine
553 3763 717 3827 perperam
740 3743 874 3828 expletis
896 3743 1152 3832 Hamburgensis
1175 3746 1278 3810 scriba
1300 3765 1382 3810 erro·

193 3876 260 3922 rem
285 3873 388 3920 errore
411 3849 606 3933 cumulavit,
631 3849 827 3935 ulteriusque
851 3853 1007 3938 progressi
1031 3855 1151 3917 scribere
1170 3852 1314 3917 codicum
1327 3851 1382 3933 ΡΩ

197 4035 367 4046 -na—-n

164 4159 167 4166 ’
228 4154 255 4216 1)
273 4151 366 4202 Festive
383 4153 439 4201 runt
452 4151 478 4200 in
494 4149 532 4200 bie
546 4149 627 4216 paucis
640 4149 718 4200 verbis
726 4149 834 4200 codicum
851 4146 1026 4222 παρορύμαποι,
1041 4153 1089 4201 Pro
1104 4148 1130 4199 ού
1145 4155 1261 4214 συνορῶσι
1271 4155 1306 4202 eet
1321 4153 1346 4204 in
1362 4153 1382 4202 'l

194 4239 233 4300 ούς
259 4236 297 4290 νῦν
322 4240 406 4304 ύρύσι,
435 4259 479 4309 pro
502 4238 557 4290 θεῶν
575 4238 708 4302 φορήματα
725 4240 751 4290 in
769 4239 820 4306 HQ
837 4237 857 4288 ύ.
878 4241 1034 4302 φρονήματα,
1053 4258 1096 4306 pro
1113 4241 1144 4299 ύς
1162 4238 1187 4290 a
1201 4257 1240 4300 τις
1260 4237 1383 4306 pineam

194 4335 219 4384 iu
245 4336 267 4400 Q
294 4331 334 4382 nal
359 4331 389 4392 il,
403 4349 442 4389 τις
465 4342 533 4390 κτλ,
557 4332 653 4380 leudem
676 4347 720 4397 pro
738 4331 784 4388 riv
804 4330 910 4392 τρίαιναν
928 4327 998 4394 ixa,
1014 4333 1077 4397 quod
1096 4348 1157 4382 uuus
1173 4333 1194 4382 ‘l
1211 4333 1325 4398 protulit,
1343 4333 1383 4382 sed

194 4423 272 4474 verbis
289 4423 359 4473 aliter
377 4423 614 4501 dispositispeaeeri
630 4435 711 4471 omnes
730 4421 845 4470 dederuut
863 4417 903 4470 διὰ
921 4424 952 4470 τί
968 4419 1074 4483 τρύαινιιν
1092 4420 1163 4485 ύχοι,
1181 4423 1242 4472 miro
1256 4423 1384 4478 admodum

194 4523 281 4558 errore.
317 4509 354 4557 Aa
371 4523 400 4557 ex
416 4507 542 4572 marginali
560 4506 662 4572 epitome
679 4504 724 4553 boe
740 4507 839 4554 ortum?
