3242 5140
755 335 818 402 423

194 525 366 604 νίνέμους
387 528 421 590 ἒν
444 527 587 612 Θρᾴκη,
610 528 732 592 οίκεῖν
755 532 843 615 (ria)
864 534 936 606 παρ’
957 531 1179 608 Αίίληφησίνς
1201 529 1383 596 Αιίιιίσνω-

192 655 254 720 qne
278 638 493 719 quaestionem
518 635 681 724 ingeniose
704 657 740 701 ao
764 659 837 703 vers
860 621 1082 722 responderit:
1107 639 1254 712 εἴληπται
1274 645 1331 714 μὲν
1347 641 1381 702 τί

191 739 330 816 πλοίσμα
351 743 422 820 πρὸς
442 741 493 804 τὸν
516 742 635 821 καιρίν,
657 743 700 808 διὸ
713 745 747 806 οὐ
766 745 814 808 δεῖ
828 743 929 823 ζητεῖν
949 745 992 808 τίο
1012 751 1162 808 τοιαῦτα·
1183 747 1382 810 οίνεύίυνα

184 849 298 932 (γὰρ)
333 853 384 912 τίν
419 851 486 912 τῶν
521 849 660 924 μόθον.
686 851 719 934 Ι),
751 857 847 934 atque
877 853 909 914 in
940 850 998 916 hoe
1022 851 1218 937 Porphyrius
1243 851 1383 916 desinere

193 945 337 1020 debebat.
384 953 601 1020 Nihilominus
631 957 754 1040 ineptas
784 958 922 1020 rationes
945 957 1074 1023 reddere
1097 959 1203 1044 pergit
1227 960 1295 1022 eius
1318 962 1380 1034 rei,

192 1063 225 1124 in
249 1063 340 1126 ouius
363 1063 500 1126 rationes
524 1062 746 1146 inquirendum
772 1082 840 1126 esse
862 1065 931 1127 inre
955 1066 1095 1148 negavit.
1135 1066 1173 1146 Oi
1199 1064 1229 1126 δὲ
1255 1064 1382 1126 είπίν-

175 1157 258 1238 ’τες
290 1168 439 1246 δαίμονας
471 1169 561 1232 οίκεῖν
593 1170 621 1232 ἐν
655 1168 762 1252 Θρηίκη
784 1171 995 1246 αὐτεξουσίως
1020 1167 1128 1253 ὄντας,
1151 1177 1209 1234 τῶν
1233 1170 1263 1233 δὲ
1289 1178 1381 1234 πνοῶν

192 1275 243 1340 τὸν
274 1273 383 1340 Αίολοι
415 1283 545 1352 κρατεῖν.
578 1275 603 1338 oi
635 1275 667 1340 δὲ
698 1275 858 1355 ἐμπειρίαν
884 1275 968 1356 ἔχειν
992 1277 1042 1340 τὸν
1067 1277 1175 1342 Αἴολον
1200 1279 1383 1352 πνευμάτων

191 1382 392 1459 μεταβολῆς,
424 1382 476 1446 καί
510 1381 561 1446 διὰ
590 1386 679 1447 τοῦτο
708 1383 855 1462 κατέχειν
887 1383 939 1448 τίν
972 1383 1127 1448 Ὀδυσσέα
1150 1387 1242 1458 μηνὸς
1268 1381 1384 1458 ἡμέραν

192 1487 244 1562 ἕως
267 1486 301 1554 οὗ
324 1487 393 1569 είίρη
417 1490 467 1552 τὸν
492 1490 633 1569 ἐπίφορον
658 1489 729 1568 πρὸς
751 1489 880 1562 Ἰθάκην.
903 1489 980 1561 τινὲς
1003 1491 1034 1554 δὲ
1054 1486 1100 1554 ὅτι
1124 1490 1384 1568 παρέστησεν

191 1597 397 1677 ἀστρολογίας
440 1593 579 1675 ἔμπειρος
623 1599 660 1660 ὢν
697 1596 725 1680 [ί
762 1596 943 1679 Ὀδυσσεὺς]
979 1597 1063 1668 ἡλίου
1100 1595 1179 1668 ὄντος
1218 1597 1247 1658 ἕν
1283 1595 1383 1676 ταύρῳ

192 1705 326 1784 Ζέφυρον
358 1709 498 1766 πνεῦσαι.
546 1703 580 1769 In
605 1703 656 1768 his
679 1705 746 1768 sine
770 1706 984 1770 controversia
1007 1712 1190 1788 corruptum
1216 1709 1262 1768 est
1286 1703 1383 1766 είτίν-

190 1835 262 1886 τις,
286 1812 522 1895 requisitusque
546 1811 680 1874 verbnm
704 1807 843 1874 finitum.
878 1807 1077 1874 Diodorfias:
1100 1810 1251 1885 „fortasse
1271 1806 1379 1883 είπον”,

191 1918 287 2002 idque
316 1917 567 1990 adsumendum,
601 1915 656 1980 sed
686 1915 819 1982 articulo
843 1915 984 1989 adiecto,
1009 1919 1064 2000 qni
1088 1924 1120 1980 et
1144 1917 1251 1980 obesse
1274 1917 1384 1999 nequit

191 2031 223 2089 et
257 2023 397 2088 aderitus
428 2023 558 2087 demum
591 2043 717 2087 causam
750 2021 946 2107 corruptelae
968 2023 1134 2108 patefecit:
1160 2023 1185 2085 οί
1210 2021 1241 2085 at
1266 2017 1382 2085 είτιν

190 2129 279 2199 τοὺς
304 2129 452 2205 δαίμονας
476 2131 566 2193 οίκεῖν
591 2129 620 2192 ἕν
645 2131 773 2212 Θρρίκη,
798 2135 855 2192 τῶν
880 2129 911 2193 δὲ
932 2132 1026 2193 πνοῶν
1047 2131 1098 2192 τὸν
1120 2128 1228 2193 Αίολον
1248 2137 1381 2207 κρατεῖν.

189 2235 268 2302 Mox
292 2257 354 2302 non
377 2238 482 2300 minus
505 2245 689 2321 corruptum
714 2243 762 2302 est
785 2235 994 2312 παρέστησεν,
1019 2255 1074 2320 pro
1098 2255 1160 2320 qno
1184 2235 1261 2320 quid
1279 2254 1383 2300 emen-

190 2343 330 2407 dandum
363 2345 405 2406 sit
437 2349 469 2406 et
492 2361 568 2406 sana
592 2345 672 2406 ratio
696 2341 786 2406 docet
809 2349 841 2406 et
865 2349 940 2407 nota
965 2341 1005 2405 ad
1029 2363 1076 2406 vs.
1102 2341 1122 2405 ίί
1147 2363 1185 2406 ex
1209 2339 1298 2421 HQV
1325 2341 1380 2406 ad-

189 2451 323 2534 scripta:
348 2449 425 2519 τινὲς
448 2449 690 2529 οίλληγοροῦντες
717 2447 824 2514 Λίολον
848 2449 905 2524 μὲν
929 2449 1053 2524 λέγουσι
1079 2449 1130 2512 τὸν
1153 2447 1306 2524 ἐνιαυτόν,
1328 2447 1379 2511 δοί-

189 2556 263 2621 δεκοο
288 2555 319 2620 δὲ
344 2557 460 2628 παῖδας
486 2555 554 2628 τοὺς
579 2565 689 2632 μῆνας.
714 2558 791 2626 τινὲς
817 2558 848 2620 δὲ
874 2551 918 2620 ίτι
940 2557 1158 2636 παρετὴρησεν,
1173 2557 1380 2634 ἀστρολογίας

189 2665 330 2741 ἔμπειρος
361 2662 415 2737 ὤν,
446 2664 531 2736 ἡλίου
555 2662 638 2734 ίνπος
663 2665 692 2728 ἐν
717 2663 815 2742 ταύρῳ
841 2661 968 2742 ζέφυρον
993 2667 1134 2736 πνεῦσαι,
1160 2664 1215 2727 nbi
1239 2661 1382 2748 Porphy-

189 2771 276 2834 risna
297 2777 405 2834 nostra
428 2770 474 2834 its
497 2791 571 2834 oum
597 2769 800 2836 alienissimis
820 2771 979 2854 permixta
997 2775 1090 2840 snat.
1105 2776 1142 2833 nt
1161 2790 1217 2834 nee
1237 2789 1311 2834 oum
1331 2768 1382 2833 his

188 2876 374 2942 ooheereant
396 2897 455 2942 nee
473 2877 702 2942 observationis
724 2895 818 2942 censa
837 2896 874 2940 ao
893 2875 973 2940 ratio
986 2885 1144 2959 appareat.
1170 2875 1261 2940 Nihil
1275 2883 1381 2940 tamen

189 2983 293 3048 obstat
317 2985 487 3068 quominus
511 2983 550 3046 ab
575 2983 702 3068 stupido
723 2991 903 3066 excerptore
921 2985 1006 3068 grati
1028 2983 1223 3066 accipiemus
1242 3001 1380 3046 neeesse·

189 3091 274 3154 riam
299 3090 454 3167 ταρετνί
464 3112 504 3168 ρη
515 3111 599 3172 σεν,
613 3093 751 3175 eamque
770 3109 806 3154 eo
819 3109 1039 3175 expungamus
1051 3089 1065 3151 ί
1079 3089 1146 3151 'Oi
1172 3087 1382 3152 Pervenimus

191 3195 229 3262 ad
252 3193 364 3262 ultima
383 3202 415 3262 et
435 3199 687 3282 corruptissima:
707 3196 731 3259 οί
745 3194 894 3269 lirinensi
909 3193 1046 3260 πνέουσιν
1059 3195 1151 3258 ἐνίοτε
1165 3195 1218 3259 καί
1232 3196 1298 3258 καθ’
1313 3194 1381 3258 ίαν-

190 3302 271 3398 rode,
292 3306 336 3374 ιίς
359 3303 425 3367 καί
448 3303 614 3366 πολλοί·
630 3303 682 3366 καί
702 3303 766 3379 γὰρ
788 3304 876 3375 ἡμεῖς
900 3301 977 3381 δίχα
997 3302 1165 3378 βασιλικοῦ
1186 3323 1382 3380 προστασ-

191 3413 286 3484 σίμε
296 3431 345 3473 υοι
367 3411 620 3487 προστάγματος.
648 3410 727 3488 Qun,
741 3427 868 3494 quaese,
883 3409 1053 3474 referamus
1066 3407 1121 3474 illa
1134 3409 1171 3477 ιίις
1186 3409 1237 3471 καί
1252 3411 1360 3470 πολλοί
1369 3405 1382 3469 ’ί

190 3515 218 3580 Ν
224 3535 279 3582 am
299 3515 378 3582 forte
397 3523 519 3601 praeter
532 3525 642 3582 ventos
654 3523 686 3582 et
698 3513 754 3580 alii
767 3513 859 3582 flant.
875 3515 971 3598 idque
984 3535 1041 3580 sua
1054 3511 1182 3599 sponte?
1196 3511 1279 3594 Quid
1291 3533 1381 3598 porro

191 3631 240 3688 est
262 3623 508 3702 προστάσσεσίαι
528 3623 606 3704 δίχα
626 3621 792 3700 βασιλικοῦ
815 3619 1081 3698 προσταγματοςί
1094 3621 1136 3685 Et
1148 3641 1241 3706 quem
1257 3624 1379 3685 exitum

191 3733 315 3796 invenit
339 3729 415 3794 haee
437 3731 594 3794 sententia
616 3728 817 3814 imperieota:
840 3727 893 3790 καί
914 3727 977 3804 γαρ
996 3728 1083 3802 ἡμεῖς
1099 3725 1381 3805 προστασσόμενοιί

191 3839 298 3904 Etiam
330 3839 406 3904 haee
442 3841 610 3902 occurrunt
645 3835 677 3900 io
711 3841 857 3919 excerpto
881 3854 919 3898 ex
943 3832 1032 3913 HQV
1057 3835 1096 3898 ed
1123 3855 1166 3897 vs.
1194 3833 1232 3916 e,
1257 3833 1296 3898 de
1319 3853 1380 3917 qno

191 3965 286 4030 supra
309 3945 471 4034 dicebam,
496 3951 529 4007 at
553 3944 604 4006 hio
628 3961 752 4026 qaoque
774 3939 857 4005 nihil
881 3947 929 4004 est
951 3940 1117 4024 praesidii:
1137 3940 1247 4004 eadem
1268 3939 1383 4004 vitiosa

192 4059 224 4117 et
247 4049 316 4118 illie
340 4051 492 4138 legantur
516 4049 688 4134 eodemque
713 4049 830 4114 ordine.
879 4047 950 4112 Non
974 4053 1081 4112 tamen
1105 4047 1143 4110 de
1163 4045 1382 4112 emendatione

187 4269 366 4281 ..η-...ω

229 4427 253 4482 l)
280 4424 328 4472 Cir.
354 4437 424 4487 supra
448 4437 468 4484 p.
495 4417 550 4466 325.
577 4413 717 4462 Addendum
740 4425 788 4458 esse
810 4407 858 4470 γάρ
882 4411 953 4458 rtinm
980 4407 1113 4460 Dindorfius
1138 4407 1242 4468 raonait,
1266 4411 1327 4472 qnod
1350 4409 1380 4458 ibi

193 4517 275 4560 intrare
294 4505 391 4569 neglexi.
