3330 5144
767 321 841 401 ret

206 513 328 589 mirum
352 517 385 586 in
409 519 542 586 medum
565 523 747 588 invertitur.
773 519 844 586 Non
868 521 972 592 enim,
995 524 1144 606 quoniam
1157 517 1266 588 Ulixis
1279 539 1397 590 errores

206 633 296 694 extra
312 633 425 694 notam
448 633 605 694 terrarum
629 628 737 694 orbem
761 629 858 713 positi
881 633 976 711 sunt,
1000 627 1072 696 ideo
1095 628 1278 696 Phaeacum
1299 649 1398 696 neves

206 734 355 802 miraculi
388 737 489 802 instar
523 741 598 802 sunt
630 735 808 807 habendae,
845 733 900 800 sod
933 734 1027 820 plane
1061 741 1170 803 oontrs
1205 744 1271 804 ost:
1316 737 1400 823 quod

207 842 389 910 Phaeacum
412 863 508 908 naves
531 847 729 927 portentosae
752 847 847 914 suat.
873 848 906 908 et
927 841 988 908 hoc
1019 840 1167 909 conducit
1197 844 1236 910 ed
1269 844 1401 930 proban·

206 949 286 1014 dum
323 954 445 1030 (contre
478 948 640 1016 Oratetcm
674 951 805 1033 eiusque
836 950 1037 1036 sectatores),
1070 969 1189 1017 errores
1219 949 1310 1018 fictos
1334 969 1401 1017 esse

209 1055 342 1140 ideoque
372 1063 461 1120 extra
486 1055 600 1120 rictum
625 1060 780 1120 terrerum
804 1055 913 1120 orbem
937 1055 1140 1140 quaerendos.
1186 1056 1300 1142 Iteque
1322 1057 1402 1122 scri·

210 1161 367 1228 bendum:
397 1161 523 1240 τούτῳ
546 1163 676 1240 φανερὸν
701 1155 746 1224 ὅτι
771 1159 987 1228 ἕκτεπθπιοπιυ
1013 1162 1030 1235 οἱ
1055 1161 1178 1238 πλοίνιρ,
1202 1163 1269 1228 διὸ
1293 1164 1335 1229 πθ
1359 1162 1404 1240 scir

210 1266 334 1350 χρῄζειν
365 1267 424 1339 πίοι
449 1272 523 1340 ναῡι
548 1273 606 1332 τῶν
629 1265 821 1345 κυβερνητῶν
852 1281 923 1333 απλ.
971 1266 1076 1333 Simul
1098 1269 1152 1335 vel
1174 1269 1249 1336 hinc
1273 1275 1404 1356 apparet

211 1394 307 1460 quem
344 1372 529 1460 plenissime
564 1373 651 1438 idem
692 1375 735 1440 sit
766 1373 983 1440 ἐκτετίπιαπαι
1017 1375 1034 1450 θ
1066 1373 1170 1449 πλιίνιι
1203 1385 1234 1442 et
1268 1377 1311 1442 τὰ
1347 1382 1403 1449 τῆς

212 1477 343 1555 πλοίνιρς.

257 1585 317 1652 Sed
341 1605 435 1672 pareo
457 1584 602 1671 pluribus
624 1588 658 1652 in
682 1607 716 1652 re
734 1587 901 1653 notissima
918 1592 951 1652 et
969 1586 1029 1653 hoc
1047 1587 1114 1656 iem
1134 1589 1257 1655 nemini
1268 1589 1404 1656 dubium
1483 1579 1486 1587 ’

211 1693 277 1761 scre
300 1695 427 1778 opinor,
452 1698 483 1758 et
507 1711 543 1758 eo
567 1691 650 1768 loco,
677 1692 761 1758 unde
782 1694 859 1760 hoec
884 1697 989 1760 omnis
1012 1694 1187 1780 disputatio
1212 1716 1322 1762 exores
1345 1701 1404 1778 est,

212 1801 241 1884 (θ
256 1798 323 1882 72),
344 1797 517 1885 legendum
539 1819 606 1864 esse
621 1799 663 1864 rai
677 1809 732 1874 τῆς
744 1797 933 1875 terestres,
945 1807 978 1866 et
989 1801 1120 1867 candem
1134 1801 1259 1868 dicendi
1271 1802 1405 1868 formem

212 1894 442 1972 restituendam
461 1903 555 1970 aliter
573 1906 774 1994 obscuratam
796 1904 900 1973 1800:
923 1907 975 1974 διὰ
995 1906 1028 1972 τί
1046 1909 1090 1985 μὴ
1103 1905 1219 1986 ἔλαβεν
1232 1905 1266 1988 l}
1277 1909 1405 1973 αὐτῶνθ

213 2011 352 2093 Κύκλωψ
372 2011 413 2076 τοὶ
434 2011 512 2091 ξίφει
533 2010 586 2076 καί
607 2013 835 2091 erepturum
856 2013 968 2086 αὐτούς
978 2034 987 2092 ;
1007 2013 1244 2100 Respondetur:
1265 2021 1320 2087 ric
1340 2016 1406 2081 ἐπι·

213 2118 330 2198 βουλῆς
353 2117 425 2190 ἴσως
449 2116 557 2184 ἔλαθεν
581 2120 676 2186 αὐτὸν
700 2120 773 2200 πρὸς
797 2121 852 2194 rica
875 2120 973 2201 βορὰν
996 2120 1206 2199 ἐπειγόμενον.
1234 2122 1288 2208 (Q)
1314 2122 1407 2189 Unde

212 2226 329 2312 pendet
346 2225 515 2312 genetivus
534 2232 590 2298 τοῖς
609 2225 798 2304 θπιβονλιῑιί
820 2228 891 2294 Non
904 2233 988 2294 certe
999 2227 1039 2294 sb
1052 2225 1171 2306 ἔλαθεν,
1185 2249 1286 2316 neque
1298 2231 1404 2317 magis

213 2335 254 2400 ab
286 2329 391 2396 αὐτίι.
438 2331 596 2416 Requitur
624 2335 859 2412 nominativus,
890 2335 999 2420 itaque
1030 2335 1202 2401 addamus:
1232 2335 1322 2420 (τθι)
1347 2343 1404 2411 τῆς

214 2441 382 2518 ἐπιβουλῆς
413 2435 484 2510 loco
515 2434 624 2504 ἔλαθεν
656 2439 760 2506 αὐτόν.
808 2440 950 2506 Tandem
982 2441 1126 2507 eiusdem
1150 2444 1197 2508 rei
1227 2442 1406 2509 observatio

214 2547 359 2633 prodesse
381 2546 498 2631 poterit
520 2542 649 2612 Schelle
672 2547 843 2614 Aristonici
871 2549 903 2612 in
926 2549 1019 2613 initio
1041 2547 1170 2625 lliodis,
1196 2558 1224 2614 A
1250 2547 1309 2614 59:
1334 2549 1406 2628 πιθα

214 2655 286 2726 τὴν
323 2659 380 2718 τῶν
415 2651 560 2730 νεωτέρων
595 2652 805 2730 ἱστορίαν,
841 2650 886 2717 ὅτι
919 2653 1052 2719 ἐντεῦθεν
1084 2657 1139 2727 riso
1170 2655 1254 2720 ιιαποὶ
1279 2655 1405 2720 Μυσίαν

215 2757 400 2837 ίοπορίαν
432 2755 588 2822 ἔπλασαν.
635 2757 776 2826 Offendit
799 2761 850 2825 vir
873 2759 1077 2826 doctissimus
1100 2761 1138 2826 L.
1161 2760 1405 2828 Friedlinderus

215 2866 249 2931 in
280 2868 414 2950 repetito
445 2866 596 2945 ἱστορίαν,
626 2885 682 2951 pro
712 2865 812 2932 altero
845 2865 1026 2947 »ἐφίμουν
1055 2866 1108 2933 vel
1130 2867 1196 2933 tale
1220 2867 1314 2953 quid'
1337 2891 1408 2956 pro·

217 2992 345 3058 ponens.
371 2972 472 3038 Acute
496 2973 613 3038 vitium
637 2975 813 3058 perspexit,
838 2974 871 3038 in
894 2973 1034 3039 remedio
1058 2973 1255 3056 adhibendo,
1280 2977 1307 3038 si
1331 2977 1408 3061 quid

217 3079 327 3157 video,
360 3080 467 3144 minus
490 3076 626 3146 feliciter
648 3085 792 3146 versatus
816 3080 940 3165 sibique
963 3082 1031 3166 ipse
1055 3079 1234 3166 displicens
1278 3080 1408 3148 Etenim

216 3207 274 3252 nec
294 3186 350 3271 qui
370 3185 504 3262 ἱστορίαν
526 3205 564 3252 ex
585 3184 745 3264 ἐφίρμιπιν
766 3187 853 3252 nesci
872 3187 1012 3270 potuerit
1035 3185 1145 3263 video,
1170 3193 1201 3252 et
1224 3189 1252 3254 si
1276 3187 1353 3273 quid
1375 3191 1410 3254 in

215 3299 359 3360 extrem
392 3297 481 3376 parte
514 3291 727 3369 mutandum,
762 3298 847 3369 certe
877 3293 933 3368 πθιν
964 3293 1049 3358 κατὰ
1081 3293 1208 3359 Μυσίαν
1241 3296 1411 3373 πορείαν

215 3403 397 3486 praestaret.
427 3399 450 3482 ί)
474 3397 585 3483 Ithue
608 3400 730 3464 mirum
754 3418 817 3464 non
848 3405 915 3476 est,
947 3398 1210 3466 Friedlinderum
1243 3399 1407 3467 Diodortio

220 3567 396 3579 nat—„uantu-

251 3669 277 3732 l)
295 3667 413 3718 Similiter
434 3667 459 3717 in
476 3666 567 3718 scholio
583 3671 608 3716 ct
625 3667 776 3734 caeteroquin
793 3667 973 3734 comuptisrimo
990 3668 1020 3718 ad
1038 3689 1056 3720 α
1073 3669 1122 3734 (4),
1141 3671 1167 3720 t:
1186 3666 1312 3734 θρνιίμεναι
1332 3669 1360 3728 lla
1379 3685 1409 3722 πο

217 3757 303 3822 ψυχὴν
322 3757 364 3808 καί
381 3751 468 3807 stne
485 3753 584 3819 ἐπαίρειν
600 3757 647 3823 QV
664 3757 681 3807 i.
691 3774 712 3808 a.
729 3747 834 3808 liabent:¹
849 3747 1138 3819 θπιιιινπαλλιιπαθμινος
1154 3760 1200 3819 πρὶν
1216 3757 1307 3810 decret
1322 3759 1410 3825 θοοχῆν

216 3849 258 3898 καί
283 3849 330 3908 πιὶν
356 3848 390 3906 είς
417 3847 461 3898 πθν
488 3843 549 3898 olm
576 3865 660 3908 πιμιι
667 3849 737 3910 ρίαν
762 3844 822 3911 carp
848 3854 908 3898 πᾶν.
923 3845 1032 3913 ἐπαίρειν.
1067 3851 1115 3900 Pro
1137 3851 1239 3902 nlnsnrdo
1254 3851 1409 3916 πιμνρίανΤ

216 3941 290 4007 (App.
314 3957 336 4006 p.
361 3940 423 4005 735)
443 3940 545 4006 optima:
568 3940 614 4000 τὴν
637 3939 670 3996 είς
696 3935 758 3990 νίνου
782 3939 926 4003 πορείαν.
962 3941 1088 4012 seqnitur.-
1115 3935 1160 3990 οίον
1178 3939 1407 4001 adrichomius

217 4029 289 4080 θίλιιν
308 4032 346 4080 ἵνα
363 4027 432 4097 πρίαμ
451 4030 509 4086 ποθι
527 4026 644 4094 θπαίρους.
667 4027 873 4090 θιαλιρππθον
891 4029 924 4082 tl
943 4029 998 4082 'nl
1017 4029 1054 4081 πθ
1072 4032 1199 4082 steros.
1235 4034 1299 4100 Quid
1318 4033 1410 4086 ultimis

217 4120 363 4180 laciendum,
383 4120 408 4170 in
426 4121 447 4168 V
465 4120 566 4172 alterins
581 4120 717 4186 depravaris
733 4119 758 4170 in
775 4117 916 4172 θιαλιππθον
933 4121 976 4172 'orl
989 4127 1026 4187 op
1043 4120 1085 4170 καί
1101 4121 1206 4174 conec
1225 4123 1411 4194 ltucripsarim:

218 4209 360 4271 ληπτέον
377 4207 410 4260 ll
434 4204 534 4260 νθιθ“
552 4209 607 4260 ἐπὶ
625 4209 662 4259 πὸ
683 4205 817 4273 odoror,
835 4227 890 4262 nem
907 4215 988 4270 amnt,
1006 4211 1048 4275 qni
1065 4212 1099 4261 sic
1117 4211 1207 4262 sdlicat
1225 4210 1411 4278 interpretaren-

216 4305 269 4354 tur:
295 4297 420 4365 θρνθμιναι
446 4298 474 4360 ἣν
500 4299 584 4365 ψυχὴν
608 4297 663 4350 lui
689 4302 805 4351 νθαπον
829 4298 945 4364 ίπιιίριιν,
968 4303 1038 4349 snut
1055 4301 1095 4364 qni
1113 4299 1411 4354 veredunensium

215 4407 245 4443 cn
264 4395 284 4443 Β
301 4394 326 4443 in
345 4395 390 4443 line
406 4393 504 4444 mutilo:
523 4390 777 4451 ἀντινιιιποιλλιθααιιν,
795 4389 929 4448 θἰπιθιθοθι
943 4390 978 4439 πὶ
996 4387 1081 4450 ίίλγεα
1098 4387 1138 4439 tea
1157 4391 1202 4450 css
1222 4387 1353 4456 θνιθνχιρν
1368 4391 1410 4443 οιαὶ

217 4480 258 4534 rsa
279 4484 323 4532 πθν
346 4484 431 4532 aare
455 4487 504 4534 πθν
526 4479 633 4546 ίπαίριιν.
669 4483 710 4532 nst
728 4481 784 4532 haec
801 4480 953 4547 paraphrasis
968 4478 1096 4530 verboram
1113 4496 1141 4530 oo
1157 4482 1228 4532 modo
1247 4484 1412 4546 structorum,
