3232 5136
695 345 737 412 15

136 537 225 604 looum
262 537 319 604 ille
357 539 456 603 etiam
491 535 531 602 de
566 537 755 604 Antisthene
785 539 1001 624 preemiserit.
1034 535 1165 620 idemque
1193 541 1310 602 caetera

37 719 38 724 η
135 645 243 728 ejudem
273 645 346 708 aliie
372 643 446 708 loet'e
467 649 661 728 excerpserit,
684 667 725 708 oe
746 650 846 728 potius
868 665 924 708 νυνι
947 641 1106 722 Κέχρητοιι
1130 663 1236 706 novere
1260 643 1310 706 tie

133 773 229 837 qaoque
258 753 400 816 colobium
431 751 569 814 ordietur
598 751 688 836 idque
709 755 802 815 oolam
825 757 853 814 et
877 757 969 814 totam
991 755 1032 813 eit
1054 747 1233 834 Porphyrii,
1259 750 1309 812 out

134 858 180 921 ille
202 867 275 923 certe
298 859 336 922 de
359 859 529 944 Ppttoporu
550 859 684 922 ιέοόοοιυο
706 859 790 922 νιιί.”
815 858 908 942 (Add.
933 878 964 943 p.
990 855 1079 940 562.)
1101 856 1209 943 Igitur
1230 856 1307 921 bene

132 966 216 1030 sensit
243 965 459 1030 Buttmannus
491 963 640 1030 Scholion
671 971 833 1036 nostrum,
857 972 951 1050 prout
974 965 1058 1050 apud
1081 968 1185 1049 ipsum
1211 999 1255 1012 ·-
1278 969 1311 1027 et

132 1093 202 1137 nuno
230 1071 314 1158 apud
343 1069 542 1137 Dindorfium
573 1091 716 1157 quoque,
742 1111 782 1122 -
808 1073 937 1160 singule
966 1077 1209 1143 continuantur.
1242 1090 1309 1155 pes·

131 1180 197 1244 rime
228 1178 280 1244 vel
314 1180 422 1264 potius
457 1177 551 1262 plene
582 1199 643 1242 non
675 1178 850 1244 cohaerere.
897 1179 1010 1263 Itaque
1042 1179 1102 1245 hoe
1135 1185 1243 1260 teneo,
1275 1177 1310 1241 in

132 1287 247 1350 metaris
279 1287 349 1350 eius
380 1284 555 1349 rationibus
585 1303 646 1349 non
674 1284 831 1350 accedens.
881 1283 996 1350 Omnia
1019 1287 1103 1350 enim
1129 1285 1308 1369 Porphyrio
1376 1283 1382 1298 “

133 1390 223 1456 deberi
253 1411 363 1458 oenseo
394 1397 427 1455 et
456 1391 680 1456 Antisthenem
704 1391 884 1476 excerpenti
907 1391 1001 1456 etde
1025 1411 1113 1457 more
1137 1411 1216 1476 quae
1239 1391 1307 1474 ipae

134 1497 332 1564 observaverit
356 1495 408 1562 vel
431 1497 503 1562 aliis
526 1496 701 1584 sublegerit
725 1496 764 1562 de
786 1497 897 1562 eodem
920 1497 973 1562 vel
996 1497 1096 1562 simili
1121 1502 1309 1585 argumento

134 1623 185 1668 non
210 1627 333 1691 semper
366 1624 495 1670 summa
525 1610 592 1669 arte
616 1605 824 1669 eonneetenti.
872 1602 960 1684 Quae
983 1604 1022 1670 de
1045 1603 1232 1691 Pythagora
1254 1603 1309 1669 ed·

134 1709 241 1795 iunxit,
259 1715 401 1798 ipsiusne
420 1714 484 1776 sint
499 1710 521 1791 ¹)
543 1731 582 1776 an
603 1711 801 1776 Antisthenis
817 1729 880 1774 non
898 1710 1053 1788 diiudioo;
1078 1717 1162 1776 uerte
1182 1710 1221 1776 ed
1241 1730 1308 1776 rem

134 1823 197 1902 epta
212 1823 293 1884 sunt.
319 1817 427 1882 Etiam
448 1837 528 1902 quae
552 1815 743 1882 secludenda
765 1823 843 1902 puto
865 1819 967 1901 ipsius
986 1817 1121 1883 tortasse
1138 1816 1309 1902 Porphyrii

134 1922 177 1988 vel
197 1944 249 1990 sue
271 1925 323 1991 vel
346 1923 484 1990 eliorum
508 1924 674 1989 observata
696 1923 860 1988 referentis
883 1944 950 1990 esse
972 1931 1122 2009 possunt,
1152 1943 1209 1988 neo
1229 1941 1310 2008 quoe
1338 1947 1342 1954 ·

135 2029 305 2096 Eustatlrins
337 2031 425 2097 etiert
452 2052 472 2096 e
500 2027 664 2095 Dindorfio
695 2026 891 2117 significata:
925 2025 1030 2095 ἔτιδὲ
1061 2031 1096 2094 τὸ
1120 2030 1310 2107 πολύτροπον

136 2135 335 2213 ἐπαινουμένην
367 2138 436 2203 τινὰ
466 2136 609 2213 σημοιίνει
642 2136 693 2202 aet
726 2136 870 2210 πολυειδῆ
902 2137 1057 2215 ἐνέργειαν
1087 2136 1248 2209 detained
1275 2136 1309 2200 τὸ

135 2243 191 2320 περὶ
212 2245 330 2317 ἀηδόνος
355 2244 413 2309 ὑπὸ
436 2248 488 2308 τοῦ
514 2246 637 2316 ποιητοῦ
662 2242 794 2323 λεχθέν,
820 2242 855 2306 τὸ
876 2250 1039 2321 ,,τροπῶοπ
1056 2243 1124 2322 χέει
1145 2243 1308 2322 πολυηχέιο

135 2351 255 2428 Φυνιὶν.”
279 2351 310 2417 ἕν
333 2350 397 2429 γὰρ
420 2351 462 2430 τῷ
487 2356 629 2428 sportae
642 2385 683 2400 -
698 2387 740 2398 —
754 2349 942 2430 πολύτροπον
966 2351 1009 2422 εἰς
1026 2348 1102 2429 ᾠδὴν
1119 2353 1173 2419 την
1194 2346 1309 2421 daldae

134 2460 225 2533 Φηοίν,
245 2459 287 2542 (p.
309 2455 406 2538 1381,
426 2456 483 2534 te)
503 2475 560 2522 nee
581 2476 618 2522 ea
637 2475 779 2541 quoque,
799 2459 947 2541 inquam,
961 2455 1090 2521 aliunde
1104 2459 1226 2521 venisse
1238 2457 1311 2541 quis

134 2564 289 2630 existimet.
307 2563 369 2630 Sed
381 2562 435 2630 vel
447 2565 491 2628 sio
504 2571 570 2628 tam
583 2563 708 2627 fetuum
722 2561 819 2627 tuisse
832 2561 1045 2648 Porphyrium
1059 2582 1121 2628 non
1133 2583 1262 2647 possum
1276 2565 1310 2629 in

134 2670 261 2735 animum
284 2671 450 2747 inducere,
475 2675 512 2734 ut
535 2689 615 2753 quee
639 2670 924 2755 argumentationis
947 2671 1061 2733 seriem
1086 2668 1221 2734 mirifice
1242 2690 1311 2754 per-

133 2783 275 2843 verterent
305 2781 436 2863 eiusque
466 2779 534 2841 vim
566 2775 789 2860 infringerent,
825 2795 862 2840 ee
892 2775 1016 2841 mediae
1039 2777 1311 2863 argumentationi

134 2883 276 2950 insereret.
324 2882 416 2950 Unde
452 2888 483 2947 et
520 2880 678 2967 quomodo
713 2882 746 2946 in
777 2887 921 2946 nostrum
950 2881 1058 2948 loeum
1090 2884 1310 2967 pervenerint,

135 3007 187 3052 nou
214 2994 337 3074 expeto.
385 2989 530 3056 Fortasse
562 2989 718 3052 recentior
749 3007 879 3065 manus,
904 2985 1033 3054 Scholio
1056 2989 1121 3053 iem
1146 2985 1251 3064 finito,
1276 3009 1314 3054 ea

135 3091 336 3162 ioOodioum
368 3102 548 3161 nostrorum
581 3092 753 3180 archetypo
784 3093 952 3180 supplendi
982 3115 1076 3160 eausa
1104 3096 1249 3180 appinxit
1272 3093 1312 3160 eb

136 3200 229 3266 wdem
246 3223 340 3287 quem
361 3202 496 3287 putabat
515 3208 643 3266 auctore
666 3203 699 3265 iu
723 3199 834 3265 eadem
858 3220 891 3264 re
914 3199 1064 3285 profecta.
1087 3199 1149 3267 Sed
1174 3221 1313 3287 quoquo·

135 3305 215 3372 nodo
241 3309 368 3376 tandem
398 3308 476 3375 heeo
506 3329 539 3374 se
567 3307 717 3383 habeant,
751 3305 811 3373 hoo
843 3327 926 3372 nune
957 3327 1047 3392 spero
1078 3315 1200 3373 certum
1232 3311 1311 3386 erit,

135 3412 217 3480 rer'oe
237 3415 357 3482 incluse
380 3435 417 3480 eo
440 3415 509 3482 loeo
539 3433 602 3500 quo
633 3433 717 3478 nuno
748 3419 823 3478 sunt
853 3416 1029 3500 incongrue
1052 3435 1119 3480 esse
1142 3419 1176 3479 et
1199 3421 1256 3480 aut
1279 3417 1313 3480 in

136 3523 315 3608 marginem,
339 3522 423 3607 quod
447 3521 580 3596 malim,
605 3519 722 3586 autad
747 3518 867 3586 oeloem
890 3517 1011 3586 Soholii
1034 3519 1222 3608 ableganda.

141 3691 267 3705 ——

137 3797 161 3845 ’ὃ
176 3803 326 3867 μνοέτροπον,
344 3819 388 3868 pro
407 3818 455 3866 qno
473 3817 535 3852 nuno
553 3818 581 3853 ex
601 3805 625 3854 Η
643 3811 679 3869 τῇ
698 3805 744 3851 τοῦ
763 3805 840 3862 λόγον
858 3803 964 3867 χρῆσθαι
984 3805 1122 3868 μονοτρόπῳ
1138 3807 1201 3853 reste
1217 3803 1314 3854 restit-o·

137 3892 180 3938 tum
194 3897 238 3950 est,
251 3909 272 3959 p.
290 3895 329 3950 10,
345 3891 387 3940 lin.
402 3892 474 3956 4-p.
494 3891 532 3949 ll,
547 3890 588 3941 lin.
599 3893 613 3941 l
626 3893 706 3952 Dind.)
719 3893 878 3959 „praescripto
892 3893 1026 3956 Πορφυρέου
1042 3893 1137 3944 nomine
1146 3894 1210 3943 iuter
1219 3893 1315 3943 Scholia

139 3969 209 4022 lliedis
227 3975 280 4026 libri
303 3975 389 4025 ewini
413 3972 488 4022 reno
512 3977 547 4022 eet
566 3973 591 4024 in
610 3975 695 4025 (iodioe
712 3975 821 4024 leidenei
840 3976 955 4026 Vossinuo
973 3977 1035 4042 epod
1054 3976 1168 4026 Veloken.
1186 3973 1313 4025 Animadv.

138 4055 161 4104 ed
175 4059 318 4110 inueniunt
337 4075 359 4124 p.
379 4055 453 4107 24?ss

167 4139 186 4198 1)
201 4141 324 4208 Porphyrii
337 4157 364 4192 ee
377 4143 482 4190 mentem
498 4140 587 4190 referre
602 4138 708 4190 dubitari
724 4139 813 4205 nequit.
832 4141 980 4207 Pythagorea
993 4143 1057 4192 enim
1065 4145 1161 4190 auctore
1172 4140 1315 4190 Dicaearoho

138 4235 234 4280 narretur
249 4230 310 4281 υέτοο
329 4225 439 4279 διαθεῖναι
458 4228 503 4287 την
524 4234 691 4291 Κροτωνιατῶν
710 4231 780 4278 πόλιν
799 4227 860 4279 un*
877 4231 931 4280 'ersi
949 4231 980 4280 τὸ
998 4237 1046 4281 τῶν
1069 4231 1190 4293 γερόντιον
1217 4226 1316 4294 ἀρχεῖον

138 4313 319 4381 *temdum
343 4320 427 4370 πολλὰ
450 4318 491 4368 οιαὶ
516 4320 583 4368 καλὰ
610 4317 763 4384 inunxisti,
786 4316 839 4379 τοὶς
865 4319 922 4379 νέοις
948 4321 1023 4370 πάλιν
1042 4319 1160 4383 iterari<
1181 4317 1316 4378 έποιητιιπυ
1355 4329 1359 4338 ·

139 4409 267 4468 *misere
292 4408 338 4460 ὑπὸ
362 4417 412 4459 πᾶν
436 4409 563 4473 textum
587 4410 734 4467 ιιολουτέιές·
757 4413 823 4471 μον-ὰ
843 4409 869 4460 dl
889 4413 974 4462 ταῦτα
992 4407 1044 4469 τοῖς
1064 4411 1147 4462 amris
1165 4413 1194 4460 'ee
1212 4422 1261 4459 ‘ran
1279 4407 1314 4460 δι-

139 4489 268 4552 tarsae„
286 4495 374 4564 ἀθρόοις
393 4501 558 4552 συνελθοῦσιν·
578 4497 635 4552 εἶτα
652 4497 709 4560 ταῖς
725 4498 842 4563 γυναιξίν.
858 4504 919 4570 epod
935 4501 1316 4572 Porphyr.vio1’yteng.e.1e.
