3330 5144
841 307 908 380 280

279 515 398 574 aeriam
438 525 532 592 supra
573 501 815 582 admonuimus,
853 543 901 578 -,
924 512 995 570 aut:
1041 508 1074 570 τὸ
1116 511 1210 584 γοῦν
1249 501 1468 587 προειρημένον.

280 613 452 698 Utriusque
487 613 727 676 constructionis
763 610 909 696 exempla
939 620 1014 676 suut
1044 615 1076 676 in
1108 615 1191 678 notis
1223 611 1398 680 Aristonici
1430 613 1469 678 ad

278 719 432 796 Iliadem,
467 716 607 803 plurima
637 719 769 802 prioris,
802 739 896 802 quam
922 721 1062 784 maxime
1086 719 1270 806 amplectar.
1318 719 1372 786 Sia
1399 741 1468 788 v.c.

279 825 319 890 ad
352 837 379 890 A
411 823 560 888 29-312
592 824 786 908 οίύετοῖιντοιι,
817 819 862 888 ὅτι
894 823 1060 889 οίνοιλύουσι
1092 825 1147 900 την
1178 826 1322 892 ἐπίτασιν
1345 831 1397 891 τοῦ
1422 829 1470 891 νοῦ

279 931 331 996 ιιοιί
364 933 418 1006 την
451 930 593 1003 ύπειλνίν.
623 928 766 1008 ύσμένιοε
794 931 872 1008 γὰρ
904 930 1018 1017 (noune
1054 930 1100 997 διν
1132 933 1279 998 additum
1311 941 1434 1018 operosi
1444 929 1470 1018 ί)

279 1039 330 1102 ιιού
363 1038 377 1102 i
409 1041 527 1116 Χρύσης
560 1035 764 1114 ὑπηρετούσης
797 1037 855 1122 (sin
888 1036 1057 1116 Lehrsius,
1091 1038 1189 1104 oodox
1225 1037 1368 1114 εἰπούσης
1402 1040 1470 1104 sina

279 1144 404 1230 sensu.)
432 1144 527 1217 οιύτιῑς
560 1144 601 1224 τῷ
625 1141 764 1222 βασιλεῖ.
791 1144 925 1221 ἀπρεπὲς
950 1143 987 1208 δὲ
1012 1145 1077 1210 ιιοιί
1105 1146 1139 1212 τδ
1163 1145 1214 1210 τὸν
1243 1143 1470 1224 Ἀγαμέμνονος

278 1256 412 1316 τοιοῦτοι
436 1250 550 1330 λέγειν.
574 1247 695 1316 Iterum
719 1258 744 1316 E
763 1248 846 1316 807:
874 1248 903 1336 (η
923 1252 1041 1337 διπλῆ),
1060 1245 1106 1315 ύτι
1127 1251 1285 1325 Ζηνόδοτος
1301 1250 1469 1318 ύποτοίοσει

280 1357 376 1438 τούτῳ
400 1357 526 1438 στίχον·
553 1356 706 1436 ηρηιδίυς·
731 1358 795 1432 τοίη
820 1357 845 1422 οί
869 1354 948 1433 ε’γίιν
971 1355 1159 1442 ε’πιτύρρούος
1184 1351 1254 1432 ἦοι.”
1279 1361 1470 1424 ίυοιντιοῦτοιι

281 1464 330 1528 δέ·
363 1466 380 1539 οἱ
405 1464 483 1543 γὰρ
509 1462 623 1537 Ἀύηιοῖ
647 1461 682 1527 ού
704 1470 782 1546 φησι
806 1462 997 1544 ποιροτρύνειν
1021 1465 1109 1530 ύλλίι
1133 1463 1278 1530 κωλύειν·
1302 1466 1470 1546 μετνίχύη

279 1569 361 1657 (cod.
387 1593 488 1647 aar„
513 1590 590 1634 corr.
615 1568 748 1654 Friedl.)
770 1568 808 1633 δὲ
831 1572 863 1634 ού
890 1568 1014 1640 δεόντως
1037 1571 1072 1633 εἰς
1092 1574 1143 1634 τοῦ
1164 1571 1400 1649 Ἀγαμέμνονος
1421 1572 1471 1636 λί·

278 1701 346 1755 γου.
371 1675 492 1744 Iberum
517 1685 540 1742 Z
566 1675 650 1740 311:
674 1676 849 1753 ύύετεῖτοιι,
874 1671 919 1740 ύτι
944 1675 1015 1756 πρὸς
1041 1676 1122 1742 ούδὲυ
1147 1677 1182 1743 τδ
1207 1678 1394 1758 ἐπιφύνημιο
1416 1679 1468 1744 aa}

278 1786 333 1852 ούιι
356 1782 538 1861 είύιεσμίνον1
565 1782 651 1848 ιιοιτίι
672 1783 728 1858 μὲν
753 1783 829 1862 γίιρ
854 1783 887 1847 τδ
911 1783 1044 1848 ε’νοιντίον
1067 1783 1080 1846 ὁ
1106 1783 1181 1856 Ζεὺς
1207 1783 1389 1862 ε’πιβεβσιιοῖ
1409 1787 1468 1850 κοοὶ

276 1889 419 1954 τμνεύυυ.
446 1889 513 1954 ani
538 1886 606 1964 ἑξῆς
632 1887 658 1954 δ’
683 1887 900 1967 ε’πιλεγομεύου
928 1885 985 1971 1,ὣς
1006 1889 1040 1953 οοί
1061 1889 1119 1966 μέν
1142 1891 1167 1970 ῥ’
1194 1889 1340 1970 εύχοντο”
1358 1897 1466 1974 σοφῶς

278 1998 400 2075 γίνεται
434 1997 573 2074 περισσὸς
607 1996 620 2058 ί
650 1996 772 2075 στίχος.
796 1996 906 2073 γελοίσι
930 1995 969 2060 δὲ
993 1996 1059 2059 aa}
1086 1997 1103 2070 ι)
1127 1995 1318 2062 οίνοινεύουποι
1343 1999 1468 2072 Ἀθηνᾶ.
1534 2083 1536 2088 Ι

278 2103 321 2168 ut
344 2105 469 2170 inverso
491 2101 720 2189 particularum
745 2102 853 2168 ordine
879 2124 909 2168 v.
925 2111 1004 2178 ae
1028 2100 1110 2166 213:
1136 2099 1182 2168 ύτι
1207 2103 1236 2168 ἔν
1261 2128 1322 2170 τισι
1345 2104 1468 2188 γρύφε·

278 2231 351 2275 ’σοι’
391 2208 476 2287 „cirri
511 2208 632 2290 τοίφρου
669 2209 783 2288 πύργος
819 2205 953 2287 ἓεργεν.”
987 2209 1018 2275 ού
1057 2208 1187 2276 δύνσιτοιι
1219 2210 1258 2274 δὲ
1282 2212 1315 2275 τὸ
1339 2212 1371 2276 εἰς
1395 2217 1468 2286 νηῶν

277 2317 414 2396 συιιοφὲς
446 2311 522 2380 εἷνοιι
547 2319 588 2396 τῷ
615 2317 698 2394 ί,οίπδ
722 2313 876 2395 τύφρου”·
901 2315 973 2394 πρὸς
998 2315 1076 2396 γὰρ
1100 2325 1171 2388 τοῖς
1197 2317 1283 2383 ιοιυοί
1308 2322 1431 2396 μύλλοι
1456 2319 1469 2382 ύ

276 2425 393 2506 πύργος
418 2424 435 2498 ἢ
462 2425 477 2499 ν)
502 2420 631 2505 τάφρος,
655 2427 687 2486 at
710 2420 851 2507 plurima
874 2426 948 2486 suut
971 2421 1022 2487 his
1044 2422 1223 2490 simillima.

321 2641 398 2706 Post
433 2637 552 2706 scholia
587 2638 624 2704 ad
661 2637 678 2703 δ
709 2635 751 2702 97
783 2642 815 2702 nt
844 2635 886 2701 95
919 2638 963 2722 (p.
998 2635 1072 2704 184.
1099 2638 1186 2703 4-5
1210 2645 1243 2706 at
1268 2637 1369 2725 7-9)
1392 2641 1470 2706 haee

274 2752 451 2834 soquuuiur
473 2747 506 2810 iu
530 2743 556 2810 Τ
581 2745 683 2811 lacera
706 2753 739 2808 et
761 2764 891 2820 manca,
911 2764 991 2828 quaa
1010 2747 1154 2830 primum
1175 2744 1334 2822 ούτολεξεδ
1356 2745 1470 2812 dosori-

274 2858 349 2922 bam
381 2857 476 2940 prout
505 2850 589 2937 apud
621 2847 822 2916 Dindorfium
856 2851 902 2937 (in
933 2853 1016 2936 App.
1049 2872 1080 2936 p.
1107 2851 1173 2918 756
1197 2863 1230 2918 nt
1255 2851 1333 2940 757)
1359 2873 1469 2938 propo·

273 2965 411 3044 nuntur,
435 2957 548 3024 deinde
572 2955 685 3022 videbo
710 2977 749 3023 au
773 2977 812 3022 ax
835 2956 1022 3023 densissimo
1046 2957 1135 3025 fumo
1154 2957 1275 3045 aliquid
1294 2958 1376 3024 lunis
1395 2960 1469 3024 dara

215 3128 221 3140 ,
274 3067 357 3133 mihi
392 3066 567 3151 contingat.
614 3062 696 3127 Sunt
730 3069 838 3128 autem
876 3063 970 3139 haec,
1006 3063 1096 3129 nullo
1131 3065 1254 3132 adianto
1296 3065 1467 3156 lemmata:

273 3172 433 3242 Μενὲλοιος
469 3170 499 3234 δὲ
534 3171 578 3255 (δὲ
611 3169 734 3235 duobus
764 3169 891 3254 punctis
923 3173 1083 3258 notatum)
1118 3171 1196 3236 πολὺ
1229 3173 1256 3237 δ’
1288 3171 1466 3252 οὶμβροούνη

273 3280 388 3366 (scribo
412 3275 584 3356 οίβροσύιηε
610 3281 684 3341 suut
707 3275 871 3362 Euripidis
897 3277 992 3342 verba
1011 3271 1210 3365 Orost.'349)
1232 3279 1321 3354 δῆλος
1342 3280 1466 3360 aaaron
1562 3269 1567 3282 ’

273 3390 342 3452 τοῦ
372 3383 574 3452 Τανταλιδῶν
605 3381 639 3458 ἐξ
671 3379 805 3460 μίμοιτος
837 3381 887 3448 aa.
921 3384 954 3448 ού
986 3385 1048 3461 μίην
1071 3384 1126 3459 τήν
1149 3410 1189 3462 γε
1214 3392 1267 3452 τοῦ
1293 3385 1466 3456 Ὀδυσσέως

275 3493 388 3569 οίιιησιν
419 3490 559 3568 ούδοιμύς
592 3495 711 3554 τοῦτο
743 3489 756 3550 ί
792 3536 888 3554 .....
924 3490 962 3554 οίι
987 3537 1086 3556 .....
1110 3489 1243 3566 ἄλλοις
1268 3491 1306 3557 ἂν
1331 3494 1465 3574 ιίσφοιλνῑ

274 3599 438 3673 πεποίηκε
470 3596 541 3677 πρὸς
581 3595 656 3660 οιύτδ
689 3598 778 3660 τούτο
810 3594 1120 3675 ποιρεσιιευοιπμένου.
1157 3597 1244 3677 λέγει
1278 3600 1341 3679 γὰρ
1374 3597 1466 3672 ούτιος

274 3714 301 3789 (ρ
326 3703 424 3792 266)
451 3699 506 3780 ,,ἒξ
530 3700 635 3784 ἑτέρον
659 3749 756 3768 .....
779 3699 920 3786 ssoouna:
945 3702 1063 3769 axoidit
1087 3699 1173 3792 ἕτερ’)
1204 3706 1302 3790 ἐστίν,
1336 3707 1468 3782 ἐτύοκη·

275 3837 328 3878 τοι
365 3813 397 3878 δέ
434 3811 459 3875 οί
495 3809 576 3883 οιύλίρ
611 3809 629 3882 ΙΙ
663 3807 758 3889 τοίχῳ
790 3809 843 3874 ιιοοί
876 3807 1107 3895 τρίγχοιοι,
1140 3811 1223 3891 ύύροιι
1255 3813 1281 3878 δ’
1310 3815 1343 3878 εύ
1370 3859 1465 3878 .....

277 3919 391 4005 (nomba
414 3913 562 4001 εὐερκέες)
586 3915 660 3979 είσίν
690 3917 708 3998 Ι)
731 3913 872 3988 δικλίδες.
897 3915 951 3978 ούιι
974 3915 1012 3980 ύν
1040 3917 1086 3989 τίς
1110 3943 1163 3996 μιν
1187 3920 1261 3999 ύνίιρ
1288 3919 1466 4000 ὑπεροπλί-

276 4021 426 4092 σοιιτο.”
450 4023 550 4089 δεῖδὲ
574 4025 627 4086 τοῦ
652 4025 775 4095 ποιητοῦ
800 4021 842 4085 τίς
865 4022 922 4099 μὲν
940 4023 977 4095 ύς
998 4022 1261 4102 συμβουλεύοντος
1281 4026 1333 4091 ιιοιί
1354 4051 1466 4107 πορει-

277 4136 395 4204 νοῦντος
425 4127 655 4208 οίποδίχεσύοιι,
688 4129 730 4194 τίς
763 4124 794 4192 δὲ
825 4129 863 4201 ὥς
895 4127 1096 4208 ἐξηγούμενος
1131 4131 1221 4217 (corr.
1249 4129 1464 4218 ἐξηγουμένου)

275 4237 380 4322 μόνον,
414 4234 502 4301 ἄλλοι
541 4235 572 4300 δὲ
608 4234 646 4305 ὡς
683 4232 871 4314 ὀνειδίζοντος
905 4235 957 4299 καί
990 4244 1238 4314 ιιοιτοιγελύντος.
1288 4238 1374 4320 Quae
1407 4242 1468 4306 atsi

275 4347 380 4430 primo
404 4343 519 4409 obtutu
541 4339 732 4406 insanabilia
754 4338 903 4406 videntur
927 4347 959 4408 et
982 4349 1108 4410 tantum
1126 4364 1188 4410 non
1211 4345 1327 4431 ubique
1346 4346 1468 4414 loannis

273 4451 414 4528 hiantia,
434 4469 543 4514 revera
563 4446 645 4511 nihil
665 4467 856 4534 magnopere
867 4447 1064 4516 desideratur
1074 4459 1106 4516 at
1118 4449 1221 4518 facilis
1232 4461 1328 4538 atque
1338 4453 1467 4520 arideus
