3242 5140
803 335 870 406 406

378 527 453 592 αλλ’
477 525 703 602 ἐπικέλσαντας
729 537 835 607 μεῖναι
858 528 984 614 χρόνον,
1009 531 1052 604 εῖς
1078 525 1095 594 6
1116 553 1151 594 κε
1176 525 1309 594 ναυτέων

380 635 471 711 ύυμδς
496 634 640 720 ἐποτρύνη
663 637 716 700 καὶ
743 636 962 702 ἐπιπνεύσωσιν
986 639 1095 712 σέἦται.

241 741 448 826 Ρκσορίιτυεῖε
476 743 590 807 horum
622 747 656 808 in
686 744 731 825 Q:
764 741 841 809 ἀλλ’
876 743 1115 822 έπιψαύσαντας
1149 743 1178 808 ἐν
1206 749 1269 814 τοῖς
1294 739 1438 814 τοιούτοις

244 845 348 926 λιμέσι
372 848 412 911 τοὶ
439 857 533 913 πλοῖα
556 857 660 926 μεῖναι
682 849 788 930 χρόνον
813 850 968 928 οέβλαβη,
994 847 1048 923 ἕως
1072 845 1106 915 ού
1129 850 1142 914 ύ
1167 857 1226 914 τῶν
1250 851 1366 912 ναυτῶν
1390 849 1440 913 ύυ·

243 954 300 1030 μδς
324 955 471 1034 ἐποτρύνη
494 954 595 1027 αὐτοῖς
619 959 691 1035 πρὸς
714 957 765 1021 τδν
790 960 896 1020 πλοῦν.
921 955 1009 1022 Haec
1032 956 1122 1022 nullo
1146 958 1240 1022 modo
1264 957 1439 1046 intellego,

241 1061 304 1125 nisi
339 1061 555 1148 corrigantur.

242 1163 367 1252 (ύστε)
399 1171 441 1232 τὰ
474 1176 570 1232 πλοῖα
602 1177 706 1246 μεῖναι
736 1169 842 1248 χρόνον
873 1168 1030 1245 ἀβλαβῆ,
1064 1167 1117 1241 ἕως
1142 1165 1177 1233 ού
1201 1171 1215 1231 ὃ
1240 1175 1298 1232 τοῖν
1321 1176 1439 1234 ναυτῶν

243 1275 334 1353 ίυμδς
372 1275 517 1354 έποτρύνη
551 1275 683 1347 αὐτοὺς
719 1275 792 1355 πρὸς
828 1275 879 1339 τὸν
909 1279 1021 1351 πλοῦν,
1057 1297 1138 1361 quoe
1169 1297 1209 1340 ue
1239 1276 1439 1360 sicquidem

132 1379 136 1386 '
242 1381 488 1448 Homerieorum
518 1382 687 1460 verborum
713 1403 842 1448 sensum
865 1403 961 1467 quam
987 1379 1171 1448 fidelissime
1195 1381 1341 1447 reddunt.
1388 1381 1439 1448 Ne

241 1495 363 1556 caetera
385 1495 519 1576 tongum
543 1489 577 1552 iu
600 1489 734 1576 vulgata
758 1489 893 1554 lectione
921 1489 1185 1578 impeditissima,
1208 1490 1309 1552 risum
1330 1494 1442 1554 movet

241 1597 326 1680 quod
349 1597 363 1660 ύ
386 1602 445 1660 τῶν
467 1596 583 1660 ναυτῶν
606 1597 698 1670 ύυμδς
719 1596 837 1662 dicitur
860 1594 1030 1674 ἐποτρύνειν
1052 1595 1187 1668 αύτοὶς
1205 1631 1244 1644 -
1266 1594 1325 1667 τὰς
1347 1599 1442 1673 ναῦς,

242 1707 338 1787 puto,
364 1738 407 1751 -
431 1701 503 1781 πρὸς
527 1701 578 1766 τδν
601 1707 708 1766 πλοῦν.

291 1940 322 1992 ι,
349 1912 424 1982 166.

379 2022 554 2087 Κυκλύπιον
577 2019 605 2086 δ’
628 2020 658 2094 ἐς
684 2027 782 2098 γαῖαν
805 2018 993 2096 ἐλεύσσομεν
1017 2019 1118 2100 ἐγγὺς
1144 2019 1269 2099 έύντυν,

381 2128 496 2194 καπνύν
519 2127 550 2192 τ’
575 2125 675 2192 αὐτῶν
699 2152 733 2191 τε
757 2127 904 2209 olomeo
929 2127 996 2193 ύιίον
1020 2151 1055 2192 τε
1080 2127 1131 2192 καὶ
1157 2128 1267 2204 αἱρῶν.

244 2235 383 2302 Notatur
413 2255 564 2322 neugma:
588 2232 649 2298 ἄνα
674 2234 708 2298 τὸ
734 2233 920 2310 ἐλεύσσομεν
945 2233 995 2298 ἐπὶ
1019 2234 1077 2312 μὲν
1101 2243 1156 2307 τοῖς
1180 2233 1278 2310 γαίας
1303 2231 1355 2296 καί
1382 2237 1439 2297 τοῦ

246 2347 362 2408 καπνοῦ
392 2341 504 2407 κοινύν·
535 2339 583 2404 ἐπὶ
618 2340 647 2405 δὲ
673 2345 727 2405 τοῦ
751 2339 893 2422 φύίγγου
918 2339 1125 2406 ὑπακουστέον
1149 2336 1185 2403 ri
1211 2339 1376 2424 ἠκούομεν,
1399 2343 1442 2412 οῖς

245 2452 280 2516 τδ
310 2449 535 2529 ,καρπαλίμως
573 2443 646 2512 οίνον
678 2447 709 2510 δέ
738 2448 913 2528 μελίφρονα
937 2447 1095 2529 οῖνίζεσύε,
1120 2451 1204 2510 σῖτον
1228 2446 1254 2510 δ’
1278 2447 1312 2511 ἐκ
1336 2445 1443 2524 μεριού-

245 2559 328 2638 ρων.”
362 2559 402 2642 (Θ
429 2553 519 2640 506.)
553 2553 603 2617 ἐπὶ
636 2555 689 2617 τοῦ
714 2553 800 2620 σίτου
825 2554 873 2618 δεῖ
895 2554 1059 2618 ὑπακούειν
1083 2551 1118 2617 τὸ
1139 2549 1259 2634 φέρετε.
1286 2553 1341 2640 (Q)
1366 2553 1442 2618 Non

245 2673 294 2734 est
328 2663 439 2751 magni
469 2661 625 2726 momenti
654 2661 709 2725 sed
741 2659 1011 2726 animadversione
1043 2666 1151 2724 tomen
1183 2658 1336 2746 dignum,
1362 2660 1443 2724 haec

246 2771 350 2840 multo
381 2768 498 2836 melius
528 2767 692 2832 cohaerere
723 2770 768 2832 sie
800 2773 950 2834 correcto:
986 2767 1036 2831 ἐπὶ
1061 2766 1092 2832 δὲ
1114 2771 1167 2831 τοῦ
1191 2765 1334 2847 φύύργοο
1360 2765 1442 2830 ῦπα-

246 2878 386 2945 κουσσέον
414 2875 450 2940 τδ
479 2873 640 2952 ἠκούομεν,
672 2878 711 2946 ύς
744 2873 807 2960 (ἐν)
832 2877 882 2956 τῷ
907 2873 1134 2957 ,καρπαλίμως
1162 2911 1202 2922 -
1227 2873 1253 2937 δ’
1274 2873 1308 2937 ἐκ
1332 2871 1443 2950 μενοί-

246 2985 319 3066 ρονν”
341 2983 390 3047 ἐπὶ
415 2986 468 3047 τοῦ
493 2980 578 3045 σίτου
602 2979 649 3045 δεῖ
671 2980 834 3045 ὑπακούειν
857 2980 893 3045 τδ
914 2979 1039 3064 φέρετε.

295 3217 320 3272 ι,
349 3191 424 3260 173.
471 3190 604 3264 Εῖκύτοις
630 3193 757 3256 αύτοῦ
782 3189 980 3270 ἀπέρχεται
1006 3192 1061 3256 σὺν
1083 3199 1145 3264 τοῖς
1168 3191 1276 3256 ἑαυτοῦ
1298 3191 1443 3277 έταίροις,

248 3299 360 3380 μηκέτι
395 3296 545 3364 πιστεύων
581 3297 632 3362 διὰ
666 3297 701 3362 τδ
732 3297 804 3378 πρὸς
837 3297 907 3370 τοὺς
939 3297 1155 3379 Λωτοφάγους
1180 3297 1364 3376 σύμπτωμα
1387 3299 1444 3363 καῖ

249 3409 302 3482 την
339 3404 425 3485 παροδ
461 3406 581 3468 Κίκοσιν
617 3405 792 3482 ύπείύειαν,
825 3405 868 3482 μη
902 3428 966 3476 πως
999 3405 1097 3468 πύλιν
1132 3403 1350 3488 ύποφερύμενοι
1382 3405 1443 3470 τινῖ

249 3512 345 3594 κέρδει
375 3511 630 3577 κινδυνεύουσιν.
664 3509 721 3596 (Η)
754 3510 946 3576 Narravernt
976 3509 1105 3596 Ulixes,
1139 3533 1172 3576 se
1204 3511 1335 3577 comiter
1366 3531 1444 3578 suos

248 3624 295 3686 ita
317 3620 493 3686 allocutum
518 3637 601 3682 esse:

424 3724 538 3790 ’Ἄλλοι
561 3722 619 3801 μέν
640 3727 689 3786 νῦν
713 3720 853 3806 μίμνετ’,
880 3723 944 3799 ἐμοὶ
971 3721 1080 3802 ἐρίηρες
1107 3723 1236 3805 ἑταῖροι·

430 3831 530 3909 αὐτὰρ
555 3829 614 3906 ἐμοῦ
639 3828 693 3893 σὺν
717 3829 766 3902 νηῖ
786 3827 814 3892 τ’
840 3828 899 3910 ἐμῇ
925 3831 976 3894 καῖ
1001 3832 1085 3908 ἐμοῖς
1111 3831 1257 3909 ἑταίροισιν

430 3937 521 4002 έλύιδν
544 3933 630 4000 τῶνδ’
655 3935 764 4011 ἀνδρῶν
789 3939 970 4014 πειρήσομαι
996 3935 1124 4008 οἵτινές
1148 3937 1231 4000 εἰσιν.

246 4047 445 4116 Confidenter
471 4046 574 4130 igitur
598 4040 740 4106 scholion
765 4043 810 4105 sio
835 4041 1037 4108 emendatum
1063 4043 1300 4129 supplebimus:
1315 4043 1442 4119 είκύτως

247 4157 357 4226 αύτδς
388 4151 565 4231 ἐπέρχεται
601 4145 793 4232 (πρύερχ.ῖ)
829 4148 883 4212 σὺν
917 4157 978 4220 τοῖς
1016 4150 1124 4214 ἑαυτοῦ
1155 4149 1304 4242 Ιἑταίροις,
1337 4151 1442 4236 (τοῖς

246 4259 413 4344 ἑτέροιο)
440 4255 552 4334 μηκέτι
582 4251 735 4317 πιστεύων
768 4285 832 4337 --,
857 4255 902 4330 μη
926 4280 988 4328 πως
1014 4257 1110 4320 πάλιν
1136 4255 1357 4338 ύποφερύμενοί
1374 4283 1441 4341 ρινι

247 4367 341 4454 κέρδει
365 4363 604 4431 κινδυνεύουσιν.
