3232 5136
696 349 738 420 67

125 539 168 604 cis
190 539 325 606 Purisiui
348 541 505 626 seriptum
530 542 700 628 Porphyrii
721 561 852 608 monum
877 543 1104 625 repraesentari
1127 540 1308 615 existimet,

124 667 201 730 quse
231 646 458 714 abundantiore
487 651 517 712 in
550 647 721 715 Harleinuo
752 649 904 736 leguntur
936 649 975 714 ab
1004 647 1103 718 ultero
1127 649 1169 712 τοὶ
1192 648 1309 726 δάκρυα

125 751 162 816 nd
192 755 321 818 tertium
354 755 400 839 (p.
433 752 492 830 60,
520 752 542 819 l.
572 755 734 839 15-21),
759 774 796 820 ee
818 756 973 838 sequioris
995 755 1163 820 ouiusdem
1187 753 1309 820 addite·
1431 799 1435 816 .

124 867 267 926 mentum
301 861 405 928 hebet.
441 860 519 938 Sed,
553 897 595 910 -
628 861 732 928 diuum
757 860 1135 941 verbisHerodieuiiod
1159 859 1308 936 iliade,

125 963 177 1050 76)
209 966 293 1051 quod
323 987 398 1052 pnoe
433 969 554 1034 summi
589 969 652 1034 viri
687 967 810 1033 dictum
846 973 913 1033 esto
938 1004 998 1051 -,
1023 965 1087 1032 ἔστι
1120 968 1178 1045 μὲν
1211 962 1259 1032 ούν
1296 957 1310 1028 ὃ

124 1071 209 1150 λέγει
241 1072 382 1145 πούανύν,
408 1109 494 1122 ---
518 1072 552 1138 ού
575 1097 614 1151 γε
638 1074 699 1148 μην
721 1071 842 1148 eretis.
890 1072 975 1138 Num
998 1075 1140 1159 primum
1164 1077 1240 1140 notu
1261 1091 1311 1137 res

124 1185 168 1246 est
191 1179 311 1246 roribus
333 1186 460 1265 propter
481 1177 709 1253 ὁμονοπέλεοπον
733 1179 887 1265 quaedum
915 1181 1064 1246 omittere
1092 1177 1191 1245 solere
1211 1179 1310 1244 etiem

124 1307 195 1350 eum
237 1288 411 1352 sententiae
446 1286 652 1361 detrimeut0;
691 1285 817 1353 eosdem
854 1289 981 1371 propter
1016 1285 1146 1354 eundem
1183 1305 1311 1351 oausam

124 1394 265 1478 copiosas
304 1393 476 1458 sententies
511 1393 674 1476 inseruire,
706 1393 814 1458 minos
845 1393 955 1478 opinor
989 1389 1216 1478 pervulgatum
1253 1397 1310 1456 est.
1375 1408 1386 1425 ·

124 1497 245 1564 Deinde
267 1498 364 1564 verbu
386 1519 406 1565 e
428 1497 589 1565 Dindoriio
613 1500 791 1584 suspicione
814 1503 924 1564 notatu
947 1498 1054 1564 omnin
1077 1497 1145 1566 stili
1167 1497 1311 1584 Porphy-

124 1606 202 1670 riuui
235 1605 392 1690 impresse
422 1607 561 1692 vestigio
583 1605 717 1678 hubent.
741 1609 778 1669 ut
801 1609 1044 1692 aegrotantum
1067 1606 1109 1669 iis
1131 1624 1235 1670 oerore
1259 1625 1312 1670 oo·

123 1729 248 1797 gomor.
293 1709 354 1785 Et,
387 1711 470 1795 quod
499 1713 744 1798 gravissimum.
775 1731 815 1776 ue
838 1710 879 1775 iis
902 1711 1030 1794 quidem
1055 1713 1164 1777 eiectis
1188 1708 1314 1776 tollitur

123 1815 293 1882 difficultas
328 1837 422 1902 quum
455 1815 635 1886 Diodorfius
664 1816 704 1882 de
738 1815 852 1882 voenlu
880 1817 918 1888 ὡς
950 1817 1070 1902 movit,
1093 1836 1156 1882 non
1178 1816 1314 1884 habente

123 1923 229 2008 „quod
254 1925 283 1990 ei
307 1922 525 2008 respondeat.’'
571 1922 665 1999 Esto,
689 1920 817 2008 legetur
837 1929 963 1988 duotore
985 1920 1100 1990 Godioe
1124 1921 1169 1988 D:
1194 1926 1241 1993 ύς
1265 1917 1314 1987 ούν

122 2031 174 2104 τὴν
199 2028 266 2093 ἀπὸ
290 2036 346 2104 τῆς
371 2035 515 2108 κεφαλῆς
539 2028 722 2106 καλύπτραν
748 2064 767 2079 -
781 2065 800 2079 -
814 2065 834 2080 -
858 2038 929 2102 παῖς
948 2029 1054 2109 χερσὶν
1075 2013 1314 2104 ἐφελκυσαμένη
1420 2111 1423 2120 Ι

123 2138 163 2200 τὰ
204 2135 324 2216 δούκρνα
364 2136 599 2202 ἀποκαλύπτειν
640 2135 786 2212 ἐβούλετο
829 2134 881 2200 καὶ
922 2136 1052 2214 ύποψᾶν
1088 2136 1130 2216 τῷ
1162 2135 1313 2218 κρηδέμνῳ

122 2243 250 2327 αὐτὰ,
282 2239 412 2322 ύππερ
443 2244 495 2308 καὶ
525 2241 720 2323 Τηλέμαχος
753 2240 887 2321 δακρύων
916 2244 971 2314 τὴν
999 2247 1139 2321 χλαῖναν
1170 2241 1225 2322 πρὸ
1255 2249 1314 2306 τῶν

123 2350 292 2429 ὀφθαλμῶν
316 2349 449 2431 ἀνίσχει.
485 2349 572 2416 Num
597 2351 642 2414 sie
665 2351 702 2420 ὧν
727 2350 834 2414 miuus
857 2347 1030 2414 molestum
1050 2344 1131 2414 erit?
1162 2345 1315 2433 Sequenti

122 2453 219 2536 ύσπερ
255 2465 338 2522 uerte
365 2456 551 2541 respondere
574 2476 636 2520 non
660 2455 782 2538 potest,
805 2473 879 2518 nem
903 2451 1025 2523 ούπος
1049 2453 1214 2539 oportebat
1237 2474 1314 2521 esse.

123 2567 163 2628 At
188 2563 340 2648 equidem
364 2564 471 2628 omnin
494 2560 558 2628 elie
581 2561 619 2626 de
641 2559 701 2626 hou
725 2568 792 2626 toto
816 2559 884 2626 looo
908 2560 1076 2628 statuendo
1095 2561 1212 2644 opinor.
1246 2559 1315 2628 Pri·

124 2692 208 2736 mum
245 2673 283 2740 ύς
308 2669 390 2737 mihi
414 2667 496 2734 nihil
519 2668 696 2747 offensionis
719 2667 835 2734 hebere
857 2666 1003 2744 videtur,
1029 2687 1104 2732 oum
1127 2686 1166 2732 ex
1189 2666 1315 2751 pervul-

123 2783 197 2863 guto
227 2773 421 2844 Groneitatie
446 2795 530 2840 more
555 2775 733 2860 participiis
756 2776 904 2838 iuuotum
927 2772 966 2838 de
990 2779 1112 2838 ααοακο
1134 2777 1180 2836 να·
1200 2773 1311 2856 κρανία,

124 2881 160 2948 de
185 2882 327 2959 consilio,
359 2880 397 2947 de
424 2885 560 2964 opinione
582 2885 733 2964 ponetur,
758 2881 797 2950 cta
820 2875 868 2945 νύν
894 2879 949 2951 την
971 2879 1156 2958 καλύπτραν
1181 2879 1315 2960 ἐφελκυ-

123 2991 243 3065 σαμένη
261 2986 304 3052 τύ
324 2987 442 3064 δύκρυα
465 2985 699 3054 ἀποκαλύπτειν
724 2985 890 3063 ἐβούλετο,
917 2986 1009 3050 ouius
1032 3005 1108 3050 usus
1131 2987 1192 3052 etsi
1215 2985 1314 3054 ferme

124 3095 274 3180 putidum
294 3100 342 3160 est
365 3092 511 3178 exempla
535 3093 642 3160 efferre
667 3090 767 3164 velle.
793 3099 900 3160 tumen
916 3111 1016 3160 uuum
1037 3091 1203 3170 udiioism,
1224 3093 1316 3158 utsit

124 3203 223 3266 instnr
251 3199 408 3268 omnium.
455 3196 569 3266 Graeci
593 3199 676 3283 epud
700 3197 943 3284 Xenophontem
967 3205 1089 3283 septem
1112 3198 1179 3266 dies
1202 3197 1316 3267 acor·

125 3307 235 3376 duehis
270 3305 354 3374 mule
389 3307 488 3374 habiti
524 3306 652 3372 tandem
687 3308 721 3372 in
750 3303 918 3391 planitiem
952 3302 1146 3370 descendunt
1168 3312 1201 3372 et
1224 3307 1314 3372 suevi

125 3413 268 3480 laborum
310 3415 551 3497 praetoritorum
586 3413 742 3479 memorie
776 3431 809 3476 se
844 3411 1012 3478 oblectant.
1070 3409 1197 3476 Etenim
1233 3411 1317 3476 ἑπτὰ

126 3519 239 3600 ἡμέρας
265 3554 285 3568 -
300 3555 318 3568 -
334 3555 352 3568 -
377 3517 487 3586 ἔπαθον
518 3520 603 3584 κακὰ
636 3513 692 3582 ὅσα
724 3518 790 3582 οὐδὲ
814 3519 857 3582 πα
881 3517 1053 3594 σύμπαντα
1078 3515 1135 3582 ὑπὸ
1159 3515 1316 3593 βασιλέως

126 3627 175 3690 καὶ
206 3625 448 3706 Τισσαφέρνους.
487 3630 531 3698 ὡς
563 3621 626 3692 οὖν
656 3607 1164 3702 ύπηλλαριμύνοοπούπαν
1197 3622 1317 3700 ἡδύνας

126 3734 413 3810 ἐκοιμήθησαν.
451 3733 565 3816 (Auob.
603 3729 668 3808 IV,
703 3748 755 3807 111,
788 3730 833 3815 2.)
881 3728 942 3794 Sed
974 3729 1037 3795 elie
1065 3736 1318 3814 suntqueeme

125 3841 156 3904 iu
184 3841 244 3906 heo
274 3838 512 3926 Porphyriones
535 3838 760 3921 disputationis
785 3842 874 3919 purte
898 3834 1073 3902 advertent.
1120 3833 1245 3921 Nempe
1270 3841 1316 3901 to·

126 3953 193 4012 tum
223 3945 330 4014 losum
365 3951 510 4012 eooumte
545 3942 816 4012 ooneiderentibus
845 3961 972 4026 prorsus
995 3940 1080 4008 idem
1104 3942 1153 4006 bis
1177 3940 1240 4008 diei
1264 3962 1317 4028 sp·

126 4039 213 4136 peret
247 4053 353 4117 verbis
390 4071 452 4116 non
488 4048 661 4115 admodum
697 4048 848 4122 diversis,
884 4049 989 4130 primo
1024 4047 1168 4131 brevius,
1193 4031 1317 4116 'deinde

128 4158 271 4242 uberius,
310 4165 404 4242 utque
438 4159 486 4222 ite
519 4162 556 4220 ut
587 4156 712 4222 brevior
734 4153 922 4238 uberiorque
944 4155 1100 4220 sententis
1122 4151 1230 4220 eodem
1254 4154 1318 4220 lere

128 4263 219 4328 modo
251 4266 406 4349 incipiant
441 4264 491 4348 (ὡς
524 4255 574 4326 οὖν
609 4297 649 4310 -
684 4261 719 4328 νδ
749 4257 829 4343 οὖν),
858 4257 947 4324 nullo
971 4260 1167 4326 transitionis
1189 4260 1320 4330 vinoulo

128 4370 209 4434 inter
232 4391 265 4434 se
288 4389 454 4436 connexae.
479 4369 570 4450 Quod
594 4389 667 4434 oum
692 4369 791 4432 etium
815 4368 849 4430 iu
871 4364 1050 4453 Porphyrio
1069 4385 1132 4431 uon
1152 4366 1318 4442 ferendum

132 4493 195 4541 esse
224 4475 388 4560 videatur,
420 4478 561 4562 suspicor
591 4495 653 4540 non
684 4472 862 4560 longiorem
892 4474 1101 4550 sententium,
1128 4472 1212 4558 quod
1236 4472 1316 4540 Diu·
