3330 5144
728 287 793 357 207

153 479 343 574 huiusmpdi
367 480 514 556 admisit,
539 499 574 546 ac
598 484 704 566 potins
727 478 930 566 interpolatio
953 477 1006 542 hic
1030 479 1278 561 patefacturum
1298 473 1356 539 illa

153 587 344 655 conferenda
368 595 434 672 est,
459 609 554 672 qnam
578 590 612 652 in
637 589 734 654 hnins
756 586 902 674 opusculi
925 584 1020 649 initio
1044 586 1154 649 notavi
1177 585 1211 648 iu
1236 581 1356 648 scholio

154 696 273 760 itidem
309 681 541 781 Porphyriano'
565 693 604 759 ad
636 695 700 759 al
735 696 773 760 de
805 715 882 759 voce
911 693 1120 769 πολύτροπος,
1154 690 1210 755 ubi
1234 689 1357 754 mediae
1408 773 1410 780 Α

153 803 365 888 disputationi
389 803 585 886 interstrepit
608 800 708 867 illud:
734 802 883 882 κέχρηται
911 799 953 878 τῷ
977 798 1076 876 τρίτῳ
1100 796 1152 861 καί
1178 796 1227 861 ἐπί
1253 803 1356 891 Φωνῆο

154 924 232 974 κτλ.
256 908 326 992 (cir.
351 928 447 993 supra
468 928 501 992 p.
531 905 595 992 14).

206 1143 239 1197 ε,
264 1116 341 1184 299.
367 1118 518 1199 Queritur
540 1120 671 1188 Ulixes:
694 1120 715 1184 τί
739 1143 789 1196 μοι
814 1121 875 1198 ἐγὼ
899 1116 1014 1202 δειλία,
1039 1118 1071 1182 τί
1091 1115 1124 1181 νύ
1145 1139 1195 1194 μοι
1216 1118 1356 1192 μήκιστα

159 1227 311 1305 risurum
336 1228 456 1314 Agitur
480 1228 518 1293 de
541 1227 600 1294 hac
623 1227 783 1294 locutione
803 1227 837 1292 iu
861 1227 917 1306 Pu
940 1263 983 1276 —
1009 1232 1041 1291 ct
1064 1227 1180 1310 partim
1206 1226 1240 1289 in
1259 1222 1292 1287 H
1318 1261 1357 1271 -

159 1334 223 1398 hoc
257 1333 368 1399 modo:
405 1335 437 1397 τί
471 1333 574 1416 μεῖζον
606 1331 694 1416 ἔσται
725 1334 856 1411 τούτων,
889 1329 965 1417 οἷον,
997 1332 1047 1398 ε’πί
1080 1333 1112 1397 τί
1146 1330 1289 1412 ποικίψει
1315 1330 1358 1395 rut

163 1439 268 1516 κακοί;
300 1439 370 1504 τίνα
400 1464 451 1516 μοι
484 1443 597 1506 τούτων
625 1440 753 1507 δύναται
777 1441 919 1519 γενέσθαι
945 1438 1071 1520 μείζονα
1096 1439 1197 1514 κακοίς
1222 1438 1300 1510 τινὲς
1325 1437 1357 1501 δὲ

163 1547 217 1612 ere
241 1551 295 1610 τοῦ
319 1569 345 1625 χ
369 1548 533 1627 μίχιοτα,
557 1544 594 1612 ἵν’
619 1545 655 1631 ᾖ,
680 1549 728 1619 τίς
751 1571 802 1624 μοι
827 1547 955 1624 γίνηται
979 1549 1108 1628 μηχανή
1117 1567 1124 1622 ;
1150 1547 1176 1610 οί
1196 1545 1226 1610 δὲ
1249 1545 1284 1609 τί
1306 1543 1360 1621 ,,τί

164 1651 221 1715 νν”
255 1653 343 1738 [πῶς]
376 1654 445 1717 οίντί
476 1659 550 1730 τοῦ,
585 1660 662 1725 πῶς
695 1677 745 1732 μοι
778 1654 890 1719 τούτων
922 1653 1052 1723 δύναται
1084 1650 1178 1731 μείζω
1216 1653 1358 1729 γενέσθαι

166 1759 287 1844 (κακοί
321 1757 447 1844 add.?);
480 1764 635 1832 descisci
658 1762 710 1838 „ri
733 1785 766 1824 νν
791 1760 903 1838 βίομαι
929 1761 1002 1844 (ie.
1029 1759 1169 1836 βείομαι.
1193 1769 1219 1824 Χ
1244 1755 1359 1844 431).”

163 1867 380 1932 Buttmuuuus
410 1867 448 1932 de
471 1867 531 1932 hoc
554 1867 623 1933 loco
646 1870 692 1932 ita
716 1868 873 1952 disputet:
900 1888 959 1950 ,ex
982 1866 1074 1933 Harl.
1100 1865 1257 1930 Pcrsonus
1283 1865 1361 1929 haec

163 1980 290 2038 tantum
324 1977 479 2058 excerpsit
508 1975 587 2044 τινὲς
621 2011 677 2023 --
705 1975 855 2053 αοχανίο
889 1975 915 2038 cl
948 1973 998 2050 δέ,
1023 1973 1056 2037 τί
1080 1998 1112 2035 νο
1137 1979 1218 2054 πῶς,
1243 1973 1360 2036 omisso

164 2081 216 2157 τί,
250 2081 468 2156 festinantius,
505 2081 615 2156 oredo,
652 2087 709 2145 aut
740 2101 796 2165 per
827 2083 1062 2147 correctionem.
1110 2078 1173 2145 Sed
1204 2080 1359 2143 veriorem

168 2188 419 2253 emendationem
458 2190 526 2273 ipss
563 2189 730 2254 verborum
763 2194 928 2254 contextus
955 2189 1118 2251 ministrat
1147 2186 1247 2250 hanc:
1279 2186 1303 2249 οί
1329 2185 1360 2250 δὲ

168 2295 222 2370 τὸ,
254 2294 304 2376 τί,
337 2299 387 2358 νῦν
419 2301 496 2364 πῶτε
531 2294 604 2360 h.e.
629 2295 663 2359 τί
685 2293 866 2360 hic'valere
891 2293 983 2364 πῶς.”
1007 2293 1105 2358 Recte
1129 2291 1361 2364 Buttmannns,

169 2408 206 2467 nt
236 2403 438 2486 saepissime,
471 2403 661 2467 sententiam
683 2401 851 2487 indagavit
874 2407 906 2466 et
930 2399 1101 2486 explicuit,
1127 2401 1157 2462 io
1184 2399 1290 2463 verbis
1314 2419 1360 2463 sa-

171 2509 282 2588 nandis
322 2528 375 2573 me
413 2508 518 2574 indice
549 2529 632 2573 nuno
664 2509 771 2573 minus
802 2506 939 2573 feliciter
968 2515 1122 2572 versatus.
1168 2513 1219 2569 Nu
1255 2505 1360 2580 enim,

171 2615 254 2700 quod
286 2617 319 2678 in
352 2619 402 2678 νῦν
430 2618 549 2679 mutari
574 2617 682 2690 iussit,
709 2617 778 2680 sius
801 2613 899 2679 dnbio
922 2613 1167 2679 Homericorum
1191 2613 1361 2677 verborum

171 2742 243 2807 pars
266 2725 325 2794 est.
349 2741 410 2786 nou
435 2719 647 2805 scholiastae,
673 2720 756 2806 quod
780 2723 809 2785 si
831 2722 1019 2796 statuimus,
1044 2723 1080 2783 τό
1107 2719 1160 2796 „rt
1188 2718 1240 2785 νν”
1264 2727 1363 2794 πῶς.

171 2827 240 2892 ἄντί
265 2829 338 2902 τοῦ,
364 2833 441 2898 πῶς
466 2851 517 2905 μοι
542 2843 612 2892 κτλ.
638 2833 670 2893 et
694 2828 825 2894 obscure
849 2834 881 2892 et
905 2848 980 2892 sono
999 2829 1218 2914 ingratissimo
1242 2827 1364 2892 dictum

170 2937 241 3002 erit.
267 2932 464 3018 Quapropter
486 2939 625 3020 praestat
648 2955 830 3028 expungere
855 2941 917 3006 πῶς
942 2933 1076 3000 moleste
1100 2933 1199 2998 simul
1219 2940 1251 3000 et
1268 2933 1366 3000 otiose

170 3041 361 3123 adhaerens,
388 3043 505 3126 quippe
529 3061 568 3106 ex
592 3041 809 3129 dittographia
832 3047 950 3108 ortum.

988 3135 1003 3166 0

217 3250 289 3315 Non
313 3250 469 3316 dissimile
493 3257 541 3317 est
566 3252 681 3317 vitium
705 3277 719 3316 ε
745 3251 822 3318 357.
854 3233 903 3318 Ad
927 3252 1155 3319 Homericum:
1179 3256 1223 3330 psl
1247 3253 1293 3325 τίς
1316 3277 1366 3330 μοι

174 3357 337 3438 ὑφαίνῃσιν
373 3356 457 3423 δίλον
492 3355 567 3423 αὖτε
600 3355 616 3435 ΙΙ
649 3357 828 3434 ιίίοινοίτιον,
867 3353 933 3423 ὅτε
968 3383 1009 3434 με
1045 3359 1172 3440 σχεδίης
1208 3360 1367 3437 ἀποβῆναι

174 3463 306 3546 adorirer,
330 3463 392 3528 ΗΡ
415 3464 551 3530 habent:
576 3488 627 3541 yn.
651 3461 669 3528 ί
689 3488 724 3529 τε
747 3490 799 3542 με.
823 3464 946 3546 χωρίζει
968 3465 1194 3547 Ἀριστοφάνης
1213 3466 1279 3532 διὰ
1294 3467 1366 3552 [τὸ]

175 3567 193 3635 ί
199 3595 253 3636 τε.
303 3570 459 3636 Observat
482 3571 657 3638 Porsonus:
685 3593 819 3658 „nempe
843 3572 1069 3658 Aristophanes
1093 3576 1177 3658 cepit
1202 3594 1258 3658 pro
1277 3569 1365 3648 ίτπε,

174 3697 236 3744 non
255 3697 311 3763 pro
334 3676 455 3741 ὀπόπο.”
478 3675 595 3743 Contra
615 3698 709 3762 quem
727 3678 960 3744 Buttmeunus:
983 3681 1122 3755 „immo,
1145 3686 1181 3745 ut
1203 3699 1243 3744 ex
1262 3679 1369 3746 allatis
1470 3697 1475 3710 ·

174 3789 322 3870 apparet,
346 3805 403 3868 pru
426 3789 538 3849 neutro
560 3780 579 3849 ί
599 3809 633 3848 τε
658 3786 741 3870 quod
765 3787 807 3850 sit
829 3804 886 3870 pro
910 3783 955 3850 at
977 3810 1011 3848 τε
1036 3787 1067 3849 h.
1082 3807 1108 3850 e.
1130 3787 1167 3851 δι’
1187 3783 1270 3861 irc,
1293 3787 1365 3853 hee.

174 3889 246 3956 tuf
270 3889 393 3955 Iterum
417 3895 501 3955 recte
522 3890 750 3968 Buttmanuus,
776 3891 858 3976 quod
884 3891 923 3956 sd
947 3894 1137 3957 seutentiam
1162 3900 1367 3979 mentemque

174 4000 312 4064 auctoris
343 3999 477 4068 attinet,
507 3997 719 4083 probaturque
743 3999 775 4062 id
801 3999 884 4082 quod
909 3999 1009 4083 dixit,
1035 4037 1075 4048 —-
1101 4000 1159 4064 etsi
1183 3999 1273 4065 nulla
1296 4021 1368 4086 pro-

174 4106 301 4171 batione
326 4125 433 4188 opns,
448 4141 488 4152 -
515 4124 569 4186 eo,
595 4103 678 4188 qnod
697 4107 730 4168 iu
753 4103 898 4170 Palatino
922 4105 1036 4172 vocula
1058 4101 1077 4170 ί
1097 4109 1129 4170 in
1154 4131 1203 4186 γρ.
1229 4103 1246 4170 ί
1268 4133 1302 4172 τε
1327 4132 1368 4184 με

175 4213 424 4297 superscriptum
460 4211 557 4276 habet
591 4210 644 4275 tu.
691 4209 752 4275 Sed
783 4211 880 4276 rerba
911 4219 1059 4297 corrupta
1090 4213 1180 4279 nullo
1212 4220 1303 4298 pacto
1336 4215 1369 4280 id

175 4319 302 4392 dicunt,
327 4318 409 4401 qnod
434 4317 650 4382 Buttmannus
673 4317 826 4382 indicavit
850 4324 882 4383 et
910 4321 990 4384 ratio
1014 4340 1126 4385 verum
1149 4341 1215 4385 esse
1239 4324 1368 4386 evincit.

177 4423 334 4510 liquidem
368 4423 403 4489 τί
439 4427 616 4490 insiticium
651 4423 768 4500 habeo,
806 4431 876 4490 tum
912 4434 1043 4503 natum,
1075 4447 1149 4492 cnm
1182 4448 1220 4492 ex
1253 4430 1369 4496 scriba-
