3318 5138
814 328 857 400 78

247 523 298 592 κοῶ
331 523 383 590 τὸν
408 523 505 604 κύριον
528 529 581 590 τοῦ
605 521 851 600 ὦποτελουμὲνου
873 519 949 588 slvere
974 505 1177 600 Rodienses?
1204 521 1261 598 μὶν
1283 520 1347 600 γὰρ
1371 519 1436 592 θεὸς

247 632 468 713 κροκόπεπλος,
504 633 541 704 ῶς
573 632 611 696 ῶν
635 627 710 698 οὗτοι
736 631 831 702 ἔννους
856 655 891 696 τε
916 630 967 696 κοῶ
994 629 1137 710 ἔμψυχος
1163 629 1214 694 κοῶ
1239 631 1271 694 ἐν
1293 628 1436 705 repere.

247 741 282 804 τὸ
306 739 338 804 δὲ
361 740 417 804 ἀπ’
444 738 540 810 αὐτῆς
567 745 633 818 Φῶς
658 737 910 802 σκεδῶννυτο
934 737 1023 817 περὶ
1048 739 1117 810 τήν
1140 742 1224 813 γῆν.
1246 735 1260 799 ὁ
1279 735 1310 800 δὲ
1329 733 1437 812 λοβῶν

248 845 302 917 τήν
334 845 525 922 σωματοειδῆ
556 846 619 909 θεὸν
652 845 681 907 ἐν
705 847 747 924 τῷ
772 844 977 922 κροκόπεπλος
1003 843 1250 916 συνήντησεν
1275 841 1370 914 οοῶτήν
1394 845 1437 917 τῷ

248 951 474 1034 σκεδαννυμένῳ
507 941 564 1016 ὥστ’
595 953 691 1023 οιῶτής
723 953 821 1035 Φωτί,
854 952 944 1016 εἰπὼν
977 949 1091 1026 ονύτήν,
1125 950 1200 1012 ἀλλ’
1224 947 1294 1028 οὐχὶ
1317 949 1352 1012 τὸ
1377 943 1437 1010 ἀπ’

249 1061 346 1131 αὐτῆς
375 1065 441 1137 Φῶς
474 1056 701 1123 σκεδῶννυσθοον.
728 1057 819 1121 ἔνθου
842 1059 937 1131 δήπου
962 1059 978 1131 ή
1004 1054 1211 1131 σομοοτοενδης
1237 1053 1438 1132 ἐπεπόρευτο,

248 1167 361 1230 οὶλλῶ
393 1166 428 1228 τὸ
459 1167 516 1228 ἀπ’
549 1167 646 1239 αὐτῆς
679 1170 745 1245 Φῶς
776 1164 921 1244 ήμερννόν.
945 1160 1023 1227 ἀλλ’
1049 1158 1143 1246 οἶδεν,
1168 1156 1241 1226 ὅπου
1264 1160 1299 1224 τὸ
1323 1158 1439 1224 sicori-

249 1287 374 1349 λεσμον,
413 1274 479 1338 ἐκεῖ
512 1271 563 1336 κοῶ
597 1275 631 1338 τὸ
662 1273 844 1336 ἀποτελοῦν.
879 1269 989 1356 (EQD)
1021 1267 1184 1335 Nonnulla
1207 1289 1246 1332 ex
1269 1267 1337 1343 his,
1361 1267 1441 1331 Diu·

249 1378 346 1445 dorlio
381 1381 415 1444 in
449 1379 648 1446 Praefatione
682 1381 726 1464 (p.
750 1377 867 1464 xxxrn)
903 1383 1068 1461 monente,
1104 1397 1143 1441 ex
1171 1375 1316 1440 Parisino
1345 1373 1374 1438 D
1405 1373 1440 1438 in

248 1484 366 1551 melius
396 1487 517 1564 mutari
551 1491 694 1570 possunt.
741 1484 828 1549 Hinc
859 1486 1011 1549 vitiosum
1044 1483 1233 1548 recidererc
1265 1479 1352 1559 περὶ
1382 1467 1441 1552 Ιτήν

250 1599 310 1670 yria
349 1590 457 1656 locum
492 1591 583 1656 cedat
619 1598 721 1656 reolo:
758 1589 980 1655 σκεδάννυται
1017 1590 1126 1666 ποορῶ
1161 1589 1216 1660 τήν
1250 1595 1329 1665 γῆν,
1366 1585 1441 1650 hino

250 1696 449 1763 malesanum
481 1700 664 1770 συνήντησεν
687 1695 861 1786 refingatur
883 1699 917 1761 in
948 1699 1215 1774 συνήρτησεν,
1241 1693 1324 1779 quod
1347 1693 1442 1756 unice

250 1805 424 1889 requiritur
447 1811 479 1868 et
501 1802 554 1868 vel
576 1805 643 1869 siue
666 1804 811 1869 codicum
837 1823 894 1888 ope
910 1808 985 1870 ,erat
1002 1801 1227 1888 reponendum.
1255 1799 1293 1864 In
1311 1820 1443 1886 sequen·

251 1911 337 1976 tibus
370 1908 603 1993 Buttmanuus,
632 1930 695 1995 qua
726 1915 793 1974 erat
817 1911 1005 1996 sagacitate,
1031 1929 1087 1994 pro
1110 1909 1221 1972 ἀλλὰ
1245 1906 1280 1971 τὸ
1305 1907 1361 1969 ἀπ’
1387 1905 1443 1968 οὐ·

251 2024 306 2090 τῆς
331 2020 397 2095 Φῶς
423 2017 557 2094 russeo
583 2053 623 2064 -
648 2036 829 2100 perversum
856 2015 965 2078 ἀλλὰ
991 2015 1030 2080 de
1054 2035 1141 2080 more
1164 2015 1320 2078 omissum
1340 2017 1389 2076 est
1408 2013 1443 2074 in

250 2122 282 2186 D
308 2159 349 2170 —
374 2141 502 2206 prorsus
538 2123 731 2186 contrarium
767 2121 886 2206 requiri
919 2123 1094 2206 perspexit:
1129 2121 1217 2183 cisa*
1249 2121 1288 2183 οὐ
1321 2118 1355 2181 τὸ
1385 2118 1443 2181 ἀπ’

254 2229 351 2301 αὐτῆς
378 2233 463 2311 Φῶς,
496 2229 579 2313 quod
611 2229 681 2293 iure
705 2229 883 2314 meritoque
904 2227 938 2292 in
961 2233 1086 2292 textum
1109 2227 1226 2311 recepit
1249 2223 1442 2292 Dindortins.

251 2335 313 2402 Sed
342 2335 393 2399 his
425 2335 700 2401 emendationibus
731 2335 859 2400 edsoitie
886 2355 935 2400 ree
965 2354 1027 2400 non
1058 2331 1094 2398 fit
1133 2332 1265 2412 clarior,
1302 2355 1444 2420 quaeque

251 2441 451 2529 Porphyrius
483 2442 601 2508 dixisse
634 2441 807 2507 censendus
839 2446 885 2506 est
915 2441 1040 2505 obscuri
1072 2438 1192 2506 oraculi
1222 2439 1323 2506 effatis
1346 2461 1443 2525 quam

253 2550 471 2618 ratiocinantis
495 2546 674 2634 philosophi
695 2546 902 2633 disputationi
921 2543 1026 2612 multo
1043 2554 1118 2611 eunt
1136 2545 1300 2612 similiora.
1325 2545 1445 2626 Quodsi

252 2662 362 2722 autem
393 2676 432 2720 ex
464 2655 577 2731 editis,
610 2653 840 2740 qualiacunque
870 2657 950 2728 sint,
979 2658 1064 2718 recte
1096 2652 1191 2718 elicui
1215 2652 1352 2718 auctoris
1375 2673 1443 2718 een·

250 2919 331 2954 esmm
354 2895 407 2964 ἷξον
431 2903 546 2952 aeristum
568 2903 694 2952 νοονννσυκν
716 2919 765 2954 esse
787 2907 912 2967 negantem
934 2920 961 2953 eo
984 2907 1137 2970 argumento,
1156 2905 1219 2969 quod
1237 2904 1393 2970 imperativus
1409 2909 1446 2955 est

253 2986 304 3054 (ξι,
319 2993 372 3058 qui,
391 2993 411 3041 ai
428 2992 511 3042 soristi
529 2992 597 3051 toret,
614 2983 667 3051 ἷξον
683 2996 795 3042 moeret?
813 2994 968 3058 Ignorantes
984 2993 1060 3058 igitur
1077 2995 1135 3044 tiss
1151 2999 1176 3044 et
1193 2993 1258 3055 λαβέ
1272 2999 1297 3044 et
1313 3010 1373 3060 quse
1389 2998 1446 3046 sunt

251 3078 359 3126 sexcenta
376 3075 529 3125 huiusmodi?
544 3075 589 3124 Sed
603 3075 661 3124 haec
677 3075 726 3124 sine
744 3073 815 3124 dubio
832 3076 975 3140 excerptoris
992 3076 1041 3126 sire
1058 3077 1192 3126 collectoris
1208 3077 1268 3126 ritis
1283 3077 1392 3128 existimo
1409 3076 1446 3144 ip-

128 3145 131 3152 *
174 3201 177 3210 r
252 3173 351 3223 sumque
376 3147 542 3208 Herodianum
564 3157 707 3208 sententiam
729 3173 797 3206 susm
819 3158 941 3223 aliquante
964 3158 1110 3208 firmioribus
1129 3161 1274 3224 argumentis
1291 3159 1446 3222 stabilivisse,

252 3264 354 3314 quorum
377 3262 465 3314 paucae
485 3261 548 3295 nuuc
566 3247 679 3311 reliquiae
696 3245 817 3311 pellucent
835 3247 860 3296 in
878 3246 908 3296 iis
925 3263 985 3312 quse
1002 3247 1030 3297 ds
1049 3243 1098 3297 οἶσε
1116 3249 1380 3315 imperiorumque,
1398 3250 1446 3300 ccl·

251 3331 307 3380 lctis
320 3347 374 3381 eum
389 3331 418 3380 iis
432 3345 492 3394 quae
507 3329 533 3377 iu
548 3329 624 3392 lipim.
643 3327 673 3396 (t
693 3329 737 3394 lp.
750 3329 806 3388 sal,
824 3329 855 3378 80
868 3334 943 3394 seqq.)
956 3329 1075 3394 leguntur.
1094 3332 1184 3382 Verum
1193 3333 1270 3382 missis
1280 3333 1447 3384 dissideamus

252 3429 328 3472 nnnc,
344 3413 402 3478 qnid
411 3428 438 3461 cr
447 3415 498 3460 tam
507 3412 586 3476 ample
596 3411 756 3476 disputatione
766 3427 807 3460 nec
816 3414 897 3460 tameo
906 3411 1000 3477 integre
1008 3413 1033 3462 in
1043 3415 1145 3463 Scholiis
1156 3415 1241 3463 uostris
1249 3415 1358 3482 supersit.
1378 3414 1446 3464 Nihil

255 3506 363 3570 superest
380 3501 425 3550 nisi
442 3501 487 3549 hoe
505 3499 544 3560 (ed
563 3500 590 3558 δ,
612 3501 648 3559 ]):
669 3501 689 3548 si
708 3497 729 3548 δ’
753 3493 817 3560 (ξονι
842 3495 919 3559 lifes
939 3497 1036 3560 seiam
1055 3501 1088 3552 sir
1107 3504 1232 3553 ὀνεσπῶπκ
1251 3503 1363 3566 μεταβὰς
1389 3499 1457 3553 πονεῖ

252 3590 421 3654 supersessis
445 3587 502 3637 dari
527 3591 573 3636 τοῦ
598 3585 709 3651 δευτέρον
728 3587 858 3652 ἀορίστου,
878 3589 915 3638 πὸ
941 3583 1005 3650 ἷξον
1023 3591 1054 3640 ’σν
1073 3597 1230 3657 συστολῇ.
1249 3595 1321 3662 (MQ)
1340 3593 1449 3645 Primum

252 3677 336 3734 homo,
361 3675 504 3739 quicumque
526 3671 583 3719 haec
608 3672 793 3730 consarcinavit,
812 3672 935 3740 Apollonii
953 3681 976 3720 et
996 3675 1127 3724 Herodieni
1144 3676 1302 3742 discrepantes
1321 3677 1449 3727 renuntias

252 3759 355 3808 fideliter
378 3757 404 3806 in
428 3754 576 3805 concordiam
601 3755 704 3819 redegit,
729 3755 792 3818 quod
815 3769 870 3803 cum
892 3771 934 3803 suo
952 3755 1004 3803 iure
1021 3757 1102 3806 iecisse
1119 3759 1285 3810 existimemus.
1321 3761 1366 3810 Sed
1383 3760 1449 3825 peius

252 3852 300 3908 est,
323 3847 387 3912 quod
409 3845 434 3894 in
457 3846 503 3893 line
526 3846 561 3892 est
580 3844 699 3893 additum:
719 3843 750 3890 πὸ
776 3837 828 3902 ἷξον
848 3839 872 3891 is
891 3848 1018 3909 συστολῇ,
1035 3846 1099 3910 qnod
1115 3845 1184 3912 plane
1200 3862 1247 3896 nou
1264 3847 1385 3912 intelligo,
1403 3847 1449 3897 nisi

252 3949 373 3988 sumamus
398 3928 520 3985 hominem
544 3927 597 3992 ἵξον
615 3932 644 3982 ab
661 3931 709 3990 ήκειν
734 3935 871 3984 densatum
896 3934 990 3984 habere.
1025 3937 1070 3986 Sed
1096 3937 1137 4002 qui
1162 3939 1255 4002 potest,
1279 3953 1333 3987 rum
1356 3953 1449 4002 praece-

253 4028 295 4077 dat
311 4025 324 4074 δ
342 4021 396 4086 ἴξιν
415 4021 530 4085 Mauri
553 4023 590 4070 Ne
616 4022 692 4071 dicem
709 4039 815 4088 pugnare
834 4023 878 4072 hoc
897 4028 980 4073 contre
997 4027 1134 4091 opinionem
1151 4029 1176 4074 et
1192 4025 1314 4092 Apollonii
1330 4030 1354 4076 et
1372 4025 1451 4076 Hero-

254 4116 332 4174 diani,
350 4116 392 4181 qui
409 4113 477 4164 ambo
495 4113 525 4162 ab
541 4113 584 4161 tus
603 4109 723 4168 derivant,
745 4113 771 4160 ut
786 4114 810 4159 et
825 4127 852 4158 er
869 4111 946 4160 totius
955 4111 1122 4178 disputationis
1130 4117 1213 4164 tenore
1221 4117 1321 4180 apparet
1329 4117 1353 4163 st
1361 4112 1451 4164 diserto

254 4203 389 4268 Etymologi
415 4201 565 4252 testimonio:
594 4197 644 4248 cirri
670 4201 715 4246 τοῦ
739 4199 782 4248 lass
807 4193 866 4246 τοῦ
892 4196 948 4247 διὸ
973 4197 1031 4250 ποῦ
1056 4200 1298 4266 νγρκφσμίνου.
1334 4203 1453 4253 Videntur

254 4291 336 4352 itaque
362 4290 421 4340 mihi
448 4291 551 4340 editores
577 4289 638 4338 dass
664 4287 759 4336 notulas
783 4287 845 4336 mslc
871 4288 1030 4349 coniunxisse,
1052 4309 1106 4342 cum
1124 4293 1185 4342 alter
1201 4292 1354 4359 epitomator:
1374 4291 1387 4339 d
1405 4287 1452 4352 ibes

256 4377 352 4439 μέλλον
382 4405 415 4413 -
429 4403 461 4414 -
476 4405 509 4414 -
539 4376 597 4428 ἀντὶ
626 4377 673 4426 ποῦ
702 4373 815 4440 δευτέρον
843 4375 957 4442 ἀορίστου
984 4379 1087 4442 dederit,
1111 4380 1173 4430 alter
1193 4382 1285 4450 inepte:
1309 4381 1340 4431 sd
1360 4375 1412 4444 ἷξον
1429 4383 1454 4432 'ss

258 4473 380 4540 συστολῇ.
