3232 5136
853 307 874 372 2

314 494 377 561 Sed
408 495 484 580 qnid
516 503 571 580 tu,
596 496 713 562 dixerit
735 499 909 583 quispiam,
934 499 1131 567 coniecturas
1154 501 1263 580 affers,
1287 501 1459 568 (lodicibus

268 623 352 668 nunc
387 604 522 688 peritius
557 605 708 689 inspectis
742 609 774 669 et
801 603 930 670 tandem
961 604 1131 692 aliquando
1161 609 1282 675 sincera
1311 609 1460 695 praebere

268 705 385 774 iussis?
409 706 539 778 Codices
559 715 668 776 autem
692 712 870 776 accuratius
894 711 1004 778 collati
1027 719 1104 799 quot
1126 717 1321 781 coniectores
1350 717 1460 782 inanes

266 815 364 882 fuisse
387 815 561 901 declarent,
586 823 663 903 quot
687 819 817 884 vitiosas
837 825 990 907 arguant,
1010 827 1087 905 quot
1108 842 1197 888 veras
1215 823 1366 908 probent,
1381 831 1459 908 quot

266 924 365 988 etiem
396 921 543 1007 vulnera,
573 923 714 1010 alioquin
743 923 948 1001 insanabilia,
981 924 1069 991 facili
1097 929 1226 1014 negotio
1251 933 1378 1007 curent,
1401 949 1460 994 nec

267 1030 416 1116 ignotum
448 1030 531 1094 mihi
561 1035 609 1096 est
638 1035 669 1096 et
699 1051 773 1096 cnm
804 1051 933 1103 summa
956 1033 1182 1117 approbatione
1208 1033 1275 1098 vidi
1298 1055 1337 1100 ex
1360 1037 1460 1120 speci·

266 1138 354 1202 mine
378 1157 431 1213 ec,
457 1137 541 1222 qued
563 1136 769 1203 Luduiebius
788 1137 990 1224 praecedenti
1008 1159 1090 1204 enno
1110 1139 1227 1225 edidit,
1242 1161 1304 1226 quc
1316 1141 1459 1208 melioris

265 1245 455 1312 recensionis
479 1241 606 1311 Codicis
625 1245 882 1332 Hamburgensis
901 1243 955 1330 (Τ)
974 1248 1112 1331 pessime
1130 1249 1241 1332 scripti
1260 1247 1459 1334 pessimeque

266 1351 345 1418 editi
376 1351 522 1437 exempla
550 1353 751 1417 continentur
775 1347 811 1438 ¹).
837 1350 941 1430 Sicut,
968 1373 1102 1418 -rem
1133 1355 1268 1419 minime
1291 1355 1458 1420 obscuram

265 1463 303 1522 ut
334 1461 367 1523 in
398 1457 529 1524 clariore
551 1457 623 1524 luce
645 1457 816 1537 collocem,
841 1495 883 1506 —
908 1457 947 1524 ad
971 1481 998 1538 ι,
1024 1457 1066 1524 35
1090 1459 1191 1526 edidit
1213 1459 1394 1527 Dindcrfius
1418 1482 1457 1526 ex

267 1564 334 1631 solo
358 1564 402 1630 l':
427 1566 481 1630 οὐκ
505 1563 543 1629 eir
567 1565 691 1642 ἑλοίμην
714 1566 1053 1642 narrentanorum
1076 1566 1216 1649 ἀνέχειν
1238 1567 1341 1634 ἐνθάδε
1358 1567 1455 1652 (apud

268 1669 440 1756 Phaeaces)
474 1672 581 1736 neeric
612 1670 801 1751 στέρησιν
832 1678 886 1744 τῆς
919 1672 1076 1754 πατρῶις.
1122 1671 1190 1740 Iam
1213 1675 1246 1738 in
1271 1673 1453 1742 Observatt.

268 1781 351 1845 meis
374 1777 399 1862 ²)
429 1779 645 1844 indicaveram
677 1778 879 1844 scribendum
912 1801 995 1846 esser
1027 1780 1230 1855 adinspector
1261 1778 1396 1863 ἔχειν,
1426 1787 1459 1846 at

267 1884 418 1952 inutilem
438 1889 701 1971 praepositionem
719 1906 757 1951 ex
775 1885 893 1953 ultima
912 1886 1058 1974 syllbabe
1077 1887 1291 1973 praecedentia
1311 1886 1460 1954 vocabuli

267 2012 433 2079 perperam
456 1991 645 2058 adhaesisse.
669 1991 837 2077 idipsum
860 1992 944 2078 quod
969 1993 1133 2060 volueram
1158 1996 1191 2058 in
1215 1993 1331 2060 Codice
1352 1997 1459 2059 extare

268 2099 377 2165 docuit
408 2119 461 2164 me
490 2097 670 2164 Ludwicbii
698 2103 941 2175 commentatio,
966 2101 1021 2166 sed
1044 2111 1077 2166 et
1100 2099 1189 2166 aliud
1212 2099 1296 2185 quod
1320 2119 1383 2166 non
1405 2121 1459 2165 ex·

269 2210 470 2292 pectaveram
499 2203 640 2270 indidem
672 2204 780 2270 didici.
828 2205 911 2271 Nam
942 2206 1027 2270 κατα
1058 2207 1215 2290 στέρησιν,
1241 2245 1281 2254 -
1308 2206 1392 2292 qued
1423 2211 1461 2271 ut

267 2332 327 2378 non
362 2315 483 2398 optime
516 2311 637 2378 dictum
667 2314 727 2394 sit,
759 2315 868 2377 temen
897 2314 975 2378 satis
1002 2311 1153 2379 idoneum
1177 2332 1306 2378 sensum
1330 2312 1461 2397 praebet

268 2420 517 2504 necquicquam
542 2418 611 2483 sine
634 2415 761 2484 Codicis
784 2437 842 2503 ope
865 2423 990 2485 mutare
1014 2439 1111 2484 ausus
1136 2425 1234 2496 esset,
1259 2455 1303 2466 —
1327 2417 1373 2484 nil
1397 2419 1461 2484 nisi

266 2524 402 2592 Prelleri
424 2527 574 2610 imperite
593 2524 731 2612 legentis
751 2531 969 2591 commentum
990 2547 1057 2592 esse
1073 2532 1220 2612 apparet,
1241 2523 1462 2610 imprudenter

266 2629 469 2698 aDindorfio
492 2633 675 2715 repetitum.
702 2630 827 2711 Quanto
852 2630 967 2697 melina
990 2629 1114 2698 Oodex:
1140 2631 1458 2712 καταφρονήσας

266 2745 320 2810 τῆς
343 2737 511 2816 πατρίδος.
546 2773 586 2784 -
619 2735 669 2800 lte
700 2761 729 2813 ι,
763 2735 828 2801 326
860 2737 995 2816 Homeri
1025 2737 1140 2804 verba:
1162 2737 1316 2816 ἀποξῦναι
1343 2735 1369 2802 δ’
1394 2736 1459 2801 ἐκέ-

265 2843 414 2927 λευσα·Ιί
446 2843 470 2908 ei
502 2842 528 2907 δ’
561 2841 677 2919 ὁμαλὸν
708 2841 839 2916 ποίησαν
870 2843 928 2909 tali
951 2843 1047 2910 modo
1071 2846 1104 2909 in
1128 2843 1154 2909 'l'
1179 2843 1332 2932 explicari
1354 2843 1459 2929 perhi-

266 2951 398 3014 bentur:
421 2949 462 3012 τὰ
487 2946 568 3027 ἄκρα
594 2950 644 3012 καὶ
667 2946 739 3023 ὀξέα
760 2950 892 3030 ridearis
914 2949 965 3014 aeri
988 2941 1002 3013 ὃ
1026 2952 1217 3026 μάλιστα
1248 2951 1456 3016 adraniae.

265 3056 391 3124 Ultima
420 3075 513 3122 aenan
545 3076 632 3120 cassa
663 3053 824 3120 Prellerus
848 3057 1027 3122 coniectura
1049 3060 1081 3122 in
1105 3061 1269 3146 integrum
1293 3057 1456 3123 restituere

267 3169 397 3229 conatus
428 3169 492 3236 esi,
524 3199 566 3210 —
596 3169 632 3226 ut
663 3159 820 3239 Dindorfii
850 3169 926 3228 nota
949 3162 1117 3238 doeemur,
1144 3201 1186 3212 -
1212 3165 1276 3228 sic:
1300 3160 1359 3227 ὅτι
1384 3185 1456 3238 μα-

267 3285 393 3334 ιιισσα
413 3272 609 3340 curaeio,
634 3288 730 3353 quam
754 3275 838 3334 recte
862 3269 999 3335 ostendit
1021 3293 1090 3334 uera
1113 3268 1239 3337 Codicis
1263 3269 1378 3337 lectio:
1404 3268 1457 3334 καὶ

267 3376 344 3454 ὅρια
354 3391 374 3441 λ
385 3377 421 3440 le
431 3399 470 3440 ιιι
489 3373 640 3446 cenante
661 3375 843 3460 (κυκλόθεν).
867 3375 909 3440 bt
928 3381 1003 3441 sunt
1015 3376 1090 3441 haee
1103 3379 1297 3461 paucissima
1309 3374 1458 3460 exempla

267 3504 306 3550 ex
326 3483 450 3569 ingenti
473 3479 691 3546 multitudine.

311 3587 399 3654 Hace
431 3590 534 3676 igitur
563 3589 609 3652 ita
631 3608 698 3652 sese
719 3587 835 3655 babere
859 3608 921 3655 non
944 3609 1038 3677 nego.
1087 3587 1130 3653 Et
1154 3588 1238 3656 ultre
1262 3589 1379 3668 fateor,
1405 3611 1460 3656 me

265 3693 445 3759 Ludwichii
481 3692 680 3778 aliorumque
716 3714 809 3779 opera
844 3697 972 3782 cognita
1010 3695 1106 3780 paulo
1149 3697 1346 3762 timidiorem
1390 3717 1459 3762 esse

266 3802 385 3868 factum
419 3798 459 3865 ad
490 3800 686 3864 coniecturas
716 3807 748 3865 et
775 3800 968 3867 adhibendas
994 3806 1026 3866 et
1048 3801 1262 3886 proferendas,
1287 3823 1350 3868 non
1373 3803 1459 3888 quod

265 3929 316 3974 eas
348 3915 404 3974 aut
429 3926 514 3972 nunc
537 3910 593 3972 aut
616 3925 757 3992 unquam
781 3927 993 3992 supervacuas
1016 3909 1185 3992 existimo,
1209 3908 1263 3974 sed
1287 3913 1387 3993 qued,
1412 3945 1457 3958 -

263 4036 337 4080 cum
369 4017 476 4080 textus
507 4010 748 4094 Diodorfianus,
778 4018 815 4076 ut
838 4033 920 4077 nune
941 4013 1071 4098 quidem
1096 4021 1185 4080 extra
1208 4035 1336 4079 omnem
1361 4014 1456 4080 dubi-

265 4187 434 4199 -a—-u-

297 4303 318 4360 l)
336 4305 364 4352 Α.
382 4301 507 4362 norwich,
526 4291 590 4350 ‘liber
607 4303 651 4349 den
665 4301 743 4350 (beer
759 4299 946 4366 Hamburgeusis
960 4303 1001 4350 dar
1014 4303 1245 4366 Odyssea-Scholion.
1255 4333 1288 4342 -·
1298 4301 1455 4354 Rbeinlschee

259 4386 370 4434 birrorum
389 4385 428 4432 fiir
448 4383 586 4447 Pbilologic.
607 4383 637 4432 N.
657 4381 681 4430 1³².
703 4383 745 4432 ssd.
766 4385 805 4440 ³³,
824 4399 848 4449 p.
865 4384 1005 4433 eta-456.
1025 4413 1058 4421 -
1078 4383 1148 4435 lata.

292 4469 319 4532 2)
338 4467 519 4516 Observationes
536 4467 565 4514 ad
582 4465 677 4514 Scholia
695 4465 720 4514 iu
740 4466 839 4515 Homeri
858 4467 996 4530 odysseam.
1016 4469 1042 4516 b.
1064 4467 1091 4516 B.
1112 4467 1183 4526 laea,
1204 4485 1225 4533 p.
1248 4469 1287 4518 59.
