3278 5148
742 316 807 388 299

183 517 304 580 veteres
327 505 533 600 grammatici
552 505 576 595 ¹)
601 511 737 586 ἀγονίαν
769 511 886 576 dixisse
914 510 969 576 ubi
998 511 1106 586 ἀγῶνα
1134 517 1374 595 expectaremus

182 626 326 686 suctores
360 623 449 702 sunt,
483 617 516 681 iu
552 615 603 682 his
633 615 848 704 Cyropeediae
880 618 985 683 verbis
1017 621 1059 702 (11
1092 615 1156 696 111,
1180 617 1199 702 ᾗ
1223 618 1297 704 15):
1323 621 1374 683 νῦν

183 725 245 804 γάρ
268 722 373 804 ἀνδρες
398 721 576 800 είλνρριριόνοι
600 722 674 786 είσίν
698 723 727 786 ἐν
752 724 899 802 δημοτικῇ
922 723 1051 806 ἀγωνίᾳ.
1100 721 1143 788 itt
1166 723 1273 808 plnres
1297 745 1373 790 auc·

182 819 283 915 tores,
318 828 537 912 Herodotum,
574 827 709 893 Dionem
744 825 1010 915 Ohryoostomum
1046 829 1270 896 Democratem
1309 829 1371 916 (ap.

183 935 271 1004 Stcb.
306 936 340 1000 in
373 933 457 1036 App.
492 933 590 1020 Flor.)
626 935 711 998 idem
744 935 878 1012 dixisse,
910 943 941 1000 et
973 939 1130 1020 qnantum
1159 937 1281 1014 ἀγωνία
1314 937 1373 1002 hec

183 1041 415 1130 significatione
442 1041 481 1106 ab
512 1041 597 1120 ἀγόν
632 1041 772 1111 differat.
803 1043 837 1105 in
868 1042 1069 1108 adnotatione
1092 1042 1132 1108 ad
1154 1042 1373 1128 Xenophontis

183 1150 289 1215 locum
312 1153 457 1214 accurate
480 1145 653 1213 declaravit
677 1147 713 1211 lr.
737 1145 930 1212 Dindorlius.
978 1147 1039 1214 Sed
1064 1150 1186 1226 ἀγωνία
1210 1149 1294 1235 apud
1317 1149 1374 1214 hoe

104 1249 108 1264 '
182 1257 375 1341 antiquiores
405 1255 532 1320 etiamsi
564 1253 656 1340 plane
687 1254 791 1318 valeat
816 1255 918 1331 ἀγών,
944 1255 1053 1320 ideone
1077 1256 1242 1322 recentiori
1265 1276 1373 1342 gram·

148 1351 300 1427 ‘maticc
335 1381 444 1426 rocem
479 1364 588 1437 ἀγῶνα
623 1380 774 1445 usurpare
809 1359 919 1426 licebit
953 1361 1009 1426 ubi
1048 1361 1185 1438 ἀγωνίαν
1230 1359 1373 1446 oportet?

184 1467 311 1534 Etenim
346 1487 426 1552 quae
459 1465 548 1531 Ulixi
586 1473 653 1531 rate
688 1465 829 1532 diffracta
860 1469 892 1530 in
925 1469 1006 1532 mari
1042 1467 1214 1552 procelloso
1250 1470 1374 1534 natanti

184 1574 369 1660 perferenda
398 1578 505 1656 erant,
533 1575 594 1657 ipei
621 1572 707 1649 ἀγόν
730 1577 821 1642 sunt.
846 1572 984 1638 auditori
1007 1581 1138 1638 movent
1161 1575 1317 1652 ἀγονίαν,
1340 1573 1373 1639 id

181 1691 230 1748 eet
260 1699 409 1768 angorem
439 1686 470 1744 et
501 1678 749 1744 sollicitudinem
776 1679 815 1742 cb
840 1679 961 1756 herois,
984 1679 1074 1744 cuius
1099 1685 1217 1745 sortem
1242 1681 1374 1746 cornmi-

180 1791 320 1870 seratur,
345 1805 464 1851 errores
488 1793 520 1850 et
543 1782 696 1870 pericula.
743 1781 876 1868 Semper
899 1784 931 1848 in
955 1788 1071 1850 nostris
1092 1787 1137 1850 ito
1157 1785 1288 1864 dieitur,
1302 1808 1373 1853 uc.
1461 1871 1463 1878 Ι

179 1893 275 1979 paulo
305 1911 401 1978 snpra
432 1916 446 1956 ε
478 1889 540 1955 25:
565 1889 770 1956 ἀπαλλάττει
794 1891 979 1966 ἀγωνίας
1004 1890 1056 1954 τὸν
1079 1893 1231 1970 ἀκροαπίιν
1256 1893 1306 1957 ἐπί
1332 1895 1374 1974 τῷ

180 1999 385 2079 Τηλεμάχῳ,
406 2004 438 2064 et
458 2022 473 2062 ε
491 1997 574 2062 41οε
597 1998 690 2070 αὐτός
713 1997 794 2060 ἐστιν
815 1998 925 2061 ἑαυτοῦ
946 1998 1217 2074 συναισθανόμενος
1236 1997 1373 2080 Ὀρινιρος

180 2108 224 2178 είς
255 2105 322 2171 ίσον
353 2106 536 2183 ἀγωνίας
569 2107 733 2182 προήγαγε
765 2103 816 2166 τὸν
841 2104 951 2181 λόγον,
976 2110 1008 2169 et
1032 2105 1047 2168 d
1073 2103 1156 2171 675:
1181 2099 1275 2178 ποίόις
1300 2115 1378 2173 κινεῖ

181 2220 237 2286 τῆς
270 2211 450 2286 Πηνελόπης
476 2214 564 2296 (nam
589 2213 635 2276 sic
659 2210 858 2275 scribendum
885 2231 952 2275 esse
975 2231 1070 2295 supra
1093 2210 1173 2296 dixi)
1199 2213 1233 2275 τό
1259 2213 1375 2279 ἐπεισό·

181 2322 258 2390 διον.
290 2314 365 2383 όταν
397 2319 448 2382 τόν
484 2315 639 2381 Ὀδυσσέα
672 2318 814 2394 όρκνοῦσα
846 2318 901 2390 τίνι
933 2316 983 2380 ἐπί
1014 2318 1055 2396 τῷ
1079 2317 1165 2381 παιδί
1191 2318 1401 2394 ἀγωνίαν,

182 2425 366 2508 utriaco,
399 2431 431 2490 et
462 2425 508 2488 ita
539 2426 733 2508 saepissime.
781 2421 993 2503 Quamobrem
1027 2429 1133 2490 nostro
1157 2424 1371 2510 quoque'loco

183 2555 245 2600 non
280 2531 391 2598 dubito
423 2532 499 2617 quin
532 2531 680 2595 ἀνακινῶν
711 2530 839 2607 ἀγανί
847 2555 892 2592 αν
925 2531 967 2609 τῷ
998 2530 1134 2614 ἀκροατῇ
1167 2531 1207 2596 eb
1231 2539 1375 2610 auctore,

184 2641 328 2726 quisquis
350 2643 416 2714 est,
442 2635 619 2722 profectum
645 2637 697 2700 sit.

229 2879 262 2931 ε,
289 2831 364 2919 402.
388 2850 507 2933 Ῥόχόει
532 2851 718 2936 exponitur:
745 2884 827 2901 -··
852 2852 884 2916 οά
909 2850 972 2930 γάρ
994 2852 1138 2934 ἐκχεῖται
1161 2852 1301 2939 (fluetus)
1324 2857 1375 2920 ἐπ’

184 2961 348 3043 αίριαλόν,
380 2960 458 3023 ἀλλ’
482 2955 563 3022 ἔστιν
587 2956 773 3036 ἀγχιβαθὴς
798 2957 815 3030 ἡ
840 2957 971 3034 ἐκβολή,
998 2955 1075 3022 ciere
1104 2959 1316 3043 προσπλάζον
1340 2964 1375 3026 τί

184 3074 271 3146 κῦμα
314 3065 447 3132 τοιοῦτόν
481 3088 551 3130 τινα
587 3064 752 3128 ἀποτελεῖν
788 3061 865 3145 ἦχον
900 3062 965 3129 dede
1002 3072 1060 3129 τῶν
1095 3074 1223 3147 πετρῶν.
1258 3067 1371 3154 (PQT)

183 3175 307 3241 Ultima
337 3175 399 3238 trie
430 3173 526 3238 verbe
558 3171 674 3236 absunt
704 3191 722 3234 a
752 3169 795 3243 Τ,
826 3173 858 3234 in
891 3175 1022 3236 cacteris
1047 3193 1119 3237 cum
1138 3178 1377 3260 'praepositione

183 3301 330 3369 perversa
360 3279 523 3366 leguntur.
570 3275 654 3342 Nem
685 3274 802 3341 fluctus
820 3279 956 3344 sonitus
987 3279 1078 3344 edere
1102 3279 1153 3345 διὰ
1177 3283 1235 3354 τας
1260 3283 1377 3364 πέτρας

183 3394 331 3482 possunt,
356 3385 406 3451 trs
432 3390 490 3448 τῶν
514 3391 628 3462 πετρῶν
653 3387 784 3448 omnino
807 3404 869 3450 non
889 3391 1028 3469 possunt.
1054 3385 1184 3471 Spectat
1204 3387 1376 3474 explicatio

184 3499 239 3572 rto
275 3493 368 3574 πρός
400 3494 475 3562 πάς
507 3491 662 3568 πίτρας
695 3491 882 3569 ἀντίκρουσιν
914 3496 968 3556 τοῦ
1001 3495 1157 3571 κύματος,
1191 3495 1299 3580 itaque
1332 3515 1378 3561 re·

184 3601 382 3688 scripserim:
398 3632 449 3647 ··
470 3595 548 3662 όίστε
572 3597 785 3678 προσπελάζον
805 3597 839 3662 τό
861 3600 947 3676 κῦμα
969 3599 1102 3664 τοιοῦτόν
1123 3623 1193 3664 τινα
1213 3601 1378 3668 ἀποτελεῖν

185 3705 261 3791 ἦχον
285 3705 395 3772 κατίι
419 3705 478 3768 τῶν
502 3709 628 3784 πετρῶν.

188 3859 370 3874 ..να-ιε·-

219 3937 245 4001 1)
263 3935 364 3986 Photins
381 3935 489 3998 (Sululos)
507 3937 532 3982 et
549 3933 718 3997 grammaticus
736 3933 759 3981 in
779 3931 883 3982 Belrlreri
901 3935 947 3984 An.
966 3949 988 4000 p.
1000 3934 1061 3993 838,
1079 3935 1110 3984 19
1128 3933 1233 3986 breviter
1250 3935 1379 4002 iisdemque

184 4025 272 4076 verbis:
292 4024 447 4091 ’λγιννίρν
470 4027 574 4084 Ξενοφῶν
592 4020 650 4072 ἀντί
669 4017 713 4071 τοῦ
732 4019 816 4083 ἀγῶνι.
833 4023 909 4072 Paulo
926 4023 1065 4089 explicat-ine
1080 4027 1115 4073 est
1130 4025 1208 4074 herici
1219 4025 1379 4092 fragmentum

184 4112 238 4174 post
262 4107 344 4158 Photii
371 4107 501 4157 editionem
527 4105 698 4156 Porrcniananr
724 4121 746 4170 p.
772 4107 833 4164 663,
857 4106 898 4170 qui
916 4105 982 4156 locus
1001 4106 1118 4156 Diodorlii
1136 4107 1284 4172 diligentiam
1302 4108 1379 4174 fugit:

147 4216 150 4224 ¹
184 4191 339 4258 Ἀνανία·
359 4197 434 4259 φόβος
453 4193 569 4251 ππιίσιιιις
589 4189 604 4250 t
626 4193 1057 4258 ίίττκς·---ιιιιταχρνρστικας
1076 4193 1108 4243 ἀί
1129 4195 1255 4246 narses
1271 4195 1380 4247 ἀπλοῦ

184 4287 294 4350 φόβον.
322 4289 425 4350 Ξονοφάν
452 4283 478 4335 dl
505 4283 535 4334 τί
560 4283 654 4344 ἀγωνία
679 4279 711 4344 ll.
731 4281 835 4350 ἀγωνίᾳ)
864 4285 905 4334 int
930 4287 976 4334 roll
994 4283 1102 4345 ἀγίίνος,
1121 4283 1152 4342 ὃς
1171 4291 1197 4336 tr
1214 4293 1251 4352 τῇ
1271 4287 1381 4349 balred

184 4379 267 4438 Φόβος.
285 4377 341 4438 (ie.
361 4381 387 4426 ut
404 4377 436 4426 eit
454 4391 509 4426 usus
526 4381 683 4440 consequente
700 4390 744 4440 pro
761 4376 932 4438 antecedente.)
954 4376 1085 4425 Discrimen
1106 4375 1208 4426 breviter
1225 4379 1310 4428 statuit
1329 4379 1379 4430 He·

184 4469 287 4533 tychius:
308 4461 472 4526 ’λγιννίνρς
494 4469 540 4523 τῆς
560 4465 584 4513 ἰν
602 4463 678 4524 dystro
700 4463 816 4524 ἀμίλλιρς.
