3278 5148
862 345 928 413 340

300 535 398 616 μένων
433 537 596 614 αὐθάδειά,
640 535 753 618 Quivis
788 536 917 603 haereat
950 537 984 601 in
1020 537 1063 607 εἷς
1097 535 1140 600 τά
1175 541 1325 613 τοιοῦτον,
1358 555 1395 600 ac
1424 537 1492 600 iure

301 645 571 732 quaesiverimus:
594 645 635 715 εἰς
657 649 691 709 τὸ
712 641 764 708 rii
789 645 972 709 Pertinetne
984 643 1022 708 ad
1035 643 1254 728 praecedentia
1266 651 1304 706 ut
1317 642 1375 707 sit:
1390 641 1493 728 plebis

303 752 471 817 insolentia
506 752 587 815 οὐδέν
627 749 742 826 έμελλε
778 751 920 828 βλάψειν
956 751 1007 813 τὸν
1040 749 1195 814 Ὀδυσσέα
1228 750 1271 818 εἰς
1296 749 1331 812 τὸ
1356 749 1494 826 πέμπειν

302 857 418 923 cirta?
442 857 580 924 Etiamsi
604 865 714 923 auctor
736 861 842 942 inepte
862 855 1072 922 Homericum
1093 855 1252 933 βλάπτειν
1266 855 1336 919 τινά
1349 853 1494 919 κελεύθου

302 965 416 1030 referre
450 967 628 1050 cogitavit,
663 984 759 1048 quarn
794 967 934 1028 contorte
969 961 1055 1027 dicta
1089 969 1165 1026 sunt
1195 961 1355 1038 βλάπτειν
1387 961 1430 1032 εἰς
1451 960 1494 1024 πά

219 1143 222 1150 ,
303 1074 434 1134 τοιοῦτον
467 1089 538 1154 pro:
571 1090 681 1135 nocere
710 1075 742 1132 ia
766 1071 949 1150 ι’νυροινανιάο
973 1069 1091 1132 reduc!
1115 1067 1297 1153 Respicitne
1320 1067 1496 1134 Homerica

302 1178 402 1241 nostri
414 1175 494 1241 loci:
510 1176 603 1252 μήτις
617 1209 636 1223 -
647 1211 666 1224 -
680 1175 833 1254 κερτομέοι
846 1177 874 1237 τ’
889 1171 1032 1238 latensi?
1048 1177 1091 1238 nt
1103 1177 1175 1258 quis
1187 1193 1282 1239 sanus
1293 1173 1372 1239 haec
1384 1173 1497 1239 reddat

302 1303 357 1366 per
387 1283 430 1354 εἷς
461 1283 504 1345 τά
535 1285 666 1346 τοιοῦτοι
696 1277 875 1358 enatant
907 1279 1006 1346 Mitto
1031 1281 1154 1355 dicere,
1181 1282 1371 1344 sententiam
1396 1279 1497 1346 latius

303 1396 410 1474 patere
434 1409 536 1471 neque
560 1387 686 1453 desolo
709 1388 814 1452 reditu
834 1387 1032 1471 impetrando
1053 1407 1120 1450 esse
1132 1385 1360 1470 accipiendam.
1384 1386 1498 1473 ltaque

301 1495 383 1559 nihil
406 1494 521 1559 horum
545 1495 671 1580 probari
695 1499 799 1580 potest
822 1514 858 1558 ac
882 1493 1103 1568 statuendum,
1134 1493 1218 1577 quod
1241 1500 1365 1569 statuo,
1387 1493 1496 1559 locum

302 1599 407 1665 labem
432 1623 498 1666 esse
520 1621 660 1687 passum.
708 1601 779 1666 Nisi
803 1623 857 1666 me
880 1601 987 1665 omnia
1006 1597 1139 1675 fallunt,
1157 1601 1331 1683 requiritur
1350 1599 1497 1686 Porphy-

302 1709 392 1772 riano
416 1727 502 1771 more
525 1710 682 1792 oppositio
706 1707 745 1771 ad
770 1709 786 1781 ἡ
813 1713 870 1770 τῶν
897 1705 1155 1782 ὑποτεταγμένων
1180 1704 1350 1781 αὐθάδειά,
1371 1709 1498 1791 eritque

304 1813 522 1878 scribendum:
547 1815 630 1879 οὐδέν
653 1811 719 1889 οὖν,
745 1815 777 1877 εἰ
804 1813 845 1876 τά
869 1812 993 1898 (τέλη)
1011 1817 1194 1889 τοιαῦτα,
1216 1811 1333 1888 ἔμελλε
1353 1813 1497 1892 βλάψειν

302 1921 353 1984 τὸν
388 1921 542 1986 Ὀδυσσέα
575 1922 592 1994 ἡ
626 1925 684 1982 τῶν
717 1919 976 1996 ὑποτεταγμένων
1001 1919 1160 1983 αὐθάδειά.
1208 1919 1346 1984 Eandem
1372 1925 1497 1985 seuten-

304 2029 380 2111 tiam
415 2027 454 2092 ad
485 2048 532 2091 vs.
559 2027 601 2090 32
634 2045 813 2109 expressam
844 2024 999 2090 habemus
1025 2029 1058 2090 iu
1083 2023 1155 2089 EV:
1181 2023 1306 2106 ζητοῦσί
1325 2049 1404 2096 τινες
1430 2031 1496 2097 πῶς

305 2137 336 2198 έν
367 2142 429 2205 τοῖς
461 2129 531 2208 ἑξῆς
562 2131 826 2214 Φιλοξενυτάτους
850 2130 938 2208 λέγει
962 2131 1030 2204 τοὺς
1055 2131 1235 2210 άνάράιπους.
1262 2133 1316 2196 καί
1339 2141 1452 2213 φάμεν
1477 2134 1494 2207 ἢ

305 2243 371 2306 τὸν
403 2243 475 2318 μέν
500 2241 690 2304 ναυτικὸν
714 2237 841 2319 έχλον
864 2234 940 2302 εἶναι
964 2239 1007 2319 τῷ
1030 2237 1091 2301 ὄντι
1115 2237 1210 2315 dadai,
1240 2240 1335 2309 τοὺς
1361 2239 1399 2303 δέ
1424 2239 1497 2316 βο·

302 2357 436 2418 cratia
461 2346 636 2426 Φιλοξένους
662 2360 733 2408 κτλ.
769 2345 868 2414 Τέλος
889 2365 986 2431 quam
1008 2348 1164 2410 usitatum
1186 2347 1229 2410 sit
1248 2345 1397 2431 inprimis
1410 2347 1497 2431 apud

303 2456 543 2542 Xenophontem
572 2453 611 2516 de
634 2453 878 2538 magistratibus
903 2451 1043 2526 dictum,
1069 2473 1131 2516 non
1156 2457 1203 2516 est
1226 2452 1310 2538 quod
1333 2471 1494 2518 moneam.

301 2565 388 2630 Dabo
420 2584 459 2626 ox
489 2562 632 2625 maxima
655 2562 744 2643 copia
766 2559 933 2642 utriusque
956 2559 1095 2640 formae,
1118 2567 1150 2623 et
1174 2558 1346 2647 singularis
1371 2565 1403 2625 et
1427 2561 1497 2645 plu·
1608 2581 1609 2606 ι

300 2671 394 2751 ralis,
417 2689 518 2733 unum
544 2663 743 2751 exemplum,
769 2672 942 2749 utrumque
962 2687 1001 2729 ex
1013 2663 1211 2752 Gyropaedia
1224 2668 1375 2750 petitum.
1400 2665 1496 2755 Legi·

301 2786 353 2845 tur
376 2775 408 2858 I,
440 2793 460 2838 v
492 2770 567 2858 Νι
594 2769 631 2836 ὧν
659 2771 686 2835 t'
712 2767 801 2834 ένεκοι
825 2771 977 2840 οὐτάςτε
1002 2769 1227 2843 cincinnatis
1252 2769 1380 2836 τοῖετὸ
1405 2775 1496 2845 τέλος

302 2880 456 2958 κατέστην
490 2879 541 2942 ani
575 2879 656 2955 ὑμᾶς
687 2877 892 2955 παρεκάλεσα
916 2875 1051 2950 δηλῶσαι
1077 2879 1148 2954 ὑμῖν
1172 2879 1348 2957 βούλομαι,
1374 2878 1497 2967 legitur

306 2987 396 3070 Viil,
430 3005 451 3049 v
482 2987 499 3070 ᾗ
529 2983 587 3050 27:
623 2989 727 3049 τοῦτο
752 2981 888 3054 εἰπόντος
914 2983 1088 3061 Καμβύσου
1111 2982 1250 3060 συνέδοξε
1274 2983 1360 3064 utto
1383 3009 1417 3049 τε
1444 2985 1496 3050 xci

304 3101 368 3164 τοῖς
393 3099 512 3172 Περσῶν
534 3085 665 3156 τέλεσιζ

350 3330 384 3380 ν,
416 3301 470 3366 29.
517 3301 663 3367 Occurrit
694 3299 782 3366 Ulixi
810 3299 958 3365 Minerva
988 3303 1122 3390 virginis
1149 3303 1287 3369 formam
1312 3303 1443 3378 induta,
1479 3327 1498 3370 a

303 3435 366 3497 qua
390 3413 470 3493 petit
499 3417 535 3473 nt
558 3409 620 3473 sibi
645 3407 684 3473 ad
707 3407 832 3473 Alcinoi
857 3406 980 3493 regiam
1005 3410 1092 3472 viam
1117 3415 1282 3474 monstret.
1314 3410 1497 3496 Respondet

303 3516 376 3593 illa,
401 3537 434 3580 se
459 3515 548 3579 facile
572 3520 842 3587 monstraturum,

539 3619 608 3684 ἕπεέ
631 3643 683 3694 μοι
708 3621 823 3696 πατρὸς
849 3617 1005 3696 άμύμονος
1030 3619 1140 3697 έγγύάι
1164 3621 1251 3685 anisa

303 3725 551 3811 Philosophatur
574 3727 679 3790 nescio
704 3728 790 3810 quis:
816 3727 1021 3804 προσαγωγὸν
1045 3725 1137 3790 πάνυ.
1176 3729 1211 3792 οὐ.
1240 3729 1303 3807 γάρ
1337 3729 1392 3801 σὺν
1418 3730 1496 3796 βίον

302 3835 413 3915 melca
436 3837 657 3896 καταλιποῦσά
676 3831 875 3908 ὑπουργήσειν
888 3835 1002 3910 Φησίν,
1023 3835 1110 3896 άλλά
1124 3839 1179 3905 τῆς
1193 3834 1290 3905 αὐτῆς
1305 3835 1372 3900 ὁδοῦ
1387 3835 1494 3912 δείξειν

303 3943 341 4030 πὸΙ
362 3939 552 4020 ζητούμενον.
591 3935 702 4022 (Pau)
724 3935 827 4016 Quam
852 3939 894 4001 sit
918 3937 995 4002 haec
1013 3940 1176 4004 urbanitas
1194 3943 1352 4025 exquisita
1377 3944 1494 4010 melius

302 4046 481 4134 apparebit,
506 4047 533 4108 si
557 4047 714 4129 expuncto
738 4041 801 4120 γάρ
825 4043 932 4108 omnia
956 4047 1181 4110 continuentur
1203 4048 1235 4110 iu
1255 4046 1339 4112 hunc
1362 4051 1493 4116 modum

301 4161 455 4218 correcta:
493 4151 774 4228 προσσγωγῶς
811 4147 892 4213 πάνυ
925 4150 971 4233 (in
1002 4150 1029 4231 Q
1058 4157 1107 4216 ast
1128 4153 1350 4237 προσάγυγδς,
1377 4159 1494 4222 omino

301 4260 393 4342 πάνυ.
425 4261 504 4342 app.
543 4253 634 4335 770.)
669 4255 702 4316 οὐ
735 4253 788 4323 τὴν
813 4254 891 4317 iiico
912 4257 1021 4334 χρεέοιν
1044 4263 1264 4322 καταλιποῦσά
1290 4259 1493 4340 ὑπουργήσειν

301 4366 414 4456 Ostia,
439 4363 528 4428 άλλά
552 4369 607 4436 τῆς
633 4361 730 4433 αὐτῆς
756 4358 825 4422 etos
853 4359 961 4436 δείξειν
983 4365 1018 4426 τὸ
1042 4362 1236 4444 ζητούμενον.
