3330 5144
758 301 824 372 228

195 492 302 570 ἀφῆκε
328 488 392 575 [τὸ]
417 486 472 568 πρθ
496 485 572 569 θροις
595 491 648 556 ecl
674 492 785 558 θᾶττον
808 497 862 558 τοῦ
887 493 1097 572 προσήκοντος.
1124 492 1218 580 (BQ).
1259 493 1385 560 Articu-

193 596 264 664 lum
298 595 406 662 locum
436 596 639 681 pessumdare
675 620 731 684 per
765 621 798 666 se
826 605 934 685 patet,
966 606 997 665 et
1027 601 1091 666 fere
1114 621 1384 685 supervacaneum

194 709 241 770 est
265 725 304 769 ex
326 703 442 769 iisdem
465 703 626 769 codicibus
649 704 704 785 BQ
728 712 760 772 et
786 714 947 791 praeterea
970 705 998 771 V
1021 705 1110 772 aliud
1133 706 1277 774 scholion
1302 710 1388 774 erci-
1493 724 1496 730 ·

194 816 262 876 tare
280 809 319 875 ad
341 809 450 874 eadem
471 810 569 875 verba
588 810 1006 879 eiusdcmfcresententiao:
1030 812 1101 892 πρὸ
1125 810 1225 890 θροις
1247 817 1386 893 γηρᾶσαι

194 916 317 988 traines
339 915 391 980 διαὶ
414 918 470 991 τὴν
494 917 542 979 ἐπ’
567 917 648 999 αὐτῇ
672 919 793 994 λύπην,
817 929 854 983 ut
877 938 1003 984 causam
1027 919 1061 983 in
1081 940 1114 984 re
1133 921 1269 994 minime
1291 921 1388 990 dubia

195 1023 404 1090 obtineamus.
451 1021 573 1088 Utilius
605 1026 666 1089 erit
696 1025 881 1102 admonere,
912 1045 967 1090 nos
1001 1025 1054 1090 hic
1079 1045 1203 1110 quoque
1228 1027 1384 1114 originem

195 1128 313 1196 stultae
330 1128 583 1214 interpolationis
603 1130 767 1215 dispicere.
795 1130 920 1217 Nempe
939 1132 974 1196 in
990 1131 1101 1197 notula
1121 1133 1207 1217 prius
1228 1132 1386 1218 descripta

196 1257 258 1302 non
289 1235 397 1300 cirta
428 1237 533 1314 ἀφῆκε
564 1237 684 1302 codices
716 1239 883 1328 praebent,
907 1238 961 1304 scd
986 1241 1116 1316 αὐτήν,
1140 1239 1224 1323 qdod
1248 1243 1383 1306 corrcnit

196 1342 422 1408 Buttmannus.
462 1342 531 1409 Iam
562 1343 724 1421 videmus,
759 1345 835 1430 quid
867 1345 989 1410 laetum
1012 1346 1064 1410 sit.
1110 1343 1221 1411 Scriba
1253 1347 1384 1432 quidam

196 1457 304 1517 vetere
326 1448 412 1536 sigla
433 1433 518 1515 male
541 1448 665 1535 expleta
685 1455 741 1516 aut
758 1453 827 1537 ipse
848 1453 983 1517 correxit
1000 1457 1056 1517 aut
1074 1451 1157 1517 alius
1177 1452 1266 1537 quis,
1279 1454 1385 1540 depre·

196 1558 296 1622 hanso
327 1576 446 1629 errore.
478 1541 596 1635 αθθθν,
620 1558 802 1642 supervenit
829 1556 910 1623 alter
933 1559 989 1642 qui
1011 1556 1184 1624 articulum
1210 1567 1386 1627 deseratus

198 1662 301 1728 alieno
324 1661 393 1727 loco
416 1660 555 1728 inferret.

242 1895 281 1944 π,
306 1868 359 1938 71.
397 1869 607 1938 Telemachus
637 1873 677 1938 ab
701 1873 842 1940 lismaco
865 1880 1014 1962 rogatus,
1039 1881 1078 1940 ut
1099 1881 1223 1961 patrem
1248 1876 1386 1942 mendici

195 1979 309 2046 habitu
331 1977 513 2044 latitantem
536 1981 713 2065 exciperet,
737 1980 913 2066 hospitium
936 1981 1067 2047 abnuit:

377 2090 440 2160 πῶς
463 2088 527 2168 γὰρ
551 2087 585 2162 δὴ
610 2089 662 2154 ric
684 2085 779 2164 ξεῖνον
804 2089 881 2165 ἐνὼν
906 2087 1090 2166 ὑποδέξομαι
1115 2087 1200 2170 ciam

379 2193 472 2268 αὐτὸς
495 2195 553 2271 μὲν
576 2195 637 2268 νέος
662 2195 725 2273 εἰμὶ
750 2195 804 2260 καὶ
829 2194 911 2262 οὕπω
935 2195 1025 2276 χοροὶ
1050 2196 1181 2260 πθποιθα

374 2299 458 2380 ἄνδρ’
484 2301 720 2380 ἀπαμύνασθαι.

198 2408 286 2489 Quae
315 2409 362 2473 sic
393 2407 610 2492 explicantur:
635 2419 712 2483 ταῖς
737 2409 800 2486 εἰμὶ
825 2408 878 2474 καὶ
903 2410 958 2474 οὐκ
981 2405 1044 2487 ἔχω
1069 2408 1161 2490 ἰσχὺν
1185 2417 1223 2490 πῇ
1247 2410 1389 2495 detesto

198 2521 253 2588 πῆς
285 2515 416 2586 ἀτελοῦς
450 2516 573 2588 ἡλικίας
605 2539 682 2593 μου,
715 2511 795 2588 ὅπως
826 2515 993 2593 ἀμύνομαι
1017 2514 1086 2587 ποὺς
1112 2518 1183 2580 κατ’
1208 2516 1263 2592 ἐμὲ
1286 2532 1390 2598 χαλε·

198 2623 385 2697 παθνονπας,
417 2621 469 2685 καὶ
499 2621 549 2688 διὰ
580 2627 670 2696 reiro
700 2624 854 2704 δυσχερῶς
886 2620 949 2704 ἔχω
974 2627 1079 2688 τοῦτον
1103 2621 1154 2687 τὸν
1177 2621 1259 2698 ξένον
1285 2623 1391 2710 [μθνος

199 2728 275 2812 ἐγὼ]
301 2727 517 2805 ὑποδέξασθαι.
541 2728 643 2815 (HQ.)
670 2729 897 2796 Molestissima
919 2731 1164 2816 interponuntur
1186 2728 1275 2806 αθνος
1308 2729 1390 2809 ἐγώ,

198 2839 230 2900 et
261 2841 346 2900 certo
368 2835 432 2900 huc
454 2856 517 2900 non
539 2837 716 2921 pertinent,
741 2837 795 2902 sed
819 2857 881 2922 quo
904 2837 1033 2902 tandem
1057 2838 1213 2922 pertinere
1236 2837 1392 2904 censenda

197 2937 292 3006 suntl
322 2939 469 3026 Suspicor
498 2961 537 3006 ex
567 2941 673 3029 glossa
704 2947 773 3008 orta
804 2945 941 3008 cassita
965 2943 1174 3008 sebabento:
1201 2942 1312 3029 αθπθς]
1337 2947 1393 3024 μθ-

142 3041 151 3056 *
197 3071 243 3120 ιιι
280 3047 359 3124 ἐγώ,
392 3047 662 3132 quemadmodum
693 3071 724 3114 v.
745 3069 771 3114 c.
801 3049 950 3114 Atticum
975 3050 1064 3136 αὐτοί
1088 3050 1180 3127 ἐσμεν
1204 3051 1391 3138 interpreta-

196 3156 312 3221 bantur
345 3153 429 3232 μθνοι
463 3154 572 3232 ἐσμέν,
604 3160 637 3222 ct
670 3155 780 3222 statim
812 3155 895 3221 infra
925 3155 965 3220 ad
995 3177 1043 3222 rs.
1071 3155 1135 3221 104
1158 3159 1277 3224 iterum
1302 3159 1391 3232 μθνοο

196 3259 355 3339 abundat,
390 3263 509 3328 iterum
543 3263 584 3328 ad
620 3262 714 3334 αὐπθι
747 3262 953 3348 adscriptum.
1002 3261 1202 3328 Adscribitur
1234 3266 1320 3330 enim
1353 3265 1394 3332 ad

199 3392 224 3434 π
255 3367 336 3432 104:
368 3369 458 3433 ἐλθὼν
490 3370 520 3442 ἐς
546 3368 681 3450 μθναρον
706 3368 904 3448 Λαερτιάδεω
928 3368 1076 3440 Ὀδυσῆος
1099 3371 1134 3434 in
1155 3369 1206 3435 H:
1230 3370 1283 3436 xci
1308 3368 1392 3441 circs

199 3476 376 3540 αθετεῑπαι·
408 3475 534 3560 (nempe
564 3497 625 3540 non
657 3479 765 3540 minus
798 3496 894 3561 quam
918 3497 965 3541 vs.
993 3474 1074 3554 101,
1101 3478 1193 3542 cuius
1217 3476 1393 3544 athetesoos

199 3588 308 3647 tamen
339 3581 527 3646 memoriam
557 3581 644 3648 solus
675 3581 713 3648 M
741 3584 904 3666 serravit.)
930 3580 979 3646 δύο
1003 3583 1066 3660 γὰρ
1090 3582 1171 3658 μθνα
1195 3581 1391 3664 εὕχεται,ἣ

199 3697 276 3761 παῖς
300 3685 335 3763 ἐξ
359 3686 531 3759 Ὀδυσσέως
555 3683 650 3772 εἶναι,
676 3689 693 3762 ἢ
720 3687 874 3773 [uicos]
899 3689 1022 3760 αὐτὸς
1047 3689 1061 3753 θ
1086 3687 1266 3761 Ὀδυσσεύς.

245 3924 276 3984 ρ,
300 3897 377 3964 291.
412 3897 449 3964 In
479 3899 613 3964 historia
643 3901 723 3986 Argi
756 3901 842 3965 canis
872 3902 1050 3984 quaeritur:
1084 3907 1147 3972 πῶς
1171 3901 1224 3966 τὸν
1248 3924 1392 3977 μεταμε-

197 4003 395 4087 αοοφωμθνον
431 4005 642 4089 inspirationem
667 4005 902 4091 Respondatur:
928 4001 973 4074 θοι
994 4007 1105 4088 παρὰ
1136 4009 1230 4080 τοὺς
1254 4006 1394 4087 ανθρώ-

199 4137 297 4183 πονο
330 4112 411 4200 [καὶ]
447 4113 488 4176 sci
520 4109 627 4190 ἄλογα
660 4110 721 4193 ζῷα
750 4117 873 4187 μᾶλλον
897 4114 1174 4192 ἀντιλαμβάνεται
1199 4115 1252 4181 καὶ
1279 4115 1313 4180 ἔνι
1337 4123 1393 4188 τῆς

199 4220 292 4298 ὀδμῆς
319 4219 412 4284 cirta
438 4217 567 4296 ἐπέγνω.
593 4217 692 4304 (QV.)
715 4219 753 4284 In
777 4219 979 4286 adnotatione
1003 4221 1113 4288 critica
1136 4220 1291 4309 legimus:
1320 4221 1394 4298 „nat

198 4347 262 4394 om.
294 4325 341 4402 Q”
381 4324 445 4392 Gur
473 4328 576 4414 igitur
606 4326 641 4390 in
672 4331 763 4391 textu
792 4323 975 4411 comparet?
997 4326 1064 4393 Neo
1087 4327 1172 4393 mihi
1195 4325 1394 4413 displiceret,

198 4437 226 4500 si
248 4447 306 4522 pro
328 4433 414 4514 παρὰ
435 4432 506 4507 τοὺς
525 4431 697 4513 dulcisone
718 4431 926 4503 scriberetur:
950 4432 1050 4516 πθρα
1073 4439 1148 4498 πῶν
1171 4432 1393 4515 ἀνθρώπων.
