3318 5138
820 355 885 424 100

256 567 319 616 uon
354 547 461 614 minus
495 548 692 634 perplexum.
738 545 791 614 Ad
821 549 864 635 β,
889 547 947 623 63.
978 550 1011 613 οὐ
1044 547 1107 629 γάρ
1130 547 1175 614 ἔτ’
1199 545 1343 630 άνσχετά
1369 541 1446 626 ἔργα

144 663 150 676 ’
256 655 453 738 τετεύχαται
472 655 549 720 hoec
567 654 720 744 leguntur
738 657 772 721 in
792 656 859 723 solo
879 656 901 723 S
921 660 1056 732 servato,
1079 655 1163 741 quod
1181 675 1255 721 sone
1267 653 1388 718 mirum
1400 657 1448 718 set

255 765 291 829 in
310 759 465 830 uocabulo
484 762 582 828 semel
603 762 687 848 opud
704 761 884 829 Homerum
895 762 978 830 leuto
992 767 1024 828 et
1034 761 1088 829 vel
1100 763 1139 828 ob
1151 766 1315 827 occentum
1329 779 1449 824 memo·

256 869 367 936 rabili:
393 867 521 952 εὔθετα,
545 866 598 933 καὶ
622 868 841 951 πλεονάζει
866 871 882 944 ή
907 870 980 935 άνά
1005 868 1212 950 στθριισις,
1233 866 1268 934 ἵν’
1290 863 1307 948 ή
1329 863 1446 948 σχετά.

257 975 325 1042 Diu
347 975 425 1040 hoec
447 995 499 1040 me
523 979 691 1040 torserunt.
738 975 837 1042 Nullo
860 981 908 1043 est
932 979 1062 1065 negotio
1086 973 1164 1054 άνά,
1190 980 1222 1041 et
1244 975 1369 1040 etiamsi
1390 973 1448 1040 du·

257 1081 331 1168 pler
354 1083 482 1170 negotio
505 1079 752 1170 significaretur,
778 1103 858 1169 quse
881 1083 1079 1169 quorundum
1103 1083 1390 1170 grammaticorum
1413 1079 1448 1144 in

256 1191 399 1276 cognatis
411 1188 602 1274 quibusdum
614 1188 778 1255 vocubulis
790 1191 896 1276 opinio
909 1190 981 1268 luit,
993 1211 1054 1256 non
1067 1192 1113 1255 sio
1125 1189 1209 1254 nude
1220 1190 1324 1274 posito
1335 1189 1382 1252 ito
1394 1205 1447 1251 oc·

257 1297 320 1380 cipi
333 1299 465 1381 poteret.
479 1291 564 1360 (leve
576 1301 682 1360 tomen
696 1297 763 1362 sive
775 1297 907 1362 induces
918 1299 986 1364 sive
998 1297 1147 1384 corrigas,
1156 1294 1240 1381 quod
1251 1296 1284 1360 in
1296 1297 1448 1379 promptu

256 1423 322 1468 esse
341 1402 484 1477 ridetur,
504 1399 730 1481 recesseratis
745 1403 835 1475 ήιὶνά
857 1426 901 1482 πρ
911 1402 926 1469 θ
934 1405 1018 1467 θτσι
1028 1428 1058 1480 ς,
1080 1423 1117 1468 oo
1128 1403 1236 1488 potius
1249 1399 1448 1466 conferemus

255 1509 333 1576 huso
367 1507 542 1574 Herodioni
572 1508 611 1574 ed
641 1507 829 1594 ἀνάπυστα,
858 1512 892 1575 in
916 1511 1080 1576 notissimo
1103 1529 1197 1575 versu
1220 1507 1259 1573 de
1282 1507 1446 1592 Epicoste,

256 1631 276 1681 λ
309 1613 390 1684 274:
429 1613 614 1680 άνάπιισταε
655 1615 918 1695 προπαροξυτόνως
957 1616 1052 1698 Φήσθν
1090 1613 1315 1700 (Herodianus)
1348 1614 1378 1677 ἐν
1407 1623 1445 1696 τῇ

259 1721 404 1800 καθθλου,
424 1729 617 1802 περιττῆς
637 1720 752 1798 οὔσης
773 1731 840 1798 τῆς
862 1721 954 1808 άνά,
972 1723 1041 1788 circi
1059 1727 1111 1787 τοῦ
1130 1719 1247 1805 πυστά,
1262 1717 1446 1797 ἓξάκουσσαι

258 1829 386 1896 δύναται
407 1827 439 1894 δὲ
457 1828 509 1894 καὶ
530 1833 582 1894 τοῦ
600 1826 730 1894 άπυστα
743 1829 921 1908 ἐγκειμένου
941 1827 1040 1905 άλλή
1060 1825 1233 1909 στέρησις
1253 1829 1444 1903 ἐντεθῆναι

258 1935 345 2016 μετά
379 1933 562 2016 προσθέσεως
594 1937 648 2000 τοῦ
681 1931 711 2012 ν,
736 1937 774 2008 ως
799 1935 830 2001 ἕν
854 1937 895 2018 τῷ
919 1938 1130 2014 ,άνήκουστος,
1154 1933 1310 2011 άνιιλεής.’
1334 1935 1368 2000 αἱ
1395 1931 1446 2000 δύο

257 2040 306 2110 οὖν
340 2041 495 2123 στερήσεις
527 2041 605 2119 μίαν
632 2041 862 2119 συγκατάθεσιν
892 2043 1062 2120 ἐδήλωσαν,
1098 2041 1149 2108 καὶ
1183 2039 1265 2108 ἔστιν
1293 2041 1363 2107 cieri
1392 2045 1445 2106 τοῦ

258 2147 408 2216 άκουστά.
434 2147 526 2235 (BQ).
553 2146 635 2214 Sunt
657 2148 734 2213 hoec
758 2155 865 2235 operte
888 2148 984 2227 falso,
1013 2147 1035 2237 ¹)
1062 2148 1117 2214 sed
1140 2169 1179 2214 ex
1202 2146 1377 2214 Herodisni
1400 2153 1446 2214 tu·

258 2278 332 2322 men
365 2255 522 2333 doctrino,
552 2254 725 2340 eodemque
747 2255 843 2321 modo
865 2262 972 2321 nostro
994 2255 1063 2322 loco
1087 2253 1232 2335 άνσχετά
1256 2254 1445 2340 explicuisse

258 2364 406 2440 videtur,
438 2366 476 2426 nt
506 2368 559 2425 out
583 2361 768 2446 ρτοοροιὶιίο
799 2360 860 2427 άνά
890 2363 1046 2446 abundet,
1078 2369 1148 2438 οιιθ,
1177 2360 1446 2448 quemadmodum

259 2469 366 2536 πυστά
397 2469 494 2535 hebet
523 2465 653 2533 άπυστα
684 2468 819 2555 indeque
849 2469 971 2556 duplici
1002 2471 1170 2557 negatione
1191 2468 1377 2547 άυάτυσσα,
1402 2469 1447 2534 ita

259 2575 365 2660 σχετά
394 2577 501 2642 lubeat
531 2574 658 2656 άσχετα
682 2583 710 2640 σθ
732 2573 911 2657 άνάσχετα.
959 2575 1053 2642 Falso
1075 2577 1152 2642 hoco
1180 2597 1246 2642 esse
1269 2579 1334 2642 ium
1354 2596 1448 2662 supro

259 2687 387 2762 monui,
411 2685 659 2768 necquicquam
683 2685 912 2769 recentiorum,
936 2683 1020 2769 quod
1043 2685 1159 2761 scium,
1183 2683 1352 2769 repetendo
1369 2684 1447 2750 hoec

261 2790 498 2878 comprobavit,
531 2809 566 2854 se
597 2788 714 2854 vellem
748 2791 915 2863 sciremus,
948 2789 1105 2876 quomodo
1136 2795 1302 2856 accentum
1331 2793 1362 2855 in
1396 2791 1448 2855 άν-

260 2896 366 2980 σχετά
390 2895 585 2982 expediverit
607 2892 817 2962 Herodianus.
868 2895 931 2962 Sed
954 2898 1020 2962 ium
1044 2895 1262 2982 intellegimus
1281 2896 1364 2962 unde
1383 2896 1449 2982 epi·

263 3010 401 3073 tomotor
430 3008 536 3069 noster
563 3004 580 3078 ή
604 3001 665 3067 άνά
689 3000 828 3082 στέρησις
852 3002 1043 3088 adripuerit,
1068 3008 1100 3069 et
1122 3023 1219 3088 quom
1242 3003 1378 3070 molesto
1399 3023 1449 3069 res

264 3119 360 3189 esset,
385 3109 413 3176 si
436 3113 581 3177 veterum
605 3109 643 3175 de
666 3110 878 3197 grammatica
900 3111 1063 3195 opiniones
1085 3109 1153 3176 sive
1175 3130 1268 3176 verse
1290 3109 1367 3177 illue
1386 3113 1451 3177 sint

263 3221 332 3286 sire
366 3217 464 3284 fnisse
501 3237 540 3282 ex
577 3221 644 3282 tum
676 3217 773 3283 aridis
803 3217 944 3284 sontibus
975 3237 1085 3284 omnes
1115 3218 1207 3284 nobis
1236 3223 1340 3285 essent
1369 3218 1451 3285 hou·

261 3324 399 3392 riendoe.
765 3319 768 3328 ¹

308 3538 352 3622 β,
376 3533 430 3604 93.
457 3536 475 3611 ή
499 3533 530 3600 δὲ
555 3533 739 3622 (Penelope)
763 3533 846 3601 δθλον
868 3534 950 3602 τάνδ’
968 3533 1064 3601 ἄλλον
1086 3535 1126 3602 ἐνὶ
1146 3536 1237 3619 φρεσὶ
1257 3537 1451 3620 μερμήριξεν.

264 3648 315 3715 dd
346 3645 432 3710 hune
462 3663 592 3710 versum
626 3641 776 3708 Scholion
807 3647 855 3708 est
885 3642 919 3708 in
949 3643 988 3708 M
1015 3650 1048 3709 et
1071 3642 1093 3708 S
1115 3644 1185 3728 (cfr.
1208 3643 1304 3711 Dind.
1329 3651 1395 3712 not.
1419 3652 1453 3714 et

266 3751 369 3819 Praei.
395 3772 425 3837 p.
451 3749 564 3838 an1):
589 3749 788 3830 ἐμφαντικῶς
812 3750 847 3815 τὸ
871 3745 981 3827 ὅλον,
1007 3751 1044 3822 ὥς
1070 3749 1123 3815 καὶ
1148 3749 1191 3816 τά
1215 3758 1322 3833 πρῶτα
1346 3753 1452 3826 δολίως

265 3857 435 3932 άπατάσιις
467 3853 588 3926 αὐτούς.
636 3853 800 3940 Oppositio
830 3859 867 3920 ut
898 3855 1118 3944 intellegetur,
1152 3857 1354 3925 scribendum
1386 3864 1452 3926 est:

267 3969 464 4049 ἐμφαντικῶς
496 3963 531 4028 τὸ
565 3957 739 4039 ,άλλον’,
772 3963 810 4033 cic
841 3961 893 4027 eat
917 3961 968 4028 τά
992 3968 1127 4046 πρῶτα
1152 3963 1256 4038 δολίως
1280 3965 1452 4044 άπατιθσιρς

267 4070 389 4144 αὐτούς.

268 4229 437 4246 ,-

304 4339 333 4407 1)
352 4340 391 4388 Itn
408 4337 472 4388 enim
488 4333 635 4395 θνήκοιιστος
652 4336 714 4386 foret
730 4330 865 4396 άκουσπθς,
884 4335 985 4398 ἀνηλεής
1003 4334 1124 4402 ἔλιήμιιν,
1140 4343 1202 4408 quod
1219 4343 1273 4408 quie
1289 4343 1457 4397 Herodiennm

271 4423 349 4474 dicere
370 4423 466 4471 credet?
488 4421 548 4469 linus
565 4419 594 4470 de
611 4417 648 4468 hir
665 4418 748 4470 formio
765 4419 895 4486 disputavit
909 4422 1040 4474 Iobeekius
1056 4425 1086 4474 od
1103 4425 1195 4489 Plu-yn.
1213 4425 1238 4478 in
1257 4427 1416 4491 Purergorunr
1433 4445 1454 4478 c.

274 4507 322 4556 lVr
345 4505 373 4554 de
390 4501 548 4556 Productione
564 4501 681 4553 vocalium
698 4501 724 4554 iu
740 4501 907 4556 voerbuomn
923 4507 1093 4566 commineris,
1112 4510 1123 4572 ς
1140 4509 1155 4556 8
1173 4523 1196 4580 p.
1215 4507 1264 4560 710
1281 4526 1344 4580 seqq.
