3330 5144
774 377 838 445 231

209 569 243 632 in
267 567 405 656 singulis
428 569 588 636 restitutio
611 579 669 636 est.
693 571 835 635 Adscitis
859 565 1014 633 Dindorfii
1036 569 1221 634 certissimis
1238 565 1401 635 correctio·

208 675 303 740 nibus
325 677 545 742 constituenda
567 683 642 741 sunt
673 679 707 741 in
737 676 822 741 hunc
846 673 998 740 modum:
1023 675 1155 715 “m
1178 673 1336 748 Μενέλαος
1362 674 1399 740 δέ

210 783 309 860 ,πολὺ
341 781 367 847 δ’
398 781 552 862 ἀβροτθυη
583 781 671 858 δῆλος
704 783 847 861 θράσθαι,
879 787 952 845 τῶν
981 781 1183 846 Τανταλιδῶν
1208 781 1241 860 ἐξ
1265 780 1398 859 αἵματος

208 887 274 952 ἀν.”
298 889 330 952 οὐ
354 889 414 966 ριθην
438 889 493 962 τήν
518 893 636 966 γετοῦ
661 887 833 960 Ὀδυσσέως
857 887 970 962 οἴκησιν
994 889 1133 964 οὐδαμῶς
1162 889 1362 976 τοιαύτην
1386 891 1400 955 θ

208 995 404 1079 (ποιητὴς)
429 993 701 1082 ἀν(έπλασεν),
727 993 820 1060 ἀλλ’
844 995 892 1064 ὥς
913 992 951 1058 ἀν
971 995 1106 1075 ἀσφαλῆ
1127 995 1283 1069 πεποίηκε
1303 995 1398 1082 (καὶ)

208 1100 280 1178 πρὸς
313 1100 389 1165 atet
420 1106 507 1167 τοῦτο
538 1099 855 1181 παρεσκευασμένην.
880 1099 966 1179 λέγει
992 1101 1055 1180 γάρ
1075 1098 1188 1173 οὕτως·
1213 1099 1269 1180 ,ἐξ
1293 1101 1397 1183 έτέραν

208 1203 312 1292 (ἕτερ’)
342 1207 443 1284 έστθν,
478 1207 650 1280 ἐπήσκηται
681 1206 712 1272 δέ
746 1207 771 1272 ci
803 1209 884 1281 αθλθ
915 1207 930 1286 ΙΙ
965 1208 1059 1289 τοίχῳ
1084 1207 1136 1272 καὶ
1160 1207 1315 1289 τρέγχοισι
1342 1211 1399 1294 (sio

210 1313 279 1378 cod.
308 1333 366 1398 pro
396 1315 566 1398 θριγκοῖσι),
598 1313 682 1393 θθραι
717 1315 744 1378 δ’
769 1313 931 1400 soleratas)
956 1314 1031 1379 sicia
1065 1327 1082 1399 Η
1117 1311 1259 1386 δικλθδες.
1284 1315 1337 1379 οὐκ
1360 1313 1398 1380 ἀν

209 1421 256 1490 τθς
289 1443 342 1496 μιν
373 1421 446 1501 ἀνηρ
470 1419 809 1500 ὑπεροπλίσσαιτο.”
837 1421 864 1505 (ρ
890 1417 982 1507 266.)
1008 1419 1107 1486 δεῖδὲ
1130 1425 1183 1486 τοῦ
1208 1426 1331 1495 ποιητοῦ
1356 1421 1398 1486 τά

209 1527 264 1604 μέν
296 1529 334 1598 ἀς
367 1526 630 1605 συμβουλεύοντος
661 1530 714 1593 καὶ
746 1533 963 1610 παραινοῦντος
986 1527 1213 1608 ἀποδέχεσθαι,
1238 1529 1279 1594 τά
1304 1529 1335 1595 δέ
1360 1531 1398 1602 ἀς

210 1631 411 1710 ἐξηγουμένου
447 1633 551 1711 μόνον,
588 1632 677 1699 ἀλλα
708 1635 739 1699 δέ
771 1636 809 1707 ἀς
842 1633 1030 1714 ὀνειδίζοντος
1063 1633 1115 1698 καὶ
1147 1643 1397 1712 καταγελῶντος.

210 1737 419 1826 Singulorum
451 1743 680 1806 correctionum
712 1742 849 1806 rationes
872 1739 1001 1807 reddere
1026 1741 1081 1808 vix
1105 1743 1317 1806 necessarium
1341 1763 1397 1827 pu-

209 1853 292 1930 tem,
318 1847 396 1911 adeo
419 1853 529 1932 sponte
552 1847 796 1933 perspiciuntur.
824 1849 914 1928 Quod
937 1869 1007 1914 ac.
1033 1867 1089 1934 pro
1117 1851 1169 1913 τοῦ
1194 1849 1397 1914 Τανταλιδῶν

208 1953 319 2036 scripsi
342 1956 401 2016 τῶν
423 1956 494 2040 quis
518 1953 704 2032 mirabitur,
730 1975 804 2020 oum
827 1954 935 2020 videat
958 1956 991 2018 in
1015 1973 1051 2020 eo
1073 1956 1142 2040 ipso
1169 1953 1289 2021 Orestis
1315 1954 1396 2034 loco,

208 2077 303 2142 quem
337 2059 455 2125 indicat
486 2057 686 2145 Diodortius,
717 2067 837 2126 rectam
869 2063 1059 2146 scripturam
1091 2066 1215 2140 extare,
1245 2062 1313 2128 siue
1336 2082 1399 2147 qua
1501 2125 1503 2132 ,

209 2165 399 2231 sententiam
422 2187 514 2233 ruere
537 2169 750 2232 certissimum
775 2163 844 2233 est?

474 2274 527 2339 xci
552 2274 787 2352 pientissimis
812 2267 861 2338 tte
886 2253 921 2348 δθη
945 2273 1083 2358 στείχει,
1152 2259 1164 2270 ’

479 2379 636 2454 Μενέλαος
661 2379 761 2465 ἀναξ,
784 2382 863 2447 πολὺ
887 2379 914 2445 δ’
938 2379 1090 2462 ἀβροσθνη

478 2487 567 2563 δῆλος
591 2488 716 2566 θράσθαι

480 2601 537 2660 τῶν
561 2594 763 2661 Τανταλιδῶν
786 2593 821 2671 ἐξ
844 2591 977 2672 αθριατος
1001 2594 1049 2660 ἀν.

207 2698 400 2764 ’λνέπλασεν
446 2701 529 2786 quod
571 2701 809 2790 redintegrari,
854 2701 975 2789 legitur
1017 2705 1049 2766 et
1093 2700 1177 2786 apud
1218 2699 1395 2768 bacinnum

206 2803 330 2890 (Somn.
360 2807 449 2892 §4):
479 2807 570 2874 θπθτε
602 2808 666 2889 γάρ
690 2809 836 2890 ἀφεθείην
859 2808 916 2873 θπδ
941 2814 1000 2872 τῶν
1023 2805 1229 2884 διδασκάλοιν,
1256 2807 1393 2888 ἀποξέων

205 2911 245 2980 ἀν
279 2913 329 2977 τὸν
365 2916 450 2994 κηρδν
481 2914 498 2989 ἢ
530 2913 609 2992 βόας
643 2914 659 2990 ἣ
692 2914 744 2980 κα)
780 2915 814 2988 aia
846 2915 897 2979 Δί’
920 2913 1089 2993 ἀνθρώπους
1113 2912 1392 2994 ἀνέπλαττον,

207 3017 328 3092 clatros
359 3020 548 3106 (admodum
581 3020 806 3086 verosimiliter
835 3019 1055 3085 Hartmannus
1078 3018 1247 3106 εἰκότας),
1271 3023 1309 3095 ἀς
1334 3021 1396 3088 έδθ-

207 3149 275 3191 κουν
310 3128 351 3220 τῷ
387 3129 483 3206 πατρί
490 3177 498 3202 ,
529 3133 562 3192 et
592 3130 625 3191 in
658 3127 759 3192 simili
787 3149 821 3192 re
844 3127 929 3213 apud
951 3147 1212 3213 unumquemque
1235 3135 1396 3195 auctorem
1454 3163 1458 3172 ·

104 3292 114 3314 ,
207 3229 375 3298 Graecum.
422 3231 564 3299 Tandem
598 3253 638 3298 ne
674 3234 745 3318 quis
781 3235 916 3299 miretur
949 3233 988 3298 de
1022 3234 1117 3299 domo
1148 3234 1211 3300 diei
1238 3237 1394 3316 ἀσφαλῆ,

206 3341 346 3406 conlerat
375 3339 519 3406 notulam
543 3361 581 3406 ex
605 3337 753 3428 Vulgatis
777 3339 830 3426 (V)
854 3340 893 3406 ad
917 3339 990 3406 illos
1021 3343 1106 3426 ipsos
1135 3343 1191 3425 qui
1217 3345 1396 3408 excitantur

206 3467 334 3512 versus:
365 3447 516 3526 εθερκέεςτ
546 3447 717 3530 ἀσφαλεῖς.
752 3447 777 3512 εἰ
809 3445 840 3511 δέ
863 3446 1022 3526 εὐεργέες,
1048 3453 1148 3519 καλῶς
1181 3448 1395 3527 εἰργασμέναι.

206 3553 259 3618 Ad
289 3555 479 3619 sententiam
511 3554 735 3639 disputationis
769 3553 853 3638 quod
877 3555 1006 3637 attinet,
1032 3575 1069 3620 oa
1091 3574 1214 3640 quoque
1234 3558 1268 3620 in
1290 3558 1396 3640 aprico

206 3666 273 3736 est,
308 3680 410 3745 neque
445 3661 552 3724 miuus
583 3665 730 3745 apertum
761 3661 893 3724 initium
924 3659 1041 3726 dedisse.
1088 3659 1206 3726 Nullus
1228 3664 1314 3726 enim
1339 3662 1397 3727 du·

206 3765 273 3830 bito
315 3768 392 3851 quin
435 3766 513 3832 haec
552 3765 731 3854 Porphyrio
776 3766 965 3844 debeamus,
1006 3766 1184 3831 θνστιιτικοῦ
1227 3766 1393 3834 cuiusdam

206 3875 442 3940 criminationes
476 3872 638 3940 referentis
673 3881 705 3940 et
740 3881 776 3938 ut
810 3875 915 3958 potuit
943 3871 1107 3938 elevantis.
1153 3871 1260 3939 Homo
1290 3877 1395 3940 nescio

206 3980 278 4062 quis
319 3979 497 4048 Stoicorum
533 3979 618 4045 fastu
651 3986 683 4046 et
717 3981 899 4066 arrogantia
931 3978 1112 4044 Homerum
1154 3979 1394 4070 obimgaverat,

204 4085 290 4169 quod
324 4086 404 4152 luxu
438 4085 579 4153 Menelai
611 4087 724 4153 domus
755 4079 912 4153 laudando
944 4092 1038 4173 atque
1060 4087 1239 4153 extollendo
1262 4088 1395 4154 lectores

205 4213 224 4258 a
247 4196 376 4260 virtutis
397 4195 526 4259 tramite
550 4201 695 4260 avocaret
717 4192 857 4272 scilicet,
881 4191 988 4280 quales
1011 4192 1186 4281 aretalogos
1214 4193 1393 4281 complures

206 4321 245 4366 ax
271 4300 455 4385 Athenaeo,
487 4298 658 4377 Strabone,
684 4299 857 4366 Plutarcho
888 4301 1124 4388 cognoscimus,
1155 4321 1291 4385 quorum
1314 4321 1393 4367 non·

208 4407 370 4474 nullorum
394 4411 565 4474 sententias
588 4409 736 4493 apposuit
758 4407 908 4472 Lehrsius
932 4410 965 4471 in
989 4407 1184 4474 Aristarcho.
1216 4405 1397 4492 Respondet

207 4513 423 4602 Porphyrius,
460 4535 521 4581 non
556 4517 675 4578 mirum
707 4535 773 4578 esse
804 4516 832 4579 si
858 4513 1020 4580 Homerus
1049 4516 1083 4576 in
1117 4513 1243 4579 'I'anteli
1273 4525 1398 4598 postero
