3330 5144
846 257 909 332 res
956 355 960 364 .

281 473 383 520 errore
418 451 458 517 ad
491 448 593 532 Φρθνιυ
623 448 780 528 traheret,
812 470 896 514 nunc
926 447 1113 528 κοιτοθφρονιν
1145 451 1169 514 i.
1181 470 1212 534 q.
1242 444 1473 528 καταφρόνησιν

281 563 407 646 poetam
439 558 556 624 dixisse
587 557 649 622 sibi
680 558 846 641 persuasit.
896 555 979 622 Vera
1009 558 1227 642 interpretatio
1251 556 1382 622 fortasse
1406 552 1473 618 He·

281 667 447 732 rodianum
470 664 567 730 habet
589 667 768 748 auctorem,
793 664 821 726 si
845 661 1040 750 thmologo
1067 662 1187 750 Magno
1218 661 1295 728 fides
1327 660 1474 726 habenda

281 780 330 839 est
359 775 406 838 ita
435 772 598 836 scribenti:
633 769 790 846 Φρθνιςῑ
822 765 959 849 Ὀμηρος
993 769 1099 846 „tarci
1130 768 1232 848 Φρθνιν
1264 769 1370 845 ῆροογε
1395 781 1473 832 σολ-

281 879 377 954 λῆν”;
406 878 487 942 -θ
519 877 577 952 μὲν
608 875 785 952 Ἡρωδιανὸς
810 877 896 953 τυροὶ
920 878 976 948 τῆν
998 876 1160 960 Φρθνησιν,
1184 877 1270 940 κοντοὶ
1293 876 1473 952 συγκοτῆν·

281 987 295 1054 θ
329 986 360 1051 δὲ
386 981 511 1063 Ὦρος·
535 983 569 1047 ἐκ
592 990 647 1057 τῆς
672 982 771 1062 φρθν,
797 982 922 1063 Φρσνθς,
947 991 1069 1059 γενικῆς
1093 983 1215 1060 γθνετοιι
1240 981 1351 1062 Φρθνις.
1400 980 1474 1046 Niti

279 1101 387 1160 autem
417 1091 478 1157 hoc
508 1089 682 1156 admodum
713 1087 841 1154 infirmo
872 1090 1004 1155 tibicine
1027 1088 1113 1155 ultro
1136 1088 1289 1164 concedo,
1312 1091 1421 1172 itaque
1445 1090 1474 1150 si

279 1203 350 1286 quis
374 1197 469 1264 malit
490 1198 550 1264 hoc
573 1216 635 1261 non
660 1194 785 1262 credere
808 1217 843 1260 ac
867 1198 973 1282 potius
997 1199 1129 1262 sanioris
1152 1194 1359 1262 enarrationis
1381 1192 1471 1258 Aris-

275 1306 424 1374 tarchum
458 1305 572 1370 habere
602 1307 785 1388 parentem,
817 1304 908 1368 cuiue
939 1305 1130 1368 sententiam
1159 1301 1361 1368 Herodianus
1393 1319 1471 1385 qua·

277 1434 401 1501 cunque
425 1411 554 1508 taudem
578 1411 617 1476 de
641 1430 735 1476 causa
758 1409 919 1494 retulerit,
943 1430 1005 1476 non
1023 1410 1221 1498 repugnabo.

325 1623 359 1700 δ,
394 1621 472 1690 744.
502 1623 519 1698 ῆ
550 1621 588 1688 ἔοι
612 1623 642 1687 ἐν
667 1621 812 1703 μεγάρῳε
837 1622 915 1694 τινὲς
939 1621 1101 1688 δασύνουσι
1125 1622 1160 1687 τὸ
1186 1621 1204 1697 ii
1227 1623 1264 1696 ὡς
1290 1619 1410 1702 ἄρθρον,
1433 1621 1470 1687 τθ

253 1729 311 1794 ’δὲ
346 1729 384 1793 ἔοι
418 1729 531 1814 [ῥῆμοο]
566 1730 684 1808 πρώτου
715 1729 872 1807 τροσιθσον
902 1729 1019 1810 φυσθν,
1051 1725 1087 1793 ἵν’
1118 1726 1153 1810 ἦ,
1180 1727 1244 1804 ῆτις
1269 1727 1350 1806 ῆμην
1374 1731 1403 1793 ἐν
1427 1731 1470 1809 τῷ

279 1834 418 1915 μεγάρῳ.
444 1833 537 1922 (PQ.)
561 1835 619 1902 liet
641 1834 782 1902 scholion
806 1855 846 1900 ex
869 1833 1049 1902 Herodiano
1074 1843 1276 1921 excerptum,
1299 1838 1333 1900 in
1357 1856 1419 1921 quo
1439 1842 1472 1902 et

281 1943 568 2028 interpunctionem
602 1933 740 2024 mutari,
776 1979 818 1990 -
848 1941 932 2026 apud
963 1939 1179 2014 Dindortium,
1211 1945 1302 2028 quasi
1326 1941 1473 2008 absoluta

282 2048 457 2132 sententia,
488 2053 642 2133 punctum
675 2054 742 2112 erat
771 2053 842 2133 post
871 2046 989 2128 ἄρθρον,
1015 2085 1057 2098 -
1081 2055 1114 2114 et
1136 2051 1220 2129 ρ’ῆμσι
1244 2048 1473 2116 secludendum

280 2155 397 2221 indico.
444 2153 683 2222 Observandum
715 2159 893 2239 praeterea,
924 2152 1025 2235 ἄρθρον
1057 2154 1163 2222 valere
1192 2178 1354 2239 pronomen
1389 2157 1471 2220 reta-

282 2262 383 2327 tienne

326 2471 358 2550 t,
386 2469 463 2539 754.
489 2468 608 2537 Suadet
631 2469 790 2558 Euryclea
812 2471 1003 2558 Penelopae,
1026 2493 1066 2539 ne
1091 2471 1213 2540 hairtin
1232 2474 1391 2540 auxilium
1410 2475 1472 2540 irn-

278 2577 391 2665 ploret.
438 2578 526 2652 Μηδὲ
554 2577 684 2657 γέροντο
709 2577 803 2643 κθκου
828 2577 1046 2656 κεκακωμένον.
1094 2578 1179 2650 Nem
1202 2581 1308 2648 iudice
1332 2581 1470 2668 quodam

279 2705 318 2750 ex
350 2703 465 2772 genere
497 2685 556 2747 τῶν
586 2689 717 2748 λυρικῶν
740 2684 773 2748 iu
797 2684 841 2750 ll:
865 2687 898 2750 οὐ
922 2687 1002 2750 θέλει
1027 2685 1040 2750 θ
1063 2683 1199 2766 Ὅμηρος
1224 2693 1357 2763 μηνῡσιιι
1381 2691 1470 2753 τοῦτο

278 2794 320 2872 τῷ
354 2791 477 2872 Λοιέρτη
506 2792 544 2862 ὥς
568 2789 631 2854 cirri
654 2796 710 2864 τῆς
735 2789 928 2866 Πηνελθσης.
952 2793 968 2868 ῆ
993 2792 1056 2871 γὰρ
1080 2794 1114 2858 οὐ
1138 2794 1233 2859 cette
1257 2797 1326 2870 τοὺς
1352 2796 1467 2872 Ἰθοικη-

277 2899 377 2976 σθους,
402 2897 453 2962 καὶ
478 2895 543 2961 ἔστι
568 2897 713 2976 δυσχερὲς
739 2899 822 2978 αὐτῷ
846 2899 890 2976 μῆ
915 2921 979 2969 τινος·
1002 2899 1176 2977 precaveat
1198 2902 1314 2978 οθτῆν·
1335 2903 1352 2978 ῆ
1373 2904 1470 2968 telier

278 3005 390 3075 αὐτοὺς
414 3004 467 3068 aui
493 3003 640 3069 κωλύουσι
664 3005 735 3076 τοὺς
758 3015 957 3084 μνηστῆρος,
981 3006 1033 3070 acri
1057 3012 1148 3072 τοῦτο
1178 3008 1255 3072 cirri
1283 3009 1471 3089 ἱστορίαι

279 3113 346 3178 οὐκ
378 3108 465 3175 ἔστι
499 3113 541 3191 τῷ
574 3112 709 3192 Ὀμῆρῳ.
742 3112 767 3175 εἰ
802 3111 865 3192 γὰρ
893 3113 1129 3188 συνεστάλησαν
1153 3115 1178 3177 ον’
1202 3125 1390 3195 μνηστῆρες,
1417 3118 1471 3182 οὐκ

278 3217 315 3284 ἂν
344 3216 595 3292 ἀπεκτάνθησαν.
641 3217 744 3284 Locus
775 3238 838 3283 non
871 3219 991 3304 optime
1020 3221 1158 3307 scriptus
1189 3221 1281 3306 plane
1311 3243 1374 3288 non
1404 3244 1473 3308 per·

259 3327 447 3411 ¹spicietur‚
473 3362 512 3374 -
539 3325 615 3410 quid
647 3327 733 3390 enim
764 3325 827 3389 eibi
857 3323 951 3390 velit:
983 3327 1063 3403 „hoc
1090 3328 1219 3412 quidem
1244 3328 1384 3396 Homero
1409 3350 1471 3395 non

277 3453 316 3498 ex
347 3433 482 3497 historia
509 3430 583 3514 eat”,
607 3451 669 3497 non
692 3431 804 3516 video,
828 3436 861 3496 et
885 3431 968 3516 quod
991 3433 1122 3499 obscure
1145 3433 1324 3522 significare
1344 3437 1473 3503 videtur

278 3559 352 3604 curn
381 3535 444 3602 loci
466 3538 623 3602 sententia
646 3542 786 3624 pugnat,
812 3557 892 3622 quae
916 3544 1023 3621 aperte
1047 3546 1226 3605 contrarium
1251 3544 1401 3626 requirit,
1427 3579 1470 3592 —

279 3646 375 3711 donec
398 3643 692 3709 emendaverimus:
717 3643 768 3708 κιιὶ
795 3648 884 3708 τοῦτο
908 3644 986 3708 cirri
1012 3645 1092 3730 (velt
1117 3645 1207 3720 ἄνευ)
1224 3649 1358 3728 ἱστορθνις
1373 3651 1471 3734 [οὐκ]

280 3752 344 3816 ἐστὶ
381 3751 424 3828 τῷ
467 3751 603 3829 Ὁμήρῳ.
650 3749 721 3815 Hoc
755 3749 891 3816 Homeri
925 3754 1097 3817 narrationi
1128 3754 1252 3839 obesse,
1286 3759 1471 3822 institutum

277 3858 465 3926 narrationis
495 3854 586 3920 filum
619 3855 747 3922 turbare
778 3857 914 3922 videtur.
963 3855 1155 3943 Saepissime
1179 3865 1255 3926 talia
1278 3862 1398 3928 iactent
1419 3884 1470 3928 re·

277 3966 431 4030 cautiores
461 3964 665 4048 interpretes,
697 3961 875 4028 Homerum
906 3964 966 4030 hoc
990 3962 1042 4030 vel
1065 3964 1149 4030 illud
1173 3973 1226 4032 ant
1251 3989 1393 4035 narrasse
1415 3975 1472 4034 ant

276 4071 404 4138 tinxisse
432 4075 489 4134 ant
519 4068 681 4147 omisisse,
715 4065 764 4133 tta
788 4071 831 4146 μῆ
856 4071 931 4150 λυθῇ
956 4072 998 4136 τὰ
1022 4077 1078 4144 τῆς
1104 4073 1285 4146 ὑποθέσεως.
1311 4077 1402 4142 cuins
1424 4078 1471 4140 rei

277 4175 462 4263 exemplum
496 4182 528 4241 et
562 4196 658 4261 supra
689 4173 785 4241 aliam
819 4176 860 4241 ob
888 4196 1016 4242 causam
1048 4181 1114 4244 iam
1147 4184 1352 4266 apposuimus
1382 4185 1471 4248 etin

276 4285 479 4370 sequentibus
502 4280 644 4367 plurima
664 4281 772 4348 ordine
792 4289 957 4367 ponentur.
984 4283 1033 4349 Ad
1053 4286 1225 4352 dictionem
1246 4290 1308 4353 οὶσὸ
1330 4289 1381 4355 vel
1405 4288 1468 4356 θπο

276 4393 408 4470 ἱστορίας
441 4387 524 4474 quod
557 4390 690 4461 attinet.
722 4409 760 4454 ea
785 4389 1018 4458 eiusdemmodi
1042 4397 1090 4456 est
1114 4399 1208 4478 atque
1232 4392 1294 4460 ἄπο
1323 4393 1468 4476 γνώμης,
