3242 5140
839 321 905 394 420

280 529 349 584 art.
375 519 441 587 sine
464 519 699 604 perspicuitatis
722 517 913 586 detrimento
938 517 1053 586 dissiii
1069 521 1207 603 possunt.
1257 515 1412 587 thostrrr
1434 517 1466 582 iu
1575 584 1576 602 p

278 623 482 692 Ambrosiam
516 623 691 710 exemplari
721 624 798 690 haec
820 623 918 689 verba
942 626 1095 711 (περιττὸν
1116 626 1151 690 ri
1175 624 1320 710 προτέρω)
1342 631 1466 709 propter

277 729 383 796 simile
418 751 489 796 cum
523 733 667 818 sequenti
701 735 974 814 περιπισνηέὲντος
1005 730 1134 797 initium
1159 749 1178 798 a
1201 730 1304 800 scribo
1325 733 1463 818 primum

278 822 396 904 omissa
419 857 501 917 esse,
526 837 655 910 deiude.
681 845 719 907 ut
742 835 794 924 fic,
818 837 852 905 in
872 839 1022 924 margins.
1038 840 1192 909 exteriore
1211 836 1373 908 retectam
1385 840 1465 905 inter

276 941 376 1008 linens
411 942 574 1028 suppleta,
606 943 693 1008 uude
723 946 859 1029 primam
892 942 1036 1009 divulsae
1067 942 1279 1010 adnotationis
1310 947 1466 1031 originem

277 1069 466 1136 censumque
491 1057 607 1136 repeto.
646 1049 815 1119 Praeterea
836 1052 1069 1136 quoninmnreir¹
1086 1049 1123 1119 ,δέ
1147 1051 1221 1117 εἰσιν
1238 1045 1341 1124 ‚circu
1366 1051 1382 1124 ἢ
1408 1054 1464 1120 τοῦ

275 1159 414 1235 κεέμενοιι
437 1156 621 1242 planissimo
644 1157 731 1224 idem
754 1163 820 1242 ost,
844 1160 956 1242 scripsi
976 1157 1055 1240 τένες
1078 1156 1110 1222 δέ
1129 1159 1208 1226 εἰσιν
1224 1153 1330 1222 οὗτοι.
1354 1156 1465 1242 Neque

274 1267 404 1329 uomina
426 1262 567 1332 locorum
593 1263 696 1329 dicere
718 1263 833 1331 habuit
857 1262 1021 1330 Ulixas-
1034 1265 1140 1349 inquit
1165 1259 1464 1350 (transumit-

274 1390 375 1458 neque
398 1390 460 1456 qua
483 1372 612 1458 regione
635 1372 698 1436 sita
719 1370 784 1436 sint
807 1370 955 1440 indicare.

319 1607 355 1663 κ,
382 1577 414 1648 3.
439 1582 467 1648 E
490 1578 645 1649 contrario
669 1585 726 1647 ποῦ
749 1581 982 1648 restituendum
1006 1587 1057 1650 est
1078 1584 1112 1648 iu
1134 1587 1209 1648 nota
1232 1581 1273 1650 nd
1293 1593 1401 1664 προσῇ
1422 1582 1463 1650 tet

273 1689 368 1770 νήσῳ,
400 1708 481 1775 quae
512 1708 550 1754 ex
583 1687 609 1753 Τ
641 1687 775 1774 prodiit:
807 1690 831 1752 ci
857 1688 913 1764 μὲν
936 1689 1068 1766 μυθικῶς
1091 1688 1246 1756 ἑπέδοσοον
1270 1689 1314 1756 τὸ
1337 1689 1466 1757 έπιπλέ-

274 1819 366 1859 ονσμν
396 1804 434 1876 τῇ
467 1794 627 1878 έμλοέσση·
659 1795 712 1859 καὶ
744 1793 814 1868 icccc
839 1795 1059 1880 τερατεύεται,
1081 1792 1138 1860 isca
1154 1797 1197 1872 μέν
1221 1793 1361 1876 ζητῶμεν
1383 1802 1463 1871 πῶς

274 1910 386 1966 cairan.
420 1901 446 1966 ci
479 1900 509 1966 δὲ
535 1901 703 1978 πλεομένην
727 1901 779 1966 eci
804 1901 835 1965 έν
858 1910 992 1976 πλωτοῖς
1016 1897 1109 1968 οὖσοιν
1131 1901 1246 1974 πέπονι.
1294 1902 1463 1988 Perspicua

272 2007 445 2096 legendum
480 2014 545 2074 est:
576 2005 626 2090 ένοο
656 2008 701 2084 μη
735 2005 872 2088 ζητῶμεν
903 2011 976 2073 ποῦ
1008 2015 1128 2094 κεΐτιιι,
1159 2014 1192 2074 et
1214 2007 1370 2076 οέπέδοσοιν
1394 2009 1462 2083 την

273 2115 480 2180 έπιπλέονσοιν
504 2123 542 2196 τῇ
569 2115 719 2195 caturca.

317 2219 437 2289 Eodem
470 2227 544 2288 suut
575 2223 610 2286 in
639 2219 807 2302 HMQTV,
841 2221 896 2286 se'd
918 2221 1024 2288 multo
1048 2227 1080 2287 et
1103 2220 1310 2308 explicatiores
1332 2228 1366 2290 st
1387 2222 1462 2288 ube·

273 2326 374 2394 riom:
408 2327 473 2394 ένιοι
508 2329 566 2408 μέν
596 2329 651 2401 ricc
684 2329 698 2392 ε’
706 2327 903 2407 μπνεομένην
911 2375 920 2406 ,
944 2322 1003 2394 οέον
1025 2329 1078 2404 τέρν
1103 2331 1133 2396 έν
1158 2329 1335 2405 aasentias
1359 2328 1463 2404 τόποις

271 2435 410 2514 κειμένην
446 2445 550 2512 νῆσον,
586 2435 603 2511 ἢ
641 2436 887 2508 ε’πιέετικῶς
923 2434 1041 2513 λέγει
1078 2437 1150 2510 τὴν
1183 2435 1367 2500 Αἷσλέμν.
1392 2437 1406 2502 d
1430 2436 1462 2502 δέ

271 2547 474 2624 Ἀρίσταρχος
509 2552 616 2625 πλωτῇ
648 2541 716 2606 ciani
748 2547 801 2608 τοῦ
825 2550 961 2626 φορητῇ,
985 2537 1043 2608 οἷον
1067 2541 1303 2626 περιφερομένη,
1326 2545 1364 2616 ὡς
1387 2543 1461 2611 κοτέ

271 2651 328 2729 μέν
351 2651 381 2715 έν
406 2656 468 2721 τοῖς
493 2646 600 2724 δεξιοῖς
624 2647 749 2728 μέρεσι,
774 2649 849 2714 ποτέ
872 2649 903 2713 δέ
928 2649 958 2712 εἰν
979 2657 1042 2722 τοῖς
1063 2650 1228 2731 ἀριστεροῖς
1249 2643 1462 2728 ὂροῖσέοιι,οιόν

272 2757 307 2831 δή
333 2781 361 2821 τι
386 2757 438 2821 κοιέ
464 2756 530 2834 περὶ
555 2759 610 2828 την
636 2764 737 2830 Δῆλον
761 2756 874 2834 ἱστορεῖ
898 2756 1054 2835 Πένδοιρορ.
1101 2755 1172 2820 Iam
1198 2757 1337 2840 primum
1361 2759 1395 2820 in
1411 2756 1462 2821 his

271 2864 380 2928 minus
409 2869 532 2928 rectum
556 2859 683 2928 videtur
707 2859 950 2942 ἐμπλεομένηνε
976 2862 1148 2946 requiritur
1171 2862 1259 2928 notio
1282 2863 1351 2928 eins
1374 2865 1461 2928 insu«

270 2968 339 3044 iae,
374 2967 426 3034 cui
460 2967 639 3054 navigando
673 2967 924 3054 adpropinquare
955 2965 1049 3038 iicet,
1079 2965 1164 3051 quod
1197 2973 1230 3032 at
1260 2987 1298 3034 ex
1332 2971 1462 3036 caeteris

272 3075 314 3144 ad
342 3089 449 3142 nostra
478 3075 574 3141 verba
604 3073 732 3140 scholiis
762 3081 909 3160 apparat,
943 3075 990 3159 (in
1020 3074 1136 3141 iisdem
1168 3075 1329 3142 codicibus
1351 3077 1462 3145 sorim

272 3184 431 3270 sequitur:
456 3181 485 3246 έν
511 3181 541 3246 δέ
565 3178 665 3264 ἄλλοι,
691 3217 727 3230 ι·
758 3183 779 3244 i.
805 3201 833 3244 e.
858 3179 1033 3256 ἄλλοιςμ-
1057 3183 1377 3262 προσπλεσμένη
1401 3181 1459 3248 ὑπ’

271 3275 492 3368 ἀνθρώπων,
519 3289 536 3362 ἦ
560 3287 777 3370 περιφερομένη
802 3287 860 3352 ὑπὸ
885 3295 939 3362 τοῖς
964 3289 1152 3368 intricant),
1185 3297 1218 3356 oi
1239 3309 1279 3354 ex
1302 3291 1344 3356 iis
1367 3289 1461 3374 ipsis,

272 3417 352 3482 quae
383 3403 454 3482 post
482 3395 694 3476 έμπιιεομένην
728 3394 957 3479 interpretandi
987 3414 1081 3462 causa
1109 3403 1303 3481 sequuntur:
1327 3391 1384 3462 οἷον
1407 3401 1462 3470 σὺν

272 3504 303 3570 έν
337 3503 513 3579 πλεομένοιρ
548 3502 651 3573 τόποις
683 3502 823 3578 κειμένην
858 3511 956 3577 νῆσον.
1003 3501 1091 3568 Haeo
1123 3511 1231 3568 autom
1262 3507 1349 3570 notin
1381 3506 1462 3570 inest

272 3613 456 3696 compositis
491 3607 768 3688 apostatantium
803 3612 835 3672 et
871 3607 1136 3692 incatenantur,
1168 3629 1303 3694 quorum
1335 3610 1394 3675 hoc
1423 3610 1462 3674 ob

272 3720 427 3784 maiorem
458 3715 625 3784 literarum
656 3713 903 3780 similitudinem
928 3716 1154 3799 rescripserim.
1201 3715 1298 3782 Porro
1322 3735 1378 3782 cur
1402 3715 1461 3785 tis·

272 3827 414 3891 iunctivo
446 3824 463 3900 ἢ
497 3823 671 3894 έπιέετικῶρ
695 3819 783 3900 λέγει
808 3821 863 3894 την
889 3817 1034 3886 dicitius?
1057 3821 1110 3886 Ita
1132 3821 1249 3888 hebent
1270 3820 1304 3888 H
1327 3823 1374 3906 (ei
1392 3819 1462 3906 Μέ)

272 3934 305 3994 in
329 3928 356 3994 V
379 3929 456 3996 haec
480 3926 573 4014 piane
597 3927 730 4004 desunt,
753 3927 788 3990 in
811 3923 866 4006 ΩΤ
890 3935 938 3992 est
964 3929 1000 3994 δέ
1026 3929 1156 4004 inrisa,
1182 3927 1265 4013 quod
1289 3927 1462 3999 adscisccn·

271 4037 364 4114 dum,
397 4035 451 4101 sed
476 4035 581 4100 verbis
605 4031 700 4117 paulo
722 4031 855 4098 meliore
877 4033 986 4100 ordine
1010 4033 1188 4117 collocatis,
1212 4041 1249 4100 ut
1271 4041 1376 4100 toturn
1400 4037 1461 4102 sit:

223 4125 228 4134 ’
272 4139 338 4208 ένιοι
364 4145 420 4220 μὲν
447 4141 501 4216 τέρν
526 4141 848 4220 ε’πιπλεομένην,
870 4133 927 4206 οἷον
952 4143 1007 4215 πέμ
1027 4141 1056 4206 έν
1076 4142 1251 4218 πλεομένοιι
1278 4141 1382 4217 τόποις
1402 4168 1464 4210 κει·

270 4250 362 4328 μένην
388 4257 491 4323 νῆσον·
515 4247 633 4328 λέγει
658 4246 698 4312 δέ
722 4245 967 4324 έπιέετικῶς
990 4250 1045 4324 την
1068 4247 1208 4314 Aietius.

315 4356 373 4422 Est
407 4363 440 4420 et
472 4355 568 4420 tertia
598 4354 637 4418 ad
669 4353 756 4420 idem
785 4353 977 4422 vocabulum
1002 4355 1144 4422 eiusdem
1171 4355 1288 4422 tenoris
1311 4363 1405 4430 nota.
1431 4359 1461 4422 in

272 4485 333 4530 uuo
365 4461 390 4550 Q
422 4467 562 4541 servata,
595 4480 696 4546 neque
728 4461 796 4546 ipsa
824 4461 981 4528 scribendi
1005 4464 1163 4528 erroribus
1189 4481 1295 4528 vacuo.
1318 4463 1458 4538 Ἄννιον.
