3318 5138
775 359 818 431 97

205 549 374 618 Herleiani
406 553 612 628 vitiosissime
644 553 754 638 scripti
788 551 1041 633 emendationes,
1073 559 1124 632 et,
1159 555 1242 640 quod
1272 552 1401 622 rnaioris

204 661 363 724 momenti
395 659 515 738 habeo,
547 661 673 746 insigne
704 659 888 746 exemplum
921 661 1070 744 praebent
1100 661 1258 747 quomodo
1285 662 1399 727 horum

203 763 407 849 longiorum,
439 767 587 851 inprimis
617 765 803 852 Porphyrii,
838 764 1039 831 scholiorum
1067 772 1214 852 excerpts
1249 772 1280 852 et
1310 769 1400 852 qnasi

204 873 339 937 disiecta
369 872 514 937 membre
541 871 698 957 paulatim
720 872 901 956 extiterint,
927 870 1010 937 unde
1032 872 1162 938 habitus
1186 879 1218 938 et
1241 878 1332 938 tenor
1353 872 1402 937 in·

205 983 371 1064 tegrerum
390 977 644 1062 disputationum
664 997 756 1062 saepe
775 977 893 1064 exiguo
905 996 977 1043 cum
990 977 1097 1044 fructu
1107 979 1198 1044 nobis
1209 978 1401 1046 dividendus

206 1083 408 1169 relinquitur.
457 1081 519 1148 Sed
539 1082 578 1148 de
601 1083 651 1148 his
675 1083 768 1149 rebus
792 1102 887 1170 egam
909 1083 1099 1168 explicatius
1121 1086 1154 1150 in
1176 1085 1275 1152 alters
1293 1090 1401 1170 perte,

206 1211 294 1256 nunc
329 1188 458 1278 singule
496 1189 662 1254 Harleieni
702 1191 972 1268 πλημμελήματα
1011 1191 1175 1257 videamus
1216 1213 1256 1256 sn
1294 1212 1403 1258 sanare

205 1299 376 1385 possimus.
416 1297 554 1376 Βαρύτης
590 1296 652 1375 γόορ
676 1333 717 1344 -
742 1298 922 1382 incipit-
948 1296 1096 1378 ὀνειδίζειν
1125 1299 1181 1376 μέν
1215 1291 1401 1380 ίιποίσχει,

206 1404 355 1472 ἱκετεύειν
388 1405 419 1470 δέ
453 1403 769 1485 συγχωρεῖσθαι
801 1404 908 1485 αύτῷ
932 1405 996 1469 τόν
1020 1405 1196 1487 πατέρα,
1221 1393 1252 1471 όν
1277 1405 1401 1482 ποίντας

205 1513 265 1592 μὲν
290 1509 349 1576 έδει
373 1512 540 1584 ποθοῦντας
565 1510 719 1589 δακρύειν,
746 1509 838 1582 αύτός
863 1510 894 1574 δέ
918 1512 949 1576 όν
974 1511 1111 1596 ίκετηρίρ
1138 1514 1255 1578 τίθεται
1280 1513 1314 1578 τό
1343 1511 1400 1579 κίον

205 1619 289 1700 μόνῳ
323 1619 409 1698 αύτῷ
446 1619 680 1698 συγχωρηθῆναι
718 1616 752 1680 τό
789 1617 904 1688 πένθος.
952 1617 1077 1684 Licebit
1115 1639 1282 1704 quaerere,
1325 1621 1402 1706 quid

205 1729 252 1793 sit
286 1726 370 1812 quod
405 1723 614 1790 Telemachus
647 1730 810 1809 precetur:
854 1727 1081 1804 συγχωρεῖσθαι
1124 1727 1206 1808 αύτῷ
1249 1728 1300 1792 τόν
1342 1751 1389 1792 πα

206 1832 304 1914 πέραί
338 1833 401 1914 Qui
431 1832 464 1896 id
494 1853 622 1897 mecum
645 1851 707 1897 non
730 1831 913 1917 expedient,
938 1832 1066 1899 rideant
1089 1853 1128 1898 en
1151 1853 1213 1899 non
1236 1837 1403 1902 restituen-

207 1943 287 2008 dum
312 1943 372 2006 sit:
398 1938 543 2004 ίκετεύειν
568 1939 599 2004 δέ
625 1941 852 2020 συγχωρεῖσθαι
878 1940 962 2020 αύπῶ
986 1939 1176 2026 (πενθεῖν)
1197 1945 1248 2007 τόν
1268 1943 1401 2024 πατέρα.

205 2047 297 2114 Haec
319 2045 476 2132 particule
499 2051 644 2130 excerpta
668 2047 795 2109 transiit
817 2044 851 2109 in
875 2044 955 2110 Mu:
984 2043 1152 2127 ἐπιφθόνως
1176 2047 1248 2111 λίαν
1267 2048 1297 2111 ἐι
1317 2047 1401 2128 μέρει

206 2154 337 2234 χοίριτος
363 2154 548 2218 αίτείται
573 2150 643 2224 τίην
668 2149 858 2227 ἐξουσίαν
881 2157 950 2216 τοῦ
975 2151 1160 2230 πένθους,
1186 2145 1216 2217 όν
1241 2152 1300 2218 ἔδει
1326 2153 1402 2220 ποίν-

206 2285 267 2334 τας
300 2259 439 2339 δακρύειν
466 2259 559 2323 αίτῶν
590 2257 648 2322 κόιν
678 2254 767 2336 μόνος
789 2259 951 2322 πενθεῖν
976 2259 1086 2334 υίδεῶς,
1118 2263 1213 2344 atquo
1236 2261 1269 2324 in
1292 2260 1343 2327 his
1367 2261 1402 2327 hi

207 2369 272 2434 duo
301 2366 425 2432 codices
454 2364 615 2441 desinunt,
646 2365 694 2429 ita
725 2369 832 2428 tamen
863 2369 901 2428 ut
932 2365 1016 2449 quod
1046 2366 1164 2430 inserui
1188 2369 1401 2432 necessarium

207 2495 277 2542 esse
300 2471 515 2558 comprobent.
540 2470 653 2558 Pergit
675 2468 725 2534 H:
751 2473 804 2535 καί
831 2471 916 2542 εύόίις
941 2471 1157 2548 οίποαογιτμδς
1191 2473 1281 2553 περί
1288 2471 1354 2549 δοξ
1362 2497 1401 2546 ος

209 2581 264 2662 ἐφ’
294 2575 337 2651 οίς
370 2579 456 2659 δρῶσι
489 2574 723 2656 παροίδοξα,
758 2577 804 2654 ,,εί
832 2576 877 2654 μοί
909 2576 967 2641 πού
999 2601 1030 2641 τι
1054 2578 1156 2657 πατίηρ
1181 2577 1269 2655 έμός,
1295 2578 1399 2652 ἐσθλός

208 2685 396 2770 Ὀδυσσεύς,
421 2683 438 2755 ΙΙ
462 2683 629 2761 δυσμενέων
648 2683 720 2749 καίν’
741 2681 839 2763 ἔρεξεν
859 2683 1044 2760 έύκνιίμιδας
1062 2676 1310 2764 Ἀχαιούς,”“καί
1337 2687 1401 2770 (τόν

209 2793 300 2860 addit
323 2791 365 2876 D)
392 2789 497 2872 ἐχθρόν
519 2789 735 2870 τιμωρούμενοι
758 2791 813 2868 ε’μέ
836 2790 874 2854 δι’
898 2790 1007 2855 ἐκεῖνον
1031 2789 1194 2866 ύμύνεσθε.
1226 2789 1273 2856 At
1299 2813 1401 2878 neque

210 2897 398 2966 Telemachi
419 2897 652 2981 οίποιιογιομός,
673 2916 747 2962 cnm
767 2896 970 2962 acerbissima
987 2898 1089 2962 ironia
1101 2899 1303 2975 coniunctus,
1316 2903 1400 2965 recte

208 3003 362 3084 περίδοξοε
386 3005 449 3070 dici
473 3009 593 3090 potest,
618 3001 702 3088 quod
725 3001 860 3068 ultimae
884 3005 996 3068 setstis
1018 3002 1210 3070 vocabulum
1234 3003 1286 3069 hic
1315 3025 1401 3090 pror·

206 3133 265 3178 sus
293 3110 467 3176 ridiculum
495 3115 561 3188 est,
593 3129 651 3174 nec
682 3128 762 3193 quae
789 3110 875 3194 proci
898 3109 932 3172 in
954 3107 1060 3174 Ulixis
1083 3107 1217 3174 domum
1240 3116 1401 3196 perpetra·

209 3223 323 3286 verant
353 3217 514 3298 παράδοξοι
547 3218 619 3302 quis
649 3235 743 3282 senne
767 3213 914 3301 appellet.
961 3214 1091 3280 Accedit
1114 3215 1198 3300 quod
1220 3217 1254 3282 in
1276 3217 1402 3284 ultimis

209 3327 442 3414 grammaticae
472 3325 552 3390 rctio
583 3322 669 3389 laesa
701 3327 765 3406 est,
790 3323 843 3387 cui
867 3319 952 3386 malo
974 3322 1131 3386 succurrit
1153 3319 1276 3388 scilicet
1298 3327 1401 3390 scriba

209 3429 338 3499 Codicis
370 3431 409 3516 D,
440 3427 602 3510 παράδοξα
634 3430 666 3493 in
698 3426 880 3507 παραδόξοις
913 3426 1085 3504 mutando,
1122 3429 1241 3493 iniuria
1275 3449 1294 3493 a
1323 3430 1402 3495 Din-

209 3537 310 3606 dordo
342 3538 611 3604 commendatum.
660 3532 792 3601 Nullam
822 3533 862 3598 ad
892 3553 959 3598 rem
989 3532 1074 3598 istud
1105 3531 1287 3613 παραδόξοις
1322 3535 1402 3602 utile

209 3651 276 3723 cst,
301 3645 364 3710 nisi
387 3651 425 3709 ut
448 3644 487 3710 sd
510 3643 568 3710 illa
590 3641 731 3728 plurima
753 3639 872 3704 indicia
891 3638 1037 3716 accedat,
1058 3639 1175 3724 quibus
1187 3638 1401 3708 demonstrare

208 3754 317 3818 conati
348 3769 461 3816 sumus
488 3747 640 3816 (lodiccm
663 3747 874 3813 Parisiensem
897 3744 926 3810 D
951 3744 1197 3810 emendatricem
1221 3751 1402 3814 correctoris

208 3879 344 3926 manum
379 3862 545 3943 expertum
580 3875 657 3921 esse.
693 3851 849 3935 Περίδοξος
885 3857 917 3918 et
948 3845 1111 3929 παράδοξα
1142 3873 1158 3917 e
1190 3852 1403 3942 dittographis

209 3973 281 4034 orte
304 3970 397 4050 sunt,
416 3967 523 4049 itaque
543 3961 733 4049 legendum:
755 3959 806 4024 καί
827 3957 913 4031 εὐθὺς
934 3957 1148 4037 ύπολογισμός
1168 3943 1401 4039 παράδοξοι,-

210 4076 264 4154 ἕφ’
295 4067 338 4142 οίς
361 4072 502 4155 δρῶσαι),
530 4070 575 4152 ,,εί
599 4069 643 4146 μή
669 4065 727 4131 πού
751 4080 833 4142 κτα,
857 4085 915 4130 nec
939 4067 1107 4150 quisquam
1131 4065 1317 4152 mirabitur,
1342 4067 1401 4135 'Pe-

207 4179 347 4248 lemschi
382 4177 633 4259 excusationem,
668 4173 732 4239 nisi
765 4174 883 4238 ironice
918 4171 1140 4260 intellegatur,
1169 4208 1211 4222 —
1235 4179 1273 4238 ut
1307 4177 1400 4242 unice

208 4285 425 4374 intellegenda
458 4287 523 4367 est,
548 4320 590 4332 —
615 4277 787 4361 παράδοξον
817 4276 898 4344 ποίου
930 4298 966 4344 ao
996 4297 1069 4343 sane
1093 4275 1262 4343 mirificam
1285 4281 1397 4348 videri.

208 4391 288 4458 Post
319 4407 436 4478 pauca:
469 4386 649 4468 Συμπλέκει
684 4386 714 4451 δέ
739 4385 809 4457 τοὺς
834 4384 1020 4458 Ἰθακησίους
1047 4393 1085 4466 τῇ
1109 4381 1214 4468 οίδικίρι
1237 4387 1297 4451 τῶν
1320 4412 1398 4464 μνη-

211 4499 335 4580 στήρων,
357 4497 468 4578 καίπερ
489 4498 559 4560 κατ’
579 4495 682 4580 οίρχίις
703 4495 839 4576 χωρίσας
857 4493 926 4566 τοὺς
939 4501 1116 4572 μνηστῆρας
1129 4487 1188 4556 ἀπ’
1202 4491 1314 4572 αὐτῶν,
1328 4494 1401 4562 κατ’

1261 4612 1276 4668 7
