3220 5144
686 345 752 416 479

123 539 234 616 μιιόονι
264 538 298 604 el
327 535 502 618 τροοτόξκι
532 553 614 614 ιιτλ.,
638 539 779 603 oretione
802 539 841 604 de
864 557 954 604 more
976 541 1103 624 repenle
1125 537 1158 600 in
1179 535 1314 602 indireo·

123 653 188 710 tum
212 665 303 711 verse
326 653 358 711 ei
379 649 444 712 ism
469 645 559 712 nulls
582 645 696 710 leeune
718 645 885 712 statuendo
909 645 1073 731 supererit.
1097 641 1221 727 Nempe
1239 652 1315 708 note

123 751 372 840 eeohygrephieu
394 771 452 838 pro
475 752 530 816 κιιό
553 751 722 836 quemdem
747 751 898 818 fefellisse
923 751 1058 818 videtur.

169 978 219 1042 λρ
235 961 311 1029 359.
336 964 399 1031 Pro
420 965 581 1047 τλειοτόρρ
603 967 659 1045 τὸν
681 967 761 1045 χειρὶ
785 965 1015 1051 Aristophanes
1038 964 1187 1053 legebat:
1213 981 1316 1030 πλειο-

125 1071 241 1153 τέρρτιν
276 1073 379 1152 χερτό.
410 1072 424 1136 ό
454 1071 539 1151 μιτὰ
571 1071 703 1138 πλεόνων
736 1071 876 1138 όπελόῶν
906 1076 961 1137 τοῦ
989 1093 1075 1138 ποτε.
1112 1071 1171 1160 (H)
1211 1069 1316 1138 Immo

126 1185 199 1244 τῶν
222 1199 308 1247 ποτε.

172 1411 208 1471 λ,
234 1392 311 1460 38⁶.
358 1391 463 1459 Ἀλλὰ
490 1391 542 1456 καὶ
567 1394 581 1457 ὃ
607 1391 746 1473 Σότνφοο
770 1391 921 1470 κέρδιστος
945 1394 984 1458 ὢν
1007 1392 1058 1459 διὰ
1078 1393 1111 1458 τό
1130 1389 1298 1472 κολάζεται
1306 1408 1314 1468 ;

126 1500 161 1564 τό
192 1498 379 1580 κακότροπον
408 1501 422 1563 ό
454 1501 593 1569 Γλαῦκος
624 1503 677 1563 τοῦ
710 1499 857 1580 προγόνου
887 1499 930 1571 ele
962 1497 1081 1564 οόνεσιν
1112 1499 1316 1576 μετήνεγκεν.

128 1605 208 1690 (TV)
237 1601 286 1671 De
316 1625 350 1670 re
372 1608 442 1691 ipse
464 1617 536 1690 poso
559 1605 793 1670 Buesmenuum
820 1604 897 1670 olim
922 1605 1136 1691 disputariue
1161 1605 1314 1672 Observv.

128 1734 157 1797 p.
188 1710 249 1788 29,
285 1710 384 1776 simul
419 1713 566 1776 correctis
588 1695 703 1776 'huius
738 1711 852 1777 soholii
882 1715 1044 1778 extremis.
1090 1711 1184 1778 Nune
1215 1715 1248 1776 in
1279 1713 1319 1776 iis

128 1841 208 1905 queo
238 1818 389 1904 descripsi
419 1820 545 1884 inverso
575 1817 684 1884 ordine
715 1839 813 1904 eoque
843 1817 984 1884 naturali
1007 1821 1163 1904 seriptum
1188 1817 1318 1884 malim:

129 1927 164 1992 τό
187 1925 374 2005 κακότροπον
397 1928 450 1989 τοῦ
474 1925 620 2004 προγόνου
644 1925 657 1988 ό
683 1929 821 1996 Γλοιῡκος
847 1925 888 1995 εἰς
914 1924 978 1988 τόν.
1004 1927 1214 2008 μετήνεγκεν,
1238 1944 1319 2011 queo

129 2053 190 2120 quo
217 2051 310 2097 sensu
334 2037 438 2098 essent
461 2031 644 2115 surripienda
666 2027 884 2096 Buttmannus
908 2030 1026 2096 docuit.

175 2259 208 2320 λ,
235 2241 311 2309 428.
358 2244 469 2311 Ulixes
501 2221 751 2332 Agsmemuouis
774 2244 871 2310 verbe
893 2244 989 2310 referi
1012 2244 1097 2332 opud
1120 2245 1236 2310 inieros
1259 2243 1321 2310 sibi

131 2352 205 2418 deis
227 2356 260 2416 et
282 2351 346 2418 elie
369 2357 402 2418 et
424 2353 518 2418 heen:
548 2387 550 2392 ·

310 2457 349 2529 ὣν
372 2459 425 2526 οὐκ
447 2457 608 2524 νόνότκτον
632 2457 684 2523 sol
709 2461 847 2538 κύντερον
869 2458 951 2524 ἄλλο
974 2459 1117 2536 γννοιικός

314 2565 395 2651 [ἥτις
420 2565 455 2638 el
478 2570 611 2631 τοιοῦτον
635 2566 720 2642 μετόν
744 2565 851 2648 Φρετόν
876 2563 954 2644 ἔργον
976 2566 1158 2652 βόλιρτοιι]·

133 2671 324 2739 Ulteriorem
348 2692 475 2738 versum
499 2678 532 2738 ei
554 2671 689 2758 plurimi
711 2675 922 2738 recentiorum
945 2677 1167 2757 expunxerunt
1189 2678 1221 2738 et
1241 2672 1321 2737 suii-

132 2788 296 2864 qulorum:
329 2780 382 2845 Ἐν
411 2787 536 2850 πολλοῖς
560 2779 593 2844 oi
617 2777 765 2860 φέρεται,
790 2781 827 2850 ὥς
854 2777 968 2844 ἐκλύων
992 2781 1043 2844 τὸν
1067 2779 1175 2856 όνμόν,
1200 2782 1233 2844 οὐ
1256 2779 1321 2859 γὰρ

132 2881 177 2950 ότι
210 2887 282 2962 πρός
313 2886 476 2965 όεριοπεόοιν
508 2886 643 2973 Ἀριότιρρ
673 2887 687 2950 ό
717 2884 904 2956 'oleronis‘
937 2887 970 2951 ori
994 2885 1057 2965 γὰρ
1081 2887 1254 2963 όνιιγκοιΐον
1278 2889 1320 2968 τῷ

133 2989 348 3072 ὑποκρινομένῳ
381 2995 414 3058 τό
446 2992 602 3072 πρόοοιιτον
632 2991 868 3070 ’Δγοομόμνονοι
892 2992 1191 3070 περιόοτιιτόκό
1214 3015 1252 3057 τι
1276 2995 1325 3059 el·

133 3106 236 3164 πεῖν.
267 3097 327 3186 (Η)
359 3097 410 3163 lte
438 3098 515 3164 hese
546 3098 580 3164 in
611 3095 817 3164 Dindorfiene
844 3098 992 3165 eduntur.
1043 3097 1115 3164 Nini
1141 3119 1193 3164 me
1216 3101 1324 3168 omnio

131 3203 265 3281 fallunt,
308 3203 442 3290 Didymi
484 3206 537 3272 hio
569 3205 668 3271 verbs
698 3211 844 3269 tenemus
876 3225 949 3270 eum
978 3225 1109 3271 versum
1142 3205 1325 3273 damnantis

133 3313 206 3395 qui.
242 3311 381 3376 Porsono
415 3311 537 3388 iudice,
573 3311 733 3397 ¹‚proiecto
764 3313 910 3377 omnium
942 3311 1006 3376 lere
1039 3314 1095 3396 qui
1127 3332 1184 3397 pro
1206 3316 1324 3398 spuriis

133 3423 283 3482 notentur
302 3416 511 3505 dignissimus
530 3420 588 3503 qui
605 3415 835 3505 expungatur.”
858 3416 942 3484 Note
962 3421 1070 3483 lemen
1094 3418 1128 3484 iu
1152 3417 1325 3486 Schmidlii

134 3521 258 3611 sylloge
295 3522 506 3594 desideretur.
542 3523 675 3590 fortusse
709 3523 793 3608 quod
826 3541 889 3588 non
924 3522 1078 3622 habebnt,
1112 3524 1189 3609 quid
1219 3525 1325 3591 verbis

135 3632 248 3695 misere
269 3631 425 3714 corruptis
440 3630 657 3696 substitueret.
682 3631 833 3694 Attemen
853 3629 1006 3714 dispioele
1017 3630 1101 3695 milri
1115 3630 1233 3705 videor,
1247 3630 1323 3716 quid

134 3737 365 3824 grammaticus
395 3736 527 3802 dederit.
564 3737 628 3801 ’Ἔν
660 3744 785 3808 πολλοῖς
818 3736 851 3799 οὐ
882 3733 1031 3818 Φέρεται,
1063 3738 1101 3804 de
1133 3735 1249 3802 όκλόιιν
1272 3738 1324 3802 τόν

135 3843 237 3921 όνμόν.
262 3843 295 3906 οὐ
318 3843 381 3921 γόορ
405 3839 450 3907 ότι
476 3843 547 3922 πρός
566 3842 730 3922 όεριιπεόοιν
750 3841 879 3920 'Apulum
901 3840 1074 3918 εόριρτιιι.
1095 3843 1128 3907 οὐ
1147 3843 1211 3920 γὰρ
1224 3844 1324 3920 ἄνοιγ-

136 3955 220 4013 κοιῖον
243 3949 285 4020 τῶ
311 3949 526 4029 ὑποκρινομένῳ
548 3947 583 4014 τό
607 3947 765 4026 πρόοιιπον
785 3946 1020 4028 Ἀγαμέμνονος
1039 3949 1324 4027 πιιρόοτοιτόοιι

136 4053 154 4119 ό
181 4079 220 4120 τι
251 4050 380 4132 εἶπεν,
413 4074 493 4140 quse
525 4057 728 4139 entiquorum
760 4056 1045 4142 grammatieorum
1078 4059 1111 4118 et
1133 4053 1323 4121 brevitatem

136 4167 168 4228 ei
192 4161 354 4228 indicendi
378 4163 547 4226 sanitatem
571 4160 709 4226 feliciter
732 4160 882 4225 referunt.
929 4158 1113 4225 Eiiciendue
1135 4179 1245 4226 versus
1267 4168 1325 4238 est,

135 4271 250 4354 inquit.
297 4267 369 4334 Non
401 4268 486 4332 enim
508 4285 545 4332 eo
569 4266 800 4349 defendendus,
825 4265 909 4351 qnod
932 4264 1042 4330 Ulixes
1066 4265 1151 4331 huno
1175 4266 1263 4332 addit
1287 4287 1326 4332 ne

135 4373 250 4440 Aretes
283 4376 429 4439 animum
465 4371 610 4440 offendet.
658 4371 787 4438 illenim
823 4392 885 4437 non
921 4393 960 4437 ex
995 4391 1054 4436 sus
1076 4392 1161 4438 nune
1184 4371 1326 4456 loquitur

138 4501 270 4567 persone
300 4480 355 4546 sed
383 4501 422 4546 ex
452 4479 720 4568 Agamemnonis,
750 4498 852 4564 neque
875 4497 954 4566 opus
978 4483 1025 4544 esi
1047 4482 1085 4544 ui
1107 4477 1205 4544 huius
1228 4478 1327 4548 dieiu-
