3232 5136
859 349 903 429 id

288 571 351 641 quo
380 555 451 641 quis
481 555 590 620 trioari
620 557 737 641 possit,
769 560 808 619 nt
837 556 869 618 in
898 573 934 619 re
958 552 1103 618 abstrusa
1124 555 1157 617 et
1178 551 1394 629 intricatiore,
1420 547 1482 617 hoc

286 666 371 727 corte
401 663 618 747 unusquisque
648 660 731 726 mihi
760 660 867 744 dubit,
899 664 931 724 ei
961 655 1007 723 dre
1040 659 1102 725 νίπί
1125 683 1156 723 τ.
1182 658 1313 741 μερίζειν
1336 656 1389 724 καί
1414 657 1482 724 δια-

287 766 394 848 κρίνειν
413 767 466 832 καί
486 769 609 849 διαιρεῖν
628 765 776 842 κέκληται
791 763 831 832 ἐδ
850 763 1008 843 οκοεεινίν,
1031 785 1092 832 non
1110 765 1226 832 habere
1243 769 1295 832 cui
1314 766 1484 842 referatur,

287 877 319 938 et
354 874 522 940 similiter:
557 875 743 955 μαρμαίρειν
777 873 809 940 δὲ
846 872 934 950 δηλοῖ
965 874 999 938 τί
1032 879 1098 952 Φῶς
1131 871 1201 946 δοίος
1241 871 1381 943 καλίοιις
1422 891 1483 936 uec

285 979 429 1059 caelum,
459 987 498 1047 ut
528 983 630 1058 aiunt,
666 985 796 1068 tangere
827 1001 884 1046 neo
916 985 1042 1044 terram.
1090 979 1192 1045 Panlo
1224 979 1341 1046 melios
1373 981 1422 1044 est
1446 979 1483 1042 in

285 1087 569 1155 veterescimus:
594 1086 647 1153 καί
672 1083 717 1152 ὅτι
742 1087 829 1167 παρὰ
851 1085 887 1152 τὸ
910 1084 1041 1167 μερίζειν
1065 1085 1117 1150 καί
1144 1086 1302 1164 διακρίνειν
1326 1085 1378 1150 καί
1401 1083 1482 1148 διαι-

285 1201 344 1275 ρεῖν
375 1193 544 1270 κέκληκε
572 1194 613 1259 τδ
642 1193 851 1275 Φατίζειν,
885 1192 1070 1272 μαρμαίρειν
1093 1192 1124 1258 δὲ
1148 1193 1236 1268 δηλοῖ
1256 1195 1291 1259 τί
1315 1197 1381 1274 Φῶς
1406 1190 1480 1262 δοίος

285 1300 443 1380 καλέσας,
475 1301 560 1367 unde
588 1301 741 1367 discimus
776 1305 809 1366 et
832 1298 968 1376 κέκληκε
991 1319 1048 1386 per
1070 1299 1296 1386 compendium
1319 1299 1479 1383 scriptum

284 1406 370 1474 male
393 1407 515 1475 lectum
539 1428 607 1474 esse
630 1407 794 1480 κέκληται
818 1414 875 1474 aut
897 1408 937 1473 ab
960 1404 1124 1472 Harleiani
1148 1406 1251 1472 scribe
1271 1410 1328 1470 ant
1346 1405 1386 1468 ab
1406 1405 1480 1469 eins

284 1515 478 1600 editoribus,
513 1520 546 1580 et
581 1514 721 1580 alienum
753 1515 806 1580 hic
837 1512 988 1580 σκοτεινόν
1021 1533 1060 1578 ex
1089 1515 1249 1598 superiore
1272 1532 1367 1578 versu
1390 1509 1479 1576 male

283 1620 347 1686 huc
370 1619 500 1687 illatum
524 1642 590 1687 esse
614 1642 670 1708 pro
693 1623 868 1687 necessario
891 1617 1051 1701 Φαςίζειν,
1076 1620 1207 1684 domasse
1236 1619 1275 1684 ob
1305 1617 1477 1684 evanidam

285 1727 449 1813 archetypi
487 1730 692 1814 scripturam,
730 1729 861 1794 sortasse
880 1727 937 1794 aad
970 1733 1111 1793 veterem
1143 1724 1291 1792 lacunam
1314 1729 1479 1809 utcunque

284 1833 475 1920 explendam
501 1835 536 1921 ¹).
582 1838 627 1901 At
662 1833 715 1903 vel
751 1837 797 1901 sic
831 1835 1042 1923 gravissimae
1076 1833 1242 1900 molestiae
1274 1837 1397 1898 restant
1430 1833 1480 1897 its

284 1939 460 2007 tollendae:
493 1942 545 2006 καί
578 1938 623 2006 ὅτι
655 1942 718 2008 cirri
751 1946 805 2007 τοῦ
836 1941 968 2024 μερίζειν
996 1940 1048 2006 καί
1081 1940 1239 2020 διακρίνειν
1271 1939 1322 2008 καί
1352 1937 1478 2018 διαιρεῖν

283 2047 459 2123 κέκληκε
491 2047 533 2112 τί
564 2048 758 2130 φωτίζειν
789 2050 1060 2131 μαρμαίρειν,
1093 2047 1209 2120 δηλοῖ
1237 2048 1271 2112 τί
1303 2051 1369 2128 φῶς
1402 2044 1476 2117 δρίος

283 2151 438 2232 καλέσας,
485 2153 650 2221 lenissima
691 2175 765 2220 sane
807 2137 1114 2240 medicinafquam
1150 2159 1250 2221 totam
1294 2153 1478 2238 comprobat

282 2257 422 2326 Venetus
453 2261 490 2326 B.
537 2260 622 2328 Nam
650 2267 683 2327 et
705 2265 995 2348 interpunctionem
1027 2265 1154 2327 tantum
1188 2265 1349 2328 mutatam
1384 2279 1478 2347 opor·

284 2368 367 2448 tuit,
400 2374 433 2433 et
462 2352 733 2453 quemadmodum
763 2389 858 2454 supra
881 2370 916 2432 in
939 2367 1060 2434 scholio
1083 2367 1122 2432 ad
1146 2387 1193 2434 vs.
1219 2367 1240 2433 8
1264 2366 1421 2452 particula
1445 2367 1477 2434 δέ

283 2472 451 2539 inserenda
485 2480 554 2540 erat
587 2477 759 2542 oscitanter
793 2481 867 2540 ante
902 2474 1096 2548 δυνηθέντας
1128 2475 1261 2552 omissa,
1291 2476 1338 2539 ita
1367 2481 1476 2540 nostro

283 2576 353 2647 loco
383 2584 491 2646 contra
520 2580 767 2669 expungendum
797 2581 861 2646 init
890 2579 922 2646 δέ
954 2585 1026 2648 ante
1054 2581 1151 2654 δηλοῖ
1169 2600 1231 2645 non
1254 2582 1363 2645 minos
1385 2601 1476 2666 prae·

282 2691 405 2773 postero
435 2689 600 2753 insertum.
637 2687 760 2774 Nempe
783 2688 844 2754 hoc
866 2687 946 2754 vult.
974 2691 1019 2755 Τί
1042 2684 1188 2769 φωτίζειν
1202 2675 1372 2754 'Homerus
1395 2687 1476 2753 dicit

282 2794 483 2874 μαρμαίρειν,
511 2794 780 2880 quemadmodum
805 2794 840 2860 εδ
864 2797 930 2877 Φῶς
955 2796 1110 2880 expressit
1132 2779 1295 2859 interdum
1315 2815 1371 2881 per
1389 2793 1474 2870 δρίος,

283 2901 434 2985 quoniam
463 2901 593 2985 utrique
623 2900 777 2966 vocabulo
810 2900 1007 2967 discernendi
1037 2899 1230 2989 significatio
1252 2903 1350 2976 inest,
1375 2921 1476 2987 quam

282 3002 366 3071 lucis
394 3009 426 3072 et
455 3005 582 3072 lucendi
610 3009 770 3092 propriam
794 3013 827 3073 et
849 3007 940 3094 quasi
962 3008 1191 3095 primigeniam
1215 3009 1282 3073 iam
1305 3007 1364 3073 sibi
1390 3028 1474 3084 essa,

285 3149 327 3162 -
357 3116 395 3177 ut
424 3116 534 3198 postca
564 3111 745 3198 philosophi
765 3113 952 3190 ,docuerunt
983 3152 1042 3199 -,
1072 3117 1119 3180 ita
1150 3112 1299 3181 declaret.
1346 3113 1478 3180 Scilicet

283 3219 470 3299 μαρμαίρειν
500 3225 534 3284 et
563 3217 762 3307 Porphyrius
792 3225 824 3285 et
852 3219 960 3307 plnres
984 3219 1041 3286 alii
1062 3222 1288 3309 grammatici,
1315 3219 1477 3306 quandem

283 3327 354 3392 soni
382 3324 571 3391 affinitatem
602 3327 721 3404 secuti,
752 3346 824 3391 cum
857 3327 946 3410 μέρος
978 3333 1011 3393 et
1045 3327 1176 3409 μερίζειν
1212 3327 1405 3414 iungebant,
1444 3334 1479 3393 et

284 3434 330 3498 sic
354 3419 425 3505 δρίος
448 3431 591 3498 eiusdem
614 3433 748 3520 originis
771 3454 807 3498 ac
832 3436 998 3519 potestatis
1021 3439 1115 3520 atque
1135 3433 1240 3515 δαΐζει,
1259 3434 1385 3509 δαίομαι
1408 3454 1477 3500 esse

283 3543 316 3606 et
338 3538 507 3605 credebant
530 3544 563 3603 et
585 3539 746 3605 docebant.
771 3539 857 3606 Hine
881 3560 1005 3626 quoque
1025 3540 1204 3606 remedium
1224 3561 1339 3626 quaero
1352 3561 1477 3620 eorum,

282 3665 363 3731 quoe
382 3644 477 3731 paulo
500 3666 595 3732 supra
618 3644 655 3732 (1.
675 3644 733 3727 24)
755 3646 925 3736 leguntur,
950 3649 1006 3713 obi
1026 3649 1060 3711 in
1082 3649 1230 3714 omnibns
1252 3647 1365 3714 lacuna
1388 3655 1478 3716 certa

282 3757 340 3832 est,
365 3772 437 3837 spes
460 3750 591 3818 lacunae
609 3750 781 3838 explendae
801 3756 958 3819 incertior.
985 3751 1089 3818 Verba
1111 3754 1199 3820 dico:
1222 3791 1241 3804 -
1255 3754 1477 3835 -μαρμαίρειν

282 3859 384 3937 λέγων
414 3858 448 3924 τί
480 3856 638 3944 λάμπειν,
663 3853 681 3924 ί
702 3860 767 3924 ἐστι
791 3857 922 3940 μερίζειν
946 3859 997 3924 καί
1024 3861 1163 3946 διαιρεῖν,
1186 3859 1257 3939 αφ’
1282 3855 1323 3926 οὗ
1345 3861 1380 3926 τὸ
1405 3862 1476 3927 δια-

284 3966 400 4046 κρίνειν.
447 3964 533 4031 Nam
564 3965 640 4051 quid
670 3965 730 4032 hoo
761 3968 894 4032 monstri
922 3970 986 4032 est:
1013 3966 1134 4048 διαιρεῖν
1157 3966 1241 4033 uude
1266 3967 1400 4033 ductum
1426 3976 1477 4034 cst

283 4073 318 4138 τί
349 4069 528 4151 διακρίνεινί
551 4071 635 4150 Aut,
663 4073 769 4138 verbis
791 4071 884 4138 aliter
907 4075 1100 4152 coniunctis,
1125 4073 1310 4157 μαρμαίρειν
1335 4109 1355 4123 -
1369 4110 1389 4124 -
1412 4075 1476 4157 ἀφ’

284 4175 317 4244 οὗ
340 4180 375 4245 τί
398 4176 575 4258 διακρίνεινί
598 4177 703 4244 Immo
726 4199 801 4245 vero
824 4177 887 4262 ἀφ’
912 4175 1101 4248 adverbum
1120 4180 1331 4248 Homericum
1352 4185 1477 4268 requiri

318 4450 345 4516 1)
363 4451 394 4502 n
410 4451 499 4500 veneco
514 4451 536 4500 s
549 4449 668 4500 numa
682 4449 806 4502 nnrono
820 4455 855 4501 et
869 4423 944 4514 μί’,
957 4453 1020 4504 unns
1033 4452 1087 4503 nu
1100 4452 1168 4518 origo
1182 4453 1282 4503 rorans
1290 4453 1476 4521 munuum

282 4532 374 4600 occipit.
