3232 5136
758 306 903 408 σι’

179 519 325 610 „excidit
346 526 508 600 ώπθντις.”
530 525 667 614 Reliqua
690 528 787 594 huius
810 528 936 616 generis
957 523 1118 612 permulta
1142 526 1250 610 postea
1267 519 1376 588 ordine

178 635 391 723 pertractabo.

231 869 272 924 α,
305 843 380 911 378.
414 843 611 924 ἐπιβώσομαι
642 846 810 931 exponitur
841 844 1065 929 ε’τιβοιὶσομαι,
1096 879 1115 894 -
1128 880 1148 894 -
1162 879 1182 894 -
1205 848 1375 926 ἐπιμαρ-

183 953 379 1032 τύρομαι,
415 950 664 1036 ἐπιααλέσομαι,
688 951 744 1018 ubi
768 951 852 1036 quod
875 950 1020 1017 medinm
1042 949 1163 1038 legitur
1186 952 1321 1018 verbum
1344 954 1378 1016 in

184 1061 505 1140 έπιμαρτνροῦμαι
529 1055 714 1145 totingetun

233 1272 285 1338 Ad
316 1297 358 1350 α,
394 1270 459 1338 389
490 1274 609 1338 iterum
641 1270 814 1356 Porphyrii
844 1267 971 1351 ζήτημα
1000 1273 1064 1354 ast,
1095 1271 1129 1334 in
1152 1270 1255 1335 tribus
1278 1267 1376 1335 Oodd.

185 1385 370 1464 servatum,
393 1381 601 1466 integerrime
624 1379 658 1442 in
682 1375 733 1461 H,
763 1379 871 1442 minus
901 1379 1025 1463 integra
1049 1409 1090 1424 -
1115 1381 1153 1440 ut
1182 1375 1311 1442 videtur
1335 1409 1376 1425 -

184 1489 220 1550 in
251 1485 299 1561 D.
331 1483 490 1574 flagitiosa
515 1490 714 1550 contractum
735 1483 770 1548 in
793 1481 839 1566 n,
863 1484 954 1549 euius
977 1487 1100 1569 partem
1123 1485 1187 1548 iam
1211 1485 1244 1548 in
1269 1481 1379 1549 Obser-

187 1597 269 1657 vatt.
303 1590 346 1676 (p.
373 1589 429 1678 45)
466 1592 652 1679 tetigimus,
688 1609 772 1654 uuna
806 1587 929 1674 reliqua
963 1608 1197 1674 persequemur.
1244 1588 1380 1657 Summa

186 1697 415 1783 disputationis
437 1697 516 1762 haeo
540 1701 598 1762 est.
633 1693 776 1762 Antinoo
799 1693 927 1760 Ithacae
949 1715 1087 1782 regnum
1109 1696 1266 1762 invidiose
1289 1694 1379 1762 Tele·

186 1803 305 1868 macho
340 1803 540 1888 deprecanti,
566 1841 606 1851 -
632 1805 677 1878 μη
713 1802 748 1867 σέ
783 1803 817 1879 γ’
853 1801 883 1864 έν
914 1801 1071 1882 οέμΦιώλιρ
1102 1800 1206 1881 ’Ῑθώιιη
1235 1801 1378 1892 βασιλῆα

188 1911 315 1991 Κρονθών
336 1907 353 1982 ΙΙ
375 1911 543 1994 ποιήσειεν,
567 1906 586 1975 d
606 1932 651 1974 τοι
675 1917 768 1990 γενεῇ
793 1908 945 1988 πατρώϊόν
965 1907 1047 1974 ἐστιν
1068 1916 1129 1988 (vs.
1144 1906 1220 1986 386,
1235 1907 1314 1996 387)
1337 1947 1378 1960 -

187 2019 242 2084 hic
265 2017 311 2082 ita
335 2015 517 2102 respondet:

325 2124 380 2188 ιιοιθ
403 2147 452 2188 ιιεν
476 2125 559 2188 τοῦτ’
584 2122 714 2202 ἐθέλοιμι
739 2122 812 2196 Διθς
836 2145 875 2200 γε
899 2120 1028 2194 διδθντος
1051 2121 1188 2202 οὶρέτθαι.

327 2229 344 2306 i
367 2235 429 2312 φης
454 2233 542 2296 τοῦτο
566 2227 711 2294 κώκισσον
735 2229 765 2293 ἐν
790 2227 966 2309 ἀνθρώποισι
989 2227 1160 2310 carrigium

325 2337 358 2402 οῦ
383 2335 440 2414 μέν
463 2334 526 2415 γώρ
550 2359 580 2400 τι
604 2335 699 2400 κακὸν
721 2333 949 2412 βασιλευέμεν·
973 2329 1059 2416 cipri
1082 2335 1118 2400 τέ
1141 2337 1166 2402 σθ
1191 2335 1230 2401 δῦ

328 2443 454 2524 ἀφνειὸν
479 2442 609 2507 πέλεται
633 2443 686 2507 καὶ
710 2441 907 2523 τιμηέστερος
932 2442 1037 2515 αὐτός.
1058 2445 1118 2527 (vs.
1134 2440 1337 2526 eso-393.)
1461 2477 1468 2492 ·

189 2549 281 2616 Haec
303 2551 438 2616 inuersis
460 2549 598 2635 periodis
621 2547 802 2636 accipienda
820 2547 893 2616 vult
915 2547 1128 2636 Porphyrius,
1148 2587 1189 2599 -
1209 2551 1381 2630 ώνεστραμ-

189 2656 285 2734 μένης
309 2665 365 2730 τῆς
391 2656 525 2736 περίοδον
549 2657 729 2740 διοιστέον,
744 2691 784 2704 -
799 2657 846 2721 ita
868 2661 906 2721 ut
929 2663 1036 2720 mente
1059 2656 1246 2741 praecedant
1272 2677 1382 2723 ramus

190 2761 277 2836 392.
300 2761 367 2828 393
390 2762 437 2851 (οῦ
460 2764 518 2836 μέν
542 2765 605 2842 γώρ
628 2787 658 2828 τι
688 2797 741 2812 --
755 2797 775 2812 -
799 2763 995 2841 τιμηέστερος
1020 2760 1139 2848 αῦτθς),
1164 2783 1274 2829 versus
1297 2763 1382 2841 390,

190 2869 256 2935 391
292 2870 351 2936 hos
383 2871 560 2956 excipiant,
593 2869 662 2956 (ιιαθ
694 2893 744 2933 ιιεν
773 2871 858 2934 τοῦτ’
883 2869 1013 2947 έθέλσιμι
1040 2905 1059 2919 -
1073 2904 1126 2919 --
1151 2871 1180 2934 έν
1205 2871 1382 2952 ἀνθρώποισι

188 2977 359 3063 τετύχθαι)
370 2997 446 3041 nam
459 2976 509 3042 bis
521 2979 664 3061 positum
677 2981 766 3041 τοῦτο
783 3011 823 3024 -
835 2978 941 3061 inquit
955 3013 996 3024 -
1009 2996 1072 3042 non
1084 2980 1189 3064 priora
1201 2980 1331 3064 respicit
1343 2979 1382 3044 ab

189 3085 334 3150 Antinoo
353 3082 455 3161 dicta,
479 3082 563 3168 quod
587 3085 733 3168 ineptum
756 3083 857 3160 foret,
880 3081 934 3146 sed
954 3085 1134 3168 aequantia:
1155 3085 1188 3148 οὐ
1208 3085 1265 3162 μὲν
1277 3086 1340 3166 γθρ
1352 3109 1381 3150 τι
1448 3155 1453 3165 ,

191 3190 289 3256 κακὸν
308 3188 529 3268 βασιλευέμεν.
577 3188 665 3269 Quae
686 3190 762 3254 haec
783 3191 902 3274 excipit
925 3193 1180 3284 argumentatio,
1204 3193 1384 3259 enituerit

190 3299 430 3366 constituenda:
451 3297 539 3362 ’Emi
559 3297 623 3378 γὰρ
644 3297 681 3368 ὡς
702 3296 732 3360 έν
751 3297 831 3377 εὐχῇ
853 3297 1016 3377 προήγαγε
1037 3297 1089 3362 τὸν
1109 3297 1201 3376 λθγον
1227 3296 1382 3371 ’Λντθνονς

193 3409 260 3486 »μή
283 3407 352 3483 σέγ’
378 3406 407 3470 ἐν
431 3400 605 3484 dediscite?
628 3417 710 3481 κτλ,
733 3400 950 3483 οέπενχθμενος
974 3402 1024 3468 deci
1048 3403 1082 3468 τθ
1101 3413 1191 3479 μῖσος
1210 3407 1265 3481 την
1282 3405 1384 3482 τεῦξιν

189 3523 249 3590 τῆς
281 3515 399 3594 ἀρχῆς,
431 3509 625 3593 Τηλέμαχος
650 3513 710 3590 οὐχ
733 3513 771 3582 ώς
797 3511 905 3590 ἐχθροῦ
929 3517 1138 3589 προσποιεῖται
1162 3513 1216 3587 την
1240 3514 1385 3594 ώπενχην

189 3626 248 3688 τοῦ
285 3621 424 3698 ώγαθσῦ,
461 3617 537 3682 ἄλλ’
569 3619 609 3689 ώς
640 3618 735 3702 Φθλοιι
767 3614 848 3686 θντος
879 3616 1025 3697 cinagio
1055 3639 1134 3688 τινος
1164 3624 1277 3684 κακοῦ·
1302 3620 1384 3704 (καὶ

189 3728 280 3808 add.)
312 3729 365 3792 οῦιι
397 3724 541 3806 ἐλέγχον
573 3721 617 3790 ὅτι
651 3722 685 3801 ἐξ
717 3723 892 3804 ώπεχθεθας
916 3724 1085 3796 πετοθηται
1108 3723 1163 3798 την
1186 3732 1239 3791 τοῦ
1263 3728 1385 3805 οέγαθοῦ

189 3837 338 3914 &aroxio
371 3835 384 3898 θ
416 3833 590 3916 Ἀντθνσνς,
623 3831 876 3910 προσποιούμενος
904 3831 936 3894 δέ
966 3832 1005 3902 ώς
1037 3830 1100 3894 ἀπὸ
1124 3831 1219 3913 φθλον
1242 3833 1385 3909 γενέσθαι

190 3947 290 4017 ιιαιιοῦ
323 3938 547 4028 ταραθτησιν(,)
573 3936 610 4002 δι’
635 3939 733 4020 εὐχῆς
758 3936 939 4016 διορθοῦσθαι
964 3936 1314 4028 προσποιεῖταιβ),
1339 3937 1385 4006 irs

191 4049 247 4138 [δέ
272 4047 349 4132 det]
372 4048 434 4124 μην
457 4050 547 4111 τοῦτο
571 4045 650 4110 θέλει
676 4043 746 4118 Διθς
771 4068 812 4122 γε
832 4043 961 4116 διδόντος
981 4044 1121 4128 εἰρέσθαι,
1142 4045 1176 4110 σθ
1196 4046 1385 4124 βασιλεῦσαι

190 4157 347 4233 δηλσνθτι,
373 4150 387 4219 ὃ
412 4153 450 4218 σώ
473 4175 525 4230 μοι
551 4149 680 4228 θπηῦξα
705 4150 868 4228 ιιηδθμενος
892 4149 962 4222 ἴσοις
987 4150 1072 4228 ἐμοῦ.
1110 4149 1148 4217 Ιιι
1170 4153 1221 4217 hia
1243 4157 1384 4240 primum

189 4265 391 4340 ῦποστιγμίιν
413 4262 506 4347 posui
528 4279 585 4345 pro
610 4253 769 4325 commate
789 4263 861 4344 post
882 4257 996 4324 verbs:
1018 4259 1163 4338 ώπενχιθν
1180 4283 1259 4334 τινος
1279 4267 1386 4342 nasot,

188 4375 266 4438 tum
301 4375 375 4435 anta
403 4370 455 4433 οὐκ
487 4367 631 4450 ἐλέγχον
661 4365 844 4432 addendum
875 4383 986 4430 censeo
1018 4364 1102 4428 καθτ
1132 4370 1278 4452 sequitur
1299 4373 1385 4436 anim

189 4477 331 4546 alterum
357 4475 642 4564 argumentationis
665 4473 866 4550 membrum,
892 4491 966 4537 oum
990 4472 1025 4536 in
1046 4474 1306 4557 praecedentibus
1325 4497 1386 4544 ser-
