3278 5148
725 345 789 414 ool

166 543 286 612 'Potum
321 547 369 609 ost
399 544 432 608 iu
465 541 507 617 P,
540 540 646 625 priore
675 557 774 624 usque
805 536 845 603 nd
876 559 906 602 π.
931 535 1027 616 εὐχὴν
1051 535 1188 615 ἐκφέρειν
1211 537 1307 601 otium
1328 533 1362 600 in

166 653 221 734 Bo
245 651 413 739 leguntur,
441 645 546 715 verbis
570 649 604 711 in
628 645 721 711 initio
745 644 879 731 paulum
902 643 1055 710 dirersis:
1075 645 1128 707 οὐκ
1150 641 1215 707 ἔοτν
1228 643 1362 722 γὰρτῶν

165 756 339 840 νηχομένων
374 757 408 820 τὸ
444 754 642 836 elimetur
679 751 778 837 (App.
811 771 842 836 p.
876 747 976 838 766),
1010 749 1065 816 sod
1093 749 1204 814 eodem
1233 769 1362 836 prorsus

165 885 270 933 senso.
318 865 434 928 Verum
465 861 542 946 quid
575 856 688 926 volunt
712 864 855 923 extreme
882 856 958 922 illa:
982 852 1053 922 εἶτά
1077 860 1172 934 Φηοον
1196 857 1210 920 ὃ
1235 857 1361 932 πονητίρε

169 971 300 1048 ηὔξετο,
338 989 419 1054 queo
452 970 485 1034 in
515 966 582 1033 solo
613 965 640 1030 P
672 961 768 1029 snut?
794 963 864 1044 Quo
887 965 974 1029 enim
1000 963 1064 1028 ulio
1087 963 1183 1028 verbo
1207 962 1364 1029 utendum

168 1075 269 1148 foretl
299 1076 341 1142 Et
374 1078 401 1140 si
426 1073 459 1138 in
483 1093 546 1139 uno
570 1071 668 1139 verbo
691 1073 923 1160 grammaticus
946 1073 1097 1156 quisquis
1114 1070 1177 1135 fuit
1199 1089 1270 1134 eom
1295 1071 1363 1134 vim

168 1189 270 1251 inesse
304 1182 447 1268 putavit,
484 1184 522 1245 ut
557 1173 752 1262 significaret
784 1182 891 1242 mente
924 1181 1050 1242 tuntum
1083 1181 1115 1240 et
1138 1178 1234 1241 terite
1256 1193 1364 1260 preces

152 1289 295 1380 efferre,
319 1288 526 1356 vehementer
547 1284 691 1365 militur,
711 1303 786 1347 nem
806 1282 890 1368 opud
912 1281 1091 1348 Homerum
1111 1289 1195 1348 reete
1216 1281 1363 1348 additum

170 1402 218 1462 ost
242 1392 273 1462 ir
297 1397 382 1460 κοντοὶ
407 1391 511 1469 toul.
558 1390 671 1475 Itaque
694 1393 831 1475 suspirio
857 1390 938 1455 mihi
964 1390 1098 1456 subnoto
1118 1393 1185 1463 est,
1207 1389 1246 1454 de
1260 1389 1364 1475 formu

171 1503 261 1572 verbi
291 1501 344 1567 hio
368 1502 444 1588 agi,
469 1519 531 1564 non
557 1497 595 1564 de
620 1494 871 1584 significatione,
898 1495 1131 1584 legendumque
1156 1513 1240 1562 esse:
1266 1491 1364 1560 οὕτον

170 1609 267 1692 φησὶν
303 1609 316 1673 ὁ
351 1607 479 1680 ποιητάς
517 1601 687 1682 „nificare”
720 1601 811 1682 Quod
842 1605 870 1668 si
902 1605 954 1667 oui
985 1601 1126 1668 alionum
1153 1602 1296 1678 videtur,
1322 1637 1366 1652 -·

172 1722 386 1804 augmentum
417 1711 506 1780 verbi
538 1709 675 1791 εὔχομαι
706 1711 740 1774 iu
773 1709 914 1775 Homero
938 1729 957 1776 e
980 1709 1070 1775 nulle
1092 1717 1183 1795 porte
1206 1729 1365 1776 commen·

172 1823 278 1898 detur,
305 1825 459 1902 -tum,
492 1819 670 1884 mutatione
701 1815 875 1901 particulae
907 1812 975 1881 rire
1004 1819 1038 1880 in
1061 1815 1138 1881 οὕτω
1162 1815 1214 1882 vel
1237 1817 1283 1881 sio
1305 1835 1367 1879 ser·

173 1933 265 2004 vote,
304 1926 401 1992 verbs
434 1927 480 1990 its
515 1927 608 1990 erunt
642 1922 903 2010 redintegrando:
939 1919 1034 1989 οὕτον
1066 1921 1163 2000 tonsio
1196 1923 1209 1987 t
1241 1921 1366 1996 ποιητὴς

175 2033 290 2112 ηὔξατο
327 2029 377 2118 (ὃν
412 2031 525 2096 uarie
560 2027 723 2114 θυρεόν),
757 2035 898 2094 extrema
928 2032 1084 2096 sententis
1107 2032 1206 2096 otiose
1223 2029 1366 2114 quidem,

175 2145 210 2206 rt
238 2159 301 2205 non
332 2137 471 2223 emplius
501 2139 625 2221 inepto,
661 2137 825 2221 adiuncta,
850 2142 888 2201 ut
914 2158 947 2202 ν.
973 2157 1000 2201 o.
1025 2157 1120 2222 supro
1144 2136 1183 2202 ad
1206 2158 1254 2203 vs.
1281 2134 1367 2214 275,

176 2253 344 2333 postquam
380 2242 526 2330 pluribus
556 2243 756 2327 disputatum
788 2249 836 2308 est
868 2243 944 2328 quid
978 2245 1008 2306 in
1041 2241 1180 2308 Homero
1203 2244 1247 2308 sit
1268 2241 1313 2316 oin
1340 2242 1367 2306 δ’

174 2352 313 2431 άριροορδς
338 2353 404 2416 ἐστο
429 2354 556 2428 λοετρῶν
581 2351 767 2425 Ὠκεανοῖο,
793 2354 859 2414 tote
883 2349 1058 2434 disputatio
1082 2351 1130 2414 its
1149 2348 1376 2416 concluditur?

175 2458 303 2532 ταύτην·
317 2451 365 2523 οὖν
390 2479 443 2535 ροοο
468 2456 573 2534 λέγειν
597 2453 679 2520 δοκεῖ
700 2455 813 2520 ἔννονοον
836 2459 973 2535 λουτροῦ.

221 2713 252 2766 ε,
276 2686 353 2756 467.
388 2687 492 2766 Στίβη
518 2689 598 2763 uerri
624 2691 703 2753 huno
728 2689 1020 2772 interpretationem
1045 2689 1199 2774 repperit:
1225 2690 1242 2763 ἦ
1268 2687 1367 2762 iotario

175 2795 306 2880 ψύχροο,
330 2797 347 2870 ἡ
372 2793 493 2875 πάχνη.
520 2799 577 2858 τῶν
601 2790 692 2872 άποοξ
716 2793 746 2858 δὲ
771 2793 931 2872 εἰρημένων
956 2796 973 2870 η
997 2792 1091 2870 λε’ξνς.
1106 2793 1187 2880 (PQ)
1209 2792 1369 2860 Similiter

174 2902 219 2967 B:
245 2905 263 2978 ἦ
288 2901 388 2975 introis
412 2899 535 2980 ψύχρπ.
558 2902 576 2976 η
599 2900 726 2984 πάχνη,
749 2901 810 2966 άπὸ
829 2905 881 2964 τοῦ
902 2899 1120 2982 οτνβάζεοθοοο,
1135 2921 1269 2986 quorum
1285 2901 1371 2985 prior

175 3027 247 3094 purs
277 3027 377 3092 usque
405 3007 444 3072 ed
468 3006 578 3088 ψύχροο
603 3014 651 3073 est
675 3009 772 3072 etium
797 3009 830 3071 in
854 3005 890 3070 Τ.
916 3006 1150 3074 Putabimusne
1173 3009 1228 3082 την
1253 3007 1369 3081 introis

175 3115 321 3196 ψύχροιν.
347 3149 389 3162 -
415 3112 453 3178 de
489 3133 550 3198 qus
587 3113 746 3180 Hesiodus
777 3121 852 3179 noto
882 3113 971 3180 loeo:
1005 3119 1110 3197 ψυχρὴ
1152 3113 1216 3196 γάρ
1247 3117 1277 3179 τ’
1313 3111 1370 3189 iric

176 3219 308 3285 πέλεται
332 3218 440 3299 Βορέοο
466 3218 611 3291 πεσόντος
625 3257 666 3269 -
688 3219 774 3285 idem
798 3218 903 3286 velere
927 3239 964 3286 oo
987 3222 1042 3294 την
1066 3219 1216 3300 πάχνηνῖ
1239 3221 1286 3288 At
1308 3241 1370 3286 nou

177 3329 254 3392 sinit
289 3325 322 3392 id
357 3331 481 3411 praetor
516 3327 682 3412 utriusque
718 3325 864 3392 vocabuli
894 3333 1040 3393 naturum
1071 3329 1301 3396 Ambrosianus
1324 3329 1370 3407 Ε,

177 3436 316 3520 priorem
351 3437 477 3498 tantum
514 3425 777 3521 significationem
813 3436 861 3499 its
895 3432 1076 3500 illustrans:
1113 3437 1147 3502 τὸ
1183 3435 1218 3514 ἐξ
1252 3435 1370 3515 sitriae

178 3541 264 3619 κρύος
295 3537 458 3617 ρενάμενον
489 3538 636 3617 μάλνοτοο
669 3539 755 3620 ποοροὶ
788 3540 858 3614 τοὺς
884 3541 980 3612 siler
1004 3541 1057 3606 νοοὶ
1082 3542 1141 3614 τάς
1164 3549 1275 3623 χοῖρος
1300 3539 1371 3620 άμοο

181 3645 292 3730 luipo,
326 3641 397 3721 ὅπερ
433 3643 501 3710 ἔνοον
531 3645 656 3724 λέγοντο
689 3644 830 3729 μάλκην,
856 3645 994 3734 (μάλοην
1018 3649 1052 3712 in
1076 3650 1185 3733 paucis
1207 3651 1373 3736 ingenioso

180 3754 361 3819 coniectura
392 3757 440 3817 est
463 3751 493 3818 J.
518 3749 560 3818 (l.
585 3751 769 3818 Schneideri
793 3773 849 3839 pro
873 3753 990 3819 codiois
1013 3753 1148 3820 leotione
1171 3754 1292 3835 μάλην,
1318 3755 1372 3822 sod

180 3863 340 3946 praetereo
374 3859 497 3945 corrige
528 3859 635 3924 sodes:
667 3859 701 3922 τὸ
733 3857 767 3934 ἐξ
799 3859 877 3938 οἰνρ.
910 3838 995 3939 κρύος
1019 3862 1205 3938 γινόμενον
1229 3863 1317 3943 περὶ
1343 3888 1370 3929 τ.

182 3965 278 4037 πόδας
311 3964 363 4029 uel
396 3987 426 4029 r.
450 3965 590 4049 χεῖρον),
615 3985 716 4049 neque
738 3967 844 4053 magis
867 3963 1066 4053 Hesychius:
1093 3967 1244 4047 Zslssn:
1270 3969 1373 4050 ψύχος

184 4073 307 4156 (ψῡχ.),
334 4069 455 4149 πάχνη.
486 4071 549 4152 ,μή
573 4095 614 4147 με
638 4070 923 4152 δοεροάοορΙΙοτίβη
950 4072 1074 4147 §rurist
1099 4077 1125 4158 (ρ
1139 4072 1207 4154 24).
1234 4073 1322 4148 δηλοῖ
1342 4073 1374 4139 ll

181 4180 237 4254 τὴν
267 4179 394 4258 προνῖνην
423 4175 524 4256 δρόσον
556 4177 623 4242 rel
653 4179 687 4242 τὸ
711 4177 825 4258 ψύχος.
854 4177 983 4264 (φὼρ),
1009 4181 1127 4265 quique
1151 4201 1226 4246 eum
1249 4201 1285 4247 eo
1310 4182 1374 4248 fere

183 4285 339 4351 consentit
370 4283 502 4367 Suidus,
526 4303 628 4369 nequo
652 4282 865 4372 Vulgutorum
890 4293 1092 4372 excerptum,
1117 4286 1155 4352 do
1179 4307 1242 4374 quo
1265 4290 1374 4354 stetim

183 4409 330 4480 egemus.
378 4389 505 4476 ltaque,
540 4392 658 4458 inserto
692 4390 849 4475 portiouls
879 4390 1088 4470 disiunctivo,
1120 4393 1153 4457 in
1184 4397 1300 4461 nostris
1330 4395 1376 4480 (et

183 4496 244 4580 Po·
264 4499 296 4562 et
317 4493 357 4583 Β)
382 4495 601 4562 seribendum:
629 4497 646 4574 ἡ
673 4495 772 4573 interl
797 4497 925 4579 ψύχροο,
948 4494 1022 4585 (Ἢ)
1048 4501 1065 4575 η
1090 4499 1210 4580 πάχνη.
1245 4499 1288 4566 Ht
1311 4502 1375 4580 sio,
