3278 5148
841 313 907 383 2⁸76

278 521 327 592 τῇ
352 507 463 576 Ἰλιάδι
488 545 531 558 --
553 509 725 589 χρῆσθαι,
751 507 835 573 uude
858 507 1030 584 articulus,
1055 510 1084 574 si
1102 509 1268 594 iustiori,
1288 509 1322 574 iu
1340 513 1469 576 textum

278 620 467 702 recipiatur,
503 617 537 680 in
571 617 704 682 casuris
733 615 935 702 gravioribus
964 617 1055 680 vitiis
1078 637 1288 702 omnesquae
1311 617 1468 682 habemus

278 724 402 791 codices
432 725 607 789 conmotire
636 723 794 787 videntur.
842 729 1024 798 notaacnota
1048 722 1238 789 Buttmanni
1259 729 1309 788 est
1330 743 1387 808 pro
1410 745 1468 788 n·

278 829 401 908 λέριας,
437 831 626 915 probarique
659 835 780 914 potest,
815 831 844 894 ei
875 829 989 894 ἐοικυῖα
1020 829 1074 894 hic
1104 832 1275 908 Ὁμηρικῶς
1306 829 1467 909 πρέπουσα

277 937 383 1004 valere
406 943 595 1002 statuamus.
642 935 704 1002 Sed
728 937 872 1000 omnium
893 939 1132 1021 corruptissima
1151 937 1294 1003 exhiberi
1314 943 1469 1022 putantur

277 1053 438 1128 extrema,
473 1043 551 1108 adeo
586 1048 624 1108 ut
657 1041 839 1108 Dindorfius
872 1044 919 1108 ita
950 1043 1179 1128 disputaverit:
1210 1043 1329 1120 „schol
1363 1044 1468 1110 dicere

276 1152 411 1218 debebat
443 1151 588 1228 ἐπέμφθη
620 1149 692 1226 πρὸς
725 1149 775 1214 etv
809 1151 964 1228 Πρίαμον,
993 1147 1072 1222 ὅπως
1098 1150 1217 1230 λύτροις
1242 1150 1390 1216 διασῶσαι
1414 1150 1467 1216 τὸν

276 1260 375 1336 νεκρὸν
398 1261 451 1322 τοῦ
473 1256 628 1332 'sarraca
654 1255 729 1320 Vid.
756 1254 795 1320 ll.
819 1281 840 1318 ει
870 1255 967 1320 144.”
991 1259 1035 1320 At
1058 1262 1184 1322 tantum
1208 1257 1297 1322 abest
1321 1263 1358 1322 ut
1377 1257 1467 1322 soht-

275 1365 371 1432 liasta
393 1367 438 1430 sic
461 1364 564 1429 dicere
586 1364 729 1445 deductu,
753 1369 790 1426 ut
813 1369 937 1428 certum
960 1365 1004 1428 sit
1027 1371 1156 1427 etcum
1179 1365 1226 1428 sic
1248 1385 1311 1429 non
1330 1364 1465 1440 dixisse,

277 1481 311 1540 st
340 1477 368 1538 si
399 1473 550 1544 dixisset,
582 1471 819 1554 perversissime
849 1469 947 1535 fuisse
977 1469 1132 1536 locutum.
1176 1470 1357 1536 Mercurius
1379 1473 1466 1537 enim

276 1580 435 1658 mittitur,
462 1599 525 1644 non
549 1583 586 1642 ut
605 1576 771 1642 Priamum
793 1575 940 1642 Hectoris
959 1597 1072 1662 corpus
1093 1578 1248 1643 redimere
1267 1579 1392 1652 iubeat,
1412 1577 1467 1644 sed

279 1693 316 1752 ut
339 1707 446 1752 senem
469 1684 566 1750 iridis
584 1685 673 1748 iussu
691 1682 751 1748 hoc
770 1704 864 1770 agere
882 1683 1061 1749 studentem
1080 1683 1208 1749 salvum
1226 1690 1258 1750 ct
1270 1684 1464 1751 incolumem

277 1795 311 1858 in
332 1791 467 1858 Achillis
486 1788 724 1857 tabernaculum
746 1790 926 1854 introducat
944 1787 1110 1874 ferumque
1130 1789 1253 1855 hostem
1274 1791 1464 1856 demulceat

280 1900 343 1982 Qui
366 1902 451 1964 enim
472 1918 552 1983 quae
572 1896 753 1982 requirebat
775 1894 957 1961 Dindorfius
980 1918 1019 1962 ex
1044 1897 1189 1962 codicum
1217 1897 1323 1962 verbis
1330 1943 1339 1974 ,
1359 1897 1467 1982 qualia

278 2028 362 2073 nunc
382 2025 511 2072 summa
531 2005 707 2070 constantia
727 2021 835 2067 omnes
854 2003 1005 2086 praebent
1023 2003 1098 2085 (nisi
1117 2002 1201 2088 quod
1220 2001 1253 2067 Η
1273 2005 1304 2066 ἐν
1324 2003 1466 2088 ρροτῷ),

279 2113 346 2180 ullo
376 2111 472 2180 modo
503 2117 559 2176 aut
589 2107 732 2194 exsculpi
765 2116 895 2192 possunt
925 2115 981 2173 aut
1012 2111 1046 2173 in
1070 2110 1147 2174 haee
1170 2106 1356 2196 depravari?
1380 2108 1465 2189 Quin

279 2224 308 2286 si
338 2219 544 2308 grammatici
566 2217 681 2299 verba,
710 2253 752 2264 -
777 2214 850 2280 inde
875 2216 914 2281 ab
938 2214 1166 2295 παρατηρητέον
1190 2216 1216 2280 δ’
1240 2213 1286 2281 ὅτι
1309 2215 1467 2282 Aristoni-

280 2349 355 2394 cum
388 2324 535 2411 equidem
562 2323 671 2390 audire
691 2322 774 2386 mihi
798 2321 924 2397 videor,
951 2358 993 2370 -
1017 2325 1062 2388 sic
1087 2325 1300 2410 corrigamus:
1324 2345 1465 2400 raparu-

280 2437 383 2516 ριρεέον
406 2433 432 2500 δ’
455 2430 502 2498 ὅτι
525 2430 578 2496 καὶ
603 2431 633 2494 ἐν
657 2429 765 2494 Ἰλιάδι
791 2425 882 2504 ἅπαξ
906 2428 1052 2510 ἐπέμφθη
1084 2429 1176 2517 (ἐπὶ)
1207 2434 1256 2508 τῷ
1291 2430 1357 2515 (ἐν)
1379 2439 1466 2502 ταῖς

278 2543 452 2623 dispare
478 2539 668 2604 διασῶσαι
694 2536 760 2600 τὸν
785 2535 986 2620 Πρίαμον,
1013 2541 1046 2602 et
1068 2539 1243 2603 sententias
1265 2538 1466 2604 satisfactum

279 2653 358 2725 erit,
394 2647 562 2733 (ultimum
596 2641 706 2709 Iliadis
740 2642 861 2708 librum
892 2643 939 2708 sic
969 2663 988 2708 a
1018 2645 1240 2729 grammaticis
1269 2644 1361 2710 citari
1395 2645 1467 2729 quis

278 2752 413 2839 nescitl)
452 2759 484 2819 et
519 2748 715 2836 corruptelae
749 2751 903 2814 rationem
938 2749 1036 2814 simul
1068 2769 1144 2814 cum
1178 2750 1311 2815 remedii
1344 2753 1466 2816 ratione

277 2861 514 2948 perspiciemus.
563 2856 612 2923 Ad
639 2854 750 2922 Iliadis
773 2854 880 2922 locum
905 2875 967 2940 quo
990 2854 1171 2922 Diudorflus
1195 2855 1360 2943 relegabat
1382 2857 1466 2942 quod

276 2971 409 3050 attinet,
436 2974 472 3030 Ω
500 2963 566 3030 144
590 2964 708 3030 frustm
729 2961 794 3029 tale
817 2961 894 3048 quid
918 2982 1049 3047 quaeras
1076 3000 1115 3026 -τ
1138 2963 1185 3027 ibi
1207 2965 1291 3028 enim
1317 2963 1357 3029 de
1380 2983 1467 3030 more

277 3075 340 3142 Iris
373 3075 518 3140 mittitur
551 3072 685 3147 nuncia,
711 3070 832 3135 -sed
867 3071 983 3135 nostris
1013 3068 1133 3136 similia
1162 3067 1315 3157 leguntur
1346 3069 1387 3136 cd
1418 3091 1466 3136 vs.

280 3181 347 3248 334
380 3183 413 3245 in
448 3176 558 3253 BMV,
592 3196 673 3262 quae
707 3181 871 3261 propterca
905 3195 1030 3260 quoque
1065 3176 1269 3242 describenda
1303 3177 1400 3260 duxi,
1429 3181 1468 3242 ut

278 3292 380 3358 obiter
421 3305 522 3351 unum
565 3289 598 3348 et
641 3281 778 3348 alterum
813 3282 965 3348 mendum
1001 3281 1112 3348 tollam
1147 3283 1464 3349 manifestissimum:

277 3391 463 3474 ἀπήλλαξεν
497 3392 511 3455 d
547 3391 671 3464 πειητὶρε
711 3389 863 3468 ζητήσεως
897 3390 981 3466 ἡμᾶς
1015 3388 1152 3470 προσθεὶς
1186 3392 1241 3462 rire
1276 3390 1381 3454 αἰτίαν
1416 3389 1466 3456 διὰ

275 3506 309 3573 et
342 3507 393 3570 ρῦρ
427 3501 469 3579 τῷ
501 3500 598 3576 Ἐρμῇ
634 3501 750 3576 χρῆται
787 3494 913 3576 διακόνῳ
948 3495 1000 3560 καὶ
1036 3500 1068 3562 αὐ
1100 3506 1139 3578 τῇ
1167 3497 1274 3575 Ἴριδι,
1303 3499 1338 3562 οὐ
1374 3497 1466 3582 (γὰρ

276 3613 363 3699 add.)
395 3603 622 3686 παραγγελίας
654 3599 747 3679 μόνης
780 3599 838 3668 ἔδει
863 3607 975 3682 ψιλῆς,
1001 3599 1075 3668 ὅπου
1098 3627 1138 3682 γε
1161 3603 1225 3668 οὐδ’
1253 3604 1288 3669 ia
1314 3609 1368 3669 τοῦ
1398 3626 1468 3680 αρα-

275 3723 394 3798 Φανοῦρ
417 3715 526 3780 ἑαυτὸν
550 3711 699 3786 ὁμολογεῖ
739 3709 884 3792 Πριάμῳ,
909 3711 985 3775 ἀλλ’
1010 3709 1060 3773 ἐπὶ
1085 3711 1127 3789 τῷ
1150 3716 1351 3790 φιλαπειῆααι
1374 3709 1468 3778 αὐτὸν

277 3825 429 3906 ’λχιλλεῖ
459 3819 511 3886 καὶ
544 3815 661 3896 κλέψαι
693 3817 748 3888 τὴν
775 3817 905 3892 πορείαν.
955 3815 1059 3882 Addit
1089 3816 1308 3884 Victorianus:
1339 3817 1384 3883 ae
1415 3817 1467 3882 sai

277 3935 332 4008 rip
360 3928 473 4014 ῥάβδον
505 3923 592 4006 ἔχει,
625 3917 701 3986 ὥστε
727 3923 864 4000 κοιμίσαι
888 3923 958 3994 τοὺς
983 3923 1133 4003 Φύλακαε
1158 3923 1211 3989 καὶ
1236 3925 1393 4005 ἐπεγεῖραι
1417 3923 1469 3989 rte

279 4040 435 4120 Πρίαμον,
468 4034 500 4098 ἑν
524 4033 555 4098 δὲ
579 4029 770 4100 Ὀδυσσεὺς
793 4031 948 4108 career.
997 4028 1161 4098 Ultimum
1186 4037 1366 4097 monstrum
1390 4053 1468 4097 num

277 4145 361 4214 alius
391 4143 462 4229 quie
492 4141 557 4205 iarn
592 4138 809 4223 procuraverit
838 4139 968 4224 ignoro,
993 4137 1075 4202 mihi
1098 4141 1144 4204 sic
1169 4149 1254 4204 certa
1277 4141 1469 4205 correctione

276 4248 510 4342 procurandum
534 4245 677 4312 videtur:
705 4277 724 4293 ·
739 4278 758 4293 ·
772 4279 791 4294 -
815 4243 973 4324 ἐπεγεῖραι
997 4245 1049 4310 τὸν
1073 4246 1225 4324 Πρίαμον,
1251 4245 1282 4310 ἐν
1308 4244 1339 4310 δὲ
1360 4243 1470 4312 Ὀδυσ-

276 4358 369 4442 retp
392 4357 535 4438 ἄργῶε.
559 4351 645 4420 Nam
668 4355 812 4436 spectant
832 4351 911 4418 haec
935 4353 1152 4438 quaestionem
1176 4353 1210 4418 in
1233 4353 1351 4418 nostris
1372 4351 1468 4438 paulo

277 4467 359 4538 intra
391 4463 444 4554 (ad
466 4487 481 4528 ε
506 4459 564 4548 47)
594 4463 716 4525 motam
746 4457 785 4525 de
813 4457 971 4528 Mercurio
1000 4461 1099 4528 etiam
1128 4479 1204 4528 cum
1227 4458 1267 4524 ad
1290 4456 1466 4548 Calypsum
