3330 5144
804 248 871 317 232

252 441 382 510 divitias
415 437 591 524 luxumque
627 438 823 512 laudaverit,
865 442 1062 524 proposuisse
1098 439 1234 506 eundem
1269 441 1303 502 iu
1339 435 1444 504 Ulixis

254 551 384 618 aedibus
420 549 557 632 speciem
589 546 702 611 domus
733 565 795 610 non
825 545 1019 630 splendentis
1049 567 1150 630 nequa
1179 543 1368 632 magnificae
1391 543 1443 624 ssd

253 659 415 737 munitae,
439 655 568 718 omnino
592 654 732 716 carmina
758 655 865 736 poetae
888 673 950 716 uon
973 652 1019 716 ita
1042 671 1107 716 asse
1131 654 1323 736 composita,
1350 657 1387 714 ut
1411 653 1444 714 in

253 760 390 850 singulis
432 758 516 844 quod
551 757 685 843 quisque
722 760 869 822 imitetur
904 759 1035 822 virtutis
1070 757 1231 824 studiosus
1265 757 1442 823 exhibeant

255 867 368 943 Brevi,
399 867 444 932 ita
474 863 656 949 respondet,
680 870 717 928 ut
740 884 840 948 neque
860 863 1041 950 philosophi
1065 885 1230 949 personam
1254 885 1356 948 neque
1380 862 1444 930 Ho-

255 976 334 1040 meri
357 973 520 1038 sucosioris
543 976 682 1036 euueret.
708 969 795 1050 Quae
819 971 846 1034 si
869 977 953 1036 recte
976 969 1137 1055 disputata
1161 975 1249 1047 suut,
1275 970 1444 1036 verborum

255 1083 289 1146 iu
311 1079 405 1166 initio
427 1079 617 1143 amissorum
641 1079 796 1142 sententis
816 1076 892 1142 haec
913 1076 976 1142 fere
996 1077 1075 1142 fuit:
1097 1077 1233 1155 ἀπρεπὲς
1254 1076 1289 1140 τὸ
1309 1074 1446 1158 Ὅμηρον

257 1189 311 1260 τὴν
342 1184 503 1250 Μενελιίτυ
526 1182 624 1248 οίιιίαν
647 1184 686 1254 ῶς
711 1189 866 1256 πολυτελῆ
890 1185 941 1248 καί
967 1189 1128 1263 τρυφῶσαν
1154 1185 1297 1248 ἐπαινεῖν.
1325 1182 1445 1258 'Parios

258 1293 289 1358 δὲ
319 1290 363 1356 ὅτι
395 1291 428 1357 οὐ
453 1290 519 1370 περ)
544 1289 667 1355 ποίντιιν
690 1295 797 1355 ταῦτα
819 1289 924 1374 λέγει,
949 1290 999 1356 vel
1023 1289 1127 1356 simile
1150 1290 1244 1376 quid,
1269 1297 1339 1376 post
1363 1312 1443 1376 quae

257 1401 376 1486 pergit:
405 1397 563 1469 Μενέλαος
589 1395 619 1461 δέ
644 1403 779 1483 atquae
807 1395 919 1462 deinde
941 1404 1124 1482 sequuntur.

303 1612 339 1688 δ,
366 1610 440 1676 113.
487 1607 668 1676 Houorilics
689 1609 832 1694 loquitur
854 1608 1020 1674 Menelaus
1044 1609 1082 1674 de
1113 1608 1225 1693 Ulixe,
1258 1631 1337 1697 quus
1361 1631 1446 1676 com-

259 1719 447 1784 memoratio
478 1714 669 1781 Telemacho
699 1715 848 1782 lacrimas
877 1722 1003 1793 movet,
1033 1721 1128 1800 atque
1158 1720 1205 1780 its
1237 1714 1290 1795 iit,
1315 1724 1352 1783 ut
1376 1717 1447 1802 quis

259 1829 302 1890 sit
326 1822 452 1890 facilius
476 1827 694 1910 cognoscatur.
744 1820 964 1886 admonemur
986 1822 1025 1887 ad
1048 1822 1146 1888 haec:
1172 1823 1189 1896 ἡ
1214 1824 1293 1899 αὐτὴ
1318 1823 1449 1894 irritem

148 2009 151 2016 ,
259 1930 311 1995 καί
337 1931 423 2010 παρὰ
449 1926 563 2005 Φαίαξι
589 1928 682 2008 πρὸς
706 1925 890 1999 Ὀδυσσέως.
912 1927 926 1993 ὅ
951 1928 1008 2001 μὲν
1032 1929 1094 2008 γὰρ
1115 1930 1173 2002 τῶς
1194 1930 1302 1995 ἑαυτοῦ
1323 1929 1450 2010 πράξεις

260 2035 375 2102 σίκοιίιιν
411 2035 532 2120 κλαίει,
564 2033 577 2097 ί
608 2035 640 2100 δὲ
672 2039 733 2098 τοῦΙ
760 2037 873 2114 πατρὸς
897 2034 1112 2110 ιίνιιρκνιρσίείς.
1139 2034 1229 2121 (MQ)
1255 2035 1451 2123 Praepositio

260 2143 350 2222 τρίς,
382 2161 461 2228 quse
488 2148 536 2206 est
566 2141 600 2205 iu
631 2137 676 2217 M,
700 2135 752 2204 hit
776 2139 843 2205 sine
867 2140 964 2206 dubio
988 2142 1105 2209 absona
1128 2147 1194 2226 est,
1220 2163 1320 2227 nsque
1346 2145 1451 2230 magis

260 2257 353 2335 apta,
387 2269 484 2333 quam
516 2246 597 2313 alter
620 2247 716 2312 codex
747 2246 861 2325 habet,
899 2247 965 2312 ὑτί.
1016 2245 1050 2312 In
1083 2247 1141 2314 hac
1173 2253 1282 2313 autem
1315 2249 1452 2336 vestigia

263 2359 329 2422 veri
359 2363 451 2432 suut,
482 2355 555 2421 nain
590 2355 778 2439 requiritur:
811 2354 827 2428 ἡ
860 2355 939 2428 αὐτὴ
972 2354 1101 2429 διιίίεσις
1133 2355 1184 2420 καί
1209 2356 1294 2435 παρῶ
1321 2354 1452 2431 Φαίαξιν

261 2464 318 2527 ἐπ’
342 2461 525 2536 Ὀδυσσέως.

308 2675 336 2752 δ,
367 2671 439 2738 123.
489 2672 680 2750 Σημειωτὲον
713 2673 765 2738 καί
798 2675 840 2738 τὰ
872 2673 937 2753 περί
969 2679 1027 2737 τῶν
1050 2675 1245 2752 θεραπαινῶν.
1270 2671 1370 2738 ἄλλαι
1394 2675 1451 2752 μὲν

262 2781 325 2860 γὰρ
349 2781 379 2843 ἐν
405 2779 533 2858 Ἰλιάδι,
559 2777 658 2844 ἄλλαι
683 2779 714 2842 δὲ
738 2783 798 2844 νῦν.
822 2781 855 2844 οὗ
879 2781 942 2858 γὰρ
963 2780 1110 2857 εὐπρεπὲς
1136 2782 1195 2851 τίιτ
1225 2780 1451 2860 μετεχούσας

261 2893 314 2952 τοῦ
346 2887 573 2967 ἁμαρτήματος
599 2883 770 2966 ἐπιτρέπειν
794 2893 924 2950 συνεῖναι
949 2896 987 2968 τῇ
1011 2889 1144 2965 γυναικί.
1171 2885 1302 2972 (MQR).
1351 2887 1450 2972 atqui

261 2994 337 3060 illae
360 2995 424 3058 ism
448 3014 510 3058 uon
533 2992 649 3058 adsunt
671 3014 728 3058 nec
753 2992 864 3077 culpae
886 2992 1165 3079 participassent,
1191 2993 1245 3058 ssd
1277 2992 1355 3059 olim
1388 2993 1454 3059 fus·

262 3106 346 3167 runt.
393 3099 494 3166 Paulo
527 3101 705 3166 accuratius
736 3101 838 3186 igitur
870 3099 1042 3165 scribatur:
1074 3091 1451 3181 reassumpsisse

261 3205 515 3287 μετασχούσας
551 3211 604 3270 τοῦ
636 3203 865 3284 ἁμαρτήματος
897 3206 1093 3287 ἐπιτρέπειν
1125 3205 1212 3294 (ἔτι)
1246 3215 1377 3272 συνεῖναι
1413 3216 1452 3287 τῇ

260 3319 402 3395 γυναικί,
432 3315 494 3378 nisi
518 3315 681 3398 quiscum
709 3311 828 3378 Ooheto
852 3295 1020 3393 (Mnemos.
1046 3313 1086 3380 N.
1113 3313 1143 3379 S.
1172 3312 1366 3380 1879.V01.
1394 3311 1452 3378 Vll

260 3444 291 3508 p.
324 3420 402 3508 428)
434 3419 547 3485 malit:
579 3426 686 3491 rats*
705 3420 948 3501 peremissis.
982 3418 1045 3486 Sed
1077 3419 1196 3491 vel,aic
1221 3419 1265 3485 ἔτι
1290 3420 1451 3487 adiectum

261 3529 473 3596 necessarium
496 3527 641 3593 arbitror.

308 3739 343 3824 δ,
383 3737 455 3804 149.
489 3735 637 3803 Affirmst
667 3735 791 3802 Helena
821 3757 853 3801 se
884 3755 1051 3824 agnoscere
1081 3737 1330 3822 Telemachum,
1366 3736 1449 3822 quod

262 3849 350 3913 omni
373 3867 412 3912 ex
434 3849 523 3931 parte
545 3844 630 3929 patri
653 3842 768 3908 similis
791 3845 850 3908 sit:
876 3844 971 3908 κείνου
996 3844 1058 3924 γὰρ
1082 3845 1196 3910 τοιαίδε
1220 3867 1254 3908 πε
1275 3853 1390 3926 χεῖρες.
1416 3843 1453 3909 In

261 3952 388 4020 Scholia
423 3950 551 4017 affertur
586 3949 808 4036 proverbium:
844 3949 879 4014 τί
911 3951 928 4014 δ
936 3950 949 4014 ὲ
982 3949 1167 4028 λεγόμενον·
1204 3953 1260 4028 ,ἐκ
1293 3952 1388 4017 ποδῶν
1413 3953 1454 4024 είς

261 4057 438 4139 κεφαλήν.”
486 4053 628 4122 conferri
658 4056 748 4121 iubet
777 4053 961 4122 Diudorfius
984 4056 1077 4122 Iliad.
1102 4067 1127 4121 Σ
1154 4056 1230 4141 353,
1256 4059 1310 4135 ubi
1335 4065 1398 4124 est:
1427 4059 1456 4130 ἐς

262 4166 360 4239 πίδας
392 4165 428 4228 ἐκ
457 4168 612 4244 κεφαλῆς.
661 4161 751 4241 Quod
782 4185 861 4228 num
893 4165 939 4229 its
968 4166 1027 4240 sit,
1060 4183 1121 4228 non
1146 4163 1280 4243 definio,
1309 4200 1348 4214 --
1375 4165 1466 4256 mihi·

261 4273 390 4359 quidem
425 4289 535 4337 versus
564 4267 620 4332 ille
649 4285 689 4333 ex
713 4268 814 4334 Iliade
837 4291 909 4336 cum
934 4269 1125 4355 proverbiali
1149 4268 1329 4350 locutione,
1356 4291 1453 4357 quam

264 4379 351 4446 affert
381 4374 567 4451 scholiasta,
599 4374 679 4440 nihil
713 4375 839 4442 videtur
867 4376 983 4442 hahere
1013 4395 1200 4453 commune,
1228 4413 1269 4424 —-
1295 4377 1349 4443 serl
1372 4383 1456 4442 certe
