3318 5138
837 313 881 386 92

209 596 211 602 Ι
263 504 417 574 collatum
448 513 495 572 est
525 507 690 574 exordium
722 511 872 574 orationis
896 508 1060 574 Diomedis
1084 519 1123 586 Ξ,
1152 507 1233 576 11οι
1255 507 1355 588 ἐγγὺς
1377 507 1450 589 ἁνήρ

267 653 307 664 -
333 616 365 680 οὐ
395 613 470 689 δηθὰ
495 613 694 692 ματεύσομεν
721 653 760 663 -
784 615 820 680 al
841 620 869 679 κ’
894 616 1017 690 ἐθέλητε
1051 619 1068 692 Η
1103 617 1257 681 πείθεσθαι
1281 631 1353 682 κτλ.
1402 615 1451 682 Ad

265 728 415 786 neutrum
457 721 565 787 locum
600 720 712 787 Iliadis
746 723 778 786 in
813 720 950 788 Scholiis
984 743 1067 788 nnnc
1104 722 1225 808 aliquid
1266 724 1453 790 adnotatum

265 831 427 914 reperitur.

309 1043 343 1120 β.
369 1041 423 1108 45.
452 1039 470 1106 d
497 1065 548 1120 μοι
578 1043 672 1108 κοινὸν
704 1039 837 1118 ἔμπεσεν
869 1042 936 1120 οἴκῳ
970 1041 986 1121 ΙΙ
1015 1043 1090 1110 δοιοὶ.
1117 1043 1246 1130 Triplex
1270 1045 1367 1109 huius
1390 1043 1454 1108 loci

265 1150 441 1233 antiquitus
476 1147 538 1213 fuit
574 1151 756 1233 scriptura,'
784 1147 822 1212 de
856 1149 972 1232 quibus
1007 1151 1054 1214 ita
1090 1149 1216 1216 Scholia
1250 1149 1294 1237 (in
1319 1149 1453 1234 BHMl:

265 1253 508 1334 Ἀριστοφάνης,
543 1249 561 1319 d
589 1278 640 1330 μοι
673 1256 758 1318 κοινὰ
789 1252 916 1330 ἔμπεσε.
941 1255 976 1318 τὸ
1001 1255 1032 1320 δὲ
1058 1252 1097 1333 „o”
1117 1257 1185 1332 μοι”
1209 1258 1276 1322 ἀντὶ
1303 1262 1356 1322 τοῦ
1383 1253 1451 1336 „dre

265 1362 342 1441 μοι’.
378 1359 552 1446 Hucusque
584 1360 628 1446 133
663 1362 769 1448 pergit
797 1361 831 1425 H
864 1363 908 1446 (et
941 1361 991 1446 M)
1022 1363 1100 1432 τινὲς
1127 1363 1157 1427 δὲ
1181 1365 1257 1427 doc
1283 1364 1357 1450 (sic,
1384 1364 1452 1428 sine
1488 1371 1493 1378 '

264 1471 407 1552 accentu)
439 1467 516 1547 οἴκῳ.
539 1469 664 1560 ,κῆδος
698 1469 785 1545 λέγει
818 1467 912 1540 οὕτως
939 1467 977 1544 „d
1000 1492 1050 1546 μοι
1076 1469 1170 1534 κιικὸν
1194 1470 1312 1547 ἔμπεσε
1337 1470 1452 1544 κῆδος”.

265 1573 347 1641 Sunt
369 1576 446 1640 haec
469 1597 486 1640 e
510 1575 670 1660 Didymo,
696 1581 733 1638 ut
755 1575 897 1660 videtur,
923 1581 1072 1661 excerpta
1095 1582 1189 1661 atque
1214 1578 1291 1643 adeo
1315 1597 1334 1642 a
1357 1576 1450 1642 Mau·

264 1684 344 1748 ricio
372 1680 551 1746 Schmidtio
582 1684 665 1747 inter
695 1685 763 1747 eius
794 1677 944 1767 reliquias
974 1682 1090 1766 relata,
1121 1683 1195 1748 licet
1218 1687 1246 1762 is
1271 1683 1452 1770 fragmenta

177 1825 181 1833 ·
264 1788 361 1874 paulo
384 1791 479 1852 etiam
505 1787 638 1852 exiliora
659 1788 806 1860 habuerit
829 1809 924 1872 qnam
950 1809 1033 1852 nunc
1057 1795 1140 1853 sunt.
1177 1789 1327 1874 'triplicis
1349 1793 1452 1878 igitur

265 1899 298 1960 in
331 1897 396 1973 his,
430 1901 466 1958 ut
497 1894 660 1978 diximus,
685 1896 859 1979 scripturae
883 1895 1002 1959 mentio
1027 1893 1079 1972 fit,
1106 1915 1242 1980 quarum
1264 1917 1344 1981 quae
1368 1919 1452 1960 nunc

266 2021 389 2088 quoque
412 2001 551 2066 invaluit
569 2039 610 2050 -
631 1997 648 2064 d
668 2025 718 2079 μοι
744 1999 868 2066 ιιιιιιὸν
893 1999 1026 2077 ἔμπεσεν
1051 2002 1161 2086 οἴκῳ,
1184 2002 1248 2067 δοιοὶ
1263 2041 1303 2050 -
1318 2006 1441 2068 Aristar

266 2110 325 2175 cho
352 2107 494 2191 debetur,
518 2107 600 2193 quod
625 2113 657 2172 et
680 2128 735 2192 per
758 2128 790 2172 se
814 2111 902 2192 patet
924 2113 957 2172 et
980 2129 1018 2173 ex
1042 2106 1170 2174 Scholio
1199 2110 1239 2175 ad
1268 2095 1454 2194 sequentem

266 2237 395 2284 versum
425 2218 459 2280 in
490 2214 534 2280 E:
567 2215 580 2278 d
604 2215 661 2290 μὲν
686 2212 913 2296 Ἀριστοφάνης
938 2215 1021 2278 nand
1047 2217 1252 2290 πληθυντικῶς
1276 2215 1412 2294 γράφει·
1439 2217 1453 2280 ὂ

267 2323 297 2388 δὲ
334 2309 537 2403 Ἀσέστιιρχοε
574 2319 609 2384 τὸ
643 2320 710 2384 δοιοὶ
741 2321 809 2384 ἀντὶ
839 2326 892 2386 τοῦ
924 2320 1016 2401 διχῶς
1049 2323 1170 2407 scoto,
1194 2323 1310 2407 quibus
1333 2323 1455 2388 similia

266 2429 459 2495 Harleianus
489 2427 627 2512 praebet
675 2416 922 2513 Aristophanem
946 2429 1092 2514 probasse
1115 2427 1272 2514 pluralem
1297 2467 1338 2478 -
1363 2425 1453 2506 ἔμοι

266 2537 374 2602 κοινὰ
410 2533 543 2611 ἔμπεσεν
578 2532 670 2614 οἴκῳ
704 2572 746 2584 -
779 2555 888 2600 omnes
924 2539 1066 2600 auctores
1101 2541 1183 2600 sunt.
1232 2533 1295 2600 Sed
1327 2536 1390 2600 fuit
1421 2543 1455 2602 et

265 2646 360 2708 tertia
390 2645 562 2727 scriptura:
595 2636 613 2705 d
640 2665 691 2716 μοι
724 2641 848 2706 κοινὸν
879 2639 995 2716 ἔμπεσε
1026 2642 1161 2718 κῆδος,
1188 2642 1347 2728 adquam
1372 2643 1454 2710 duae

265 2751 497 2815 observationes
529 2769 566 2814 ex
597 2746 692 2812 HlldS
725 2785 765 2796 -
798 2752 836 2812 ut
867 2747 1009 2825 videtur,
1043 2786 1084 2796 -
1109 2751 1277 2834 pertinent.
1324 2749 1453 2816 Harum

265 2859 370 2942 prima
399 2863 464 2920 est:
500 2856 578 2926 τινὲς
603 2855 634 2920 δὲ
659 2855 1041 2940 οὶνοι(γινώσκονσιν)
1070 2855 1188 2934 ,,οἴιιῳ”,
1212 2877 1286 2920 nam
1312 2859 1357 2922 sic
1381 2878 1455 2942 sup-

264 2962 418 3047 pleverim
450 2961 533 3027 illud
565 2962 644 3044 dvc,
675 2961 756 3046 qnod
786 2963 853 3026 sine
877 2967 1007 3026 accentu
1031 2965 1171 3046 positum
1196 2962 1348 3028 editorem
1375 2984 1453 3030 con-

266 3068 459 3134 turbaverat.
483 3068 549 3133 Nec
573 3069 657 3132 hunc
681 3072 824 3139 tantum.
849 3067 903 3132 ssd
927 3074 959 3132 et
982 3067 1150 3132 librarium
1171 3067 1306 3134 Parisini
1328 3069 1455 3136 Smalo

265 3176 394 3258 habuit,
415 3176 470 3259 qui
487 3173 526 3239 de
545 3177 723 3240 coniectura
742 3173 809 3238 sine
826 3174 923 3238 dubio
942 3195 1000 3238 sua
1019 3175 1094 3239 hinc
1117 3174 1251 3247 τινὲς,δὲ
1275 3177 1348 3252 „do'
1368 3175 1456 3256 οἴνῳ”

265 3281 383 3365 effecit,
415 3302 529 3365 prave,
560 3300 633 3345 nam
659 3279 797 3364 aliquem
822 3302 860 3346 ex
884 3281 1045 3346 veteribus
1067 3283 1187 3346 criticis
1210 3281 1268 3347 hoe
1293 3281 1361 3347 loco
1384 3283 1458 3348 Ho-

264 3388 382 3454 merico
411 3385 429 3452 ὅ
449 3412 500 3466 μοι
525 3386 617 3452 κοινὸν
644 3383 785 3462 ἔμπεσ’
809 3389 863 3450 ἀν’
887 3385 976 3466 cinq
999 3389 1161 3472 scripsisse
1185 3390 1239 3454 vir
1264 3408 1392 3473 possum
1417 3391 1455 3454 in

263 3499 409 3562 animum
440 3495 598 3560 inducere.
646 3492 750 3558 Simul
780 3493 867 3558 idem
896 3495 999 3558 scriba
1022 3501 1144 3559 caetera
1167 3515 1291 3580 quoque
1316 3495 1456 3562 ulterius

263 3602 449 3688 depravavit
471 3603 505 3665 in
529 3601 613 3666 hunc
636 3599 786 3665 modum:
820 3601 1028 3679 ἀριστοφοὶνης
1060 3597 1077 3664 d
1107 3625 1157 3676 μοι
1190 3609 1319 3675 κακῶς
1354 3603 1456 3688 („sic,

202 3693 205 3698 ¹
263 3712 379 3775 omisso
408 3705 573 3786 ἔμπεσεν”.
606 3705 716 3790 Dind.)
749 3706 783 3770 τὸ
814 3708 845 3771 δὲ
875 3701 893 3769 d'
914 3731 964 3782 μοι
990 3706 1058 3772 olari
1082 3713 1135 3772 τοῦ
1162 3706 1205 3772 ὅτι
1231 3733 1293 3785 μοι.
1317 3711 1395 3782 τινὲς
1420 3709 1455 3776 δὲ

264 3819 318 3881 ἀν’
354 3813 431 3894 οἴκῳ.
468 3814 582 3889 κῆδος
615 3811 702 3890 λέγει
727 3811 837 3890 οὕτως,
865 3809 953 3888 ἔμοι
979 3813 1072 3877 κοινὸν
1095 3811 1213 3890 ἔμπεσε
1238 3817 1346 3893 κῆδος,
1371 3823 1454 3882 caet.

199 3899 207 3916 ⁶
264 3922 379 4008 (Praei.
410 3943 440 4006 p.
473 3921 552 4005 xnj.)
590 3917 659 3984 Hoc
694 3925 803 3984 autem
839 3924 949 4004 sponte
985 3927 1133 4005 apparet,
1166 3925 1221 4006 qni
1250 3922 1453 3988 adnotaverit

262 4030 339 4100 τινὲς
372 4027 403 4093 δὲ
427 4029 685 4104 ἀναγινώσκουσιν
713 4025 828 4108 ησῖκῳᾞ
853 4027 951 4090 ctiam
975 4026 1033 4092 hoc
1056 4027 1248 4092 vocabulum
1273 4029 1453 4114 aquodam

261 4137 474 4224 grammatico
497 4139 656 4224 tentatum
681 4152 746 4196 esse
770 4129 965 4218 significare,
990 4138 1021 4197 et
1045 4133 1084 4198 ad
1108 4133 1167 4198 hoc
1191 4134 1298 4219 ipsum
1319 4136 1454 4201 reseren-

263 4243 341 4306 dum
372 4261 481 4306 censeo
510 4239 680 4306 secundam
710 4238 959 4303 observationem
982 4241 1016 4302 in
1041 4241 1142 4306 tribus
1164 4241 1325 4307 codicibus
1349 4263 1454 4308 serva·

262 4354 346 4414 tam:
371 4349 458 4422 aide:
483 4349 571 4434 λέγει
596 4343 687 4416 οὕτως
713 4359 783 4409 κτλ.
808 4343 886 4424 Quis
915 4351 1023 4409 ausam
1043 4346 1139 4412 huius
1158 4347 1303 4414 lectionis
1324 4349 1454 4415 auctori

261 4454 412 4526 Auctoris
448 4457 533 4521 enim
567 4473 682 4518 nomen
717 4452 835 4536 requiri
866 4453 935 4536 ipsa
966 4456 1139 4519 sententiae
1172 4455 1273 4520 lorma
1302 4455 1451 4522 ostendit.
