3278 5148
735 325 799 392 859

174 512 330 580 Similiter
353 515 379 578 V
403 516 444 580 ad
466 537 593 582 versum
618 517 874 602 piaecedonlem':
901 521 955 592 chr
976 517 1048 596 πρὸς
1070 517 1190 588 πάντες
1210 496 1359 596 chaelon

174 621 316 706 πομπιέν,
341 621 459 698 ταύτην
482 621 534 687 rol
560 623 623 688 ἐπὶ
649 623 791 691 τούτου
814 634 914 705 τηρεῖν
936 627 1089 705 βεβοιέοιν.

219 839 250 912 l,
278 835 351 902 133.
398 836 575 904 Laudamus
599 838 637 904 ad
661 837 820 906 Phaeaces

334 947 454 1021 Δεῦτε,
479 945 583 1026 φίλοι,
607 946 658 1009 τὸν
681 943 776 1020 ξεῖνον
799 946 933 1026 έριέμεθιι
958 945 986 1010 sl
1006 945 1060 1011 τιν’
1084 945 1191 1011 ἄεθλον

333 1046 393 1116 οἶδέ
417 1075 452 1114 τε
477 1051 529 1122 scol
554 1051 692 1126 δεδάηκε.

174 1155 361 1222 Admiratus
384 1157 460 1224 hacc
484 1161 715 1245 grammaticus
737 1161 770 1224 in
799 1158 842 1224 T:
869 1161 972 1234 ἠθικῶς
997 1157 1086 1240 ἄρα·
1112 1160 1137 1224 οἱ
1162 1159 1224 1237 γὰρ
1249 1153 1279 1222 έν
1304 1181 1361 1222 τινι

175 1263 389 1344 κατορθοῦντες
412 1264 464 1328 sal
489 1265 560 1344 πρὸς
581 1266 650 1335 τοὺς
671 1263 771 1340 ξένους
793 1265 1030 1338 έπιδεικτιῶντες
1045 1267 1198 1336 κέκεένους
1216 1270 1362 1345 πειρᾶν

175 1369 420 1450 προτρέπειν
452 1369 729 1450 ποορέχοντοοι,
761 1372 887 1448 οέθριενοι
912 1373 1056 1454 προῦχειν
1081 1373 1363 1436 coronaturos]

175 1478 261 1556 rapis
296 1485 359 1550 τοῖς
382 1474 475 1552 ξένοις
500 1477 682 1554 εὐδοκιμεῖν.
731 1478 783 1544 Sic
811 1478 952 1545 scholion
977 1477 1157 1544 Diodorfius
1182 1477 1364 1553 constituit,

174 1581 353 1650 Prellerum
385 1589 463 1669 pulo
503 1591 664 1650 auctorem
702 1591 846 1662 secutus,
882 1586 920 1650 de
957 1605 993 1650 co
1028 1592 1188 1670 praeterea
1221 1587 1268 1649 ita
1302 1585 1365 1649 dis·

174 1695 289 1774 putans
315 1690 409 1777 (App.
436 1712 464 1776 p.
492 1690 589 1774 774):
617 1691 794 1775 „particula
818 1688 878 1769 ἄρτι
903 1691 1020 1756 indicio
1042 1697 1088 1754 est
1109 1691 1262 1756 excidisse
1274 1690 1366 1776 plura

175 1817 254 1880 quae
273 1803 517 1881 praecesserunt.
555 1797 645 1878 Quod
666 1818 727 1863 non
748 1797 974 1862 animadvortit
993 1795 1157 1874 librarius,
1178 1801 1233 1882 qui
1246 1798 1366 1863 lemma

174 1903 225 1968 his
257 1905 362 1970 vorbis
394 1902 540 1990 praefixit
569 1904 658 1968 δεῦτε
682 1904 769 1982 Φέλοι
791 1905 842 1968 τὸν
866 1902 960 1980 ξεῖνον
985 1904 1119 1982 έρώμεθοο
1143 1905 1210 1969 sine
1233 1903 1364 1969 lacunae
1413 1987 1415 1996 Ι

174 2009 302 2076 indicio.
350 2008 478 2076 Omissa
512 2019 620 2076 autem
655 2009 712 2074 illa
746 2011 890 2075 incidunt
924 2011 957 2074 in
993 2009 1138 2076 lacunam
1169 2010 1360 2076 scholiorum

174 2115 291 2182 codicis
314 2113 358 2194 Τ,
384 2137 462 2202 quae
485 2117 599 2201 incipit
622 2123 692 2202 post
716 2115 946 2194 docuisses?
970 2115 1022 2199 (ad
1047 2119 1078 2192 θ,
1106 2119 1164 2194 63;
1190 2139 1217 2202 p.
1241 2115 1320 2191 361,
1344 2115 1363 2180 6

175 2220 286 2306 Dind.)
332 2222 371 2287 In
395 2221 501 2288 codice
525 2221 670 2288 lacunam
697 2243 843 2288 essenon
868 2245 922 2309 per
946 2243 979 2287 se
1002 2223 1212 2308 improbabile
1237 2231 1364 2289 estnec

174 2329 207 2391 in
232 2349 269 2392 aa
292 2349 325 2393 re
352 2327 476 2393 oculato
502 2331 575 2392 testi
600 2326 676 2394 fidos
700 2328 893 2416 deneganda.
929 2327 991 2394 Sed
1008 2329 1066 2394 hoc
1081 2329 1160 2394 mihi
1174 2329 1364 2395 uidcorluto

175 2433 334 2500 affirmare
373 2454 481 2520 posse,
517 2432 664 2500 lacunam
695 2433 785 2498 illam
817 2456 874 2500 nec
904 2437 1028 2520 probari
1059 2438 1121 2500 islo
1151 2433 1211 2514 θροι
1243 2457 1300 2502 nac
1330 2436 1363 2499 in

175 2550 275 2606 accire
310 2542 419 2606 scholio
451 2539 556 2606 ullum
588 2543 690 2606 inesse
722 2539 861 2606 defectus
885 2542 1050 2624 indicium.
1098 2541 1255 2626 Corrupia
1287 2547 1362 2606 sunl

174 2647 346 2732 quaedam,
373 2669 472 2712 unum
497 2648 535 2712 ab
561 2649 628 2732 ipso
653 2647 771 2712 editore
792 2649 962 2732 vitiatum,
986 2647 1106 2734 (πειρᾶν
1127 2647 1361 2731 videlicet,pro

173 2774 236 2840 quo
271 2755 369 2822 codex
406 2755 546 2838 πεῖραι),
581 2773 661 2838 quae
696 2756 723 2816 si
758 2754 953 2818 sanabuntur
993 2753 1076 2818 nihil
1118 2753 1357 2818 desiderabitur.

173 2859 375 2926 Scribamus:
408 2862 511 2936 ἠθικῶς
544 2859 671 2938 ἄγνον·
700 2860 725 2924 οἱ
750 2860 813 2938 γοὶρ
837 2860 866 2924 έν
891 2882 949 2925 τινι
973 2861 1186 2939 κοιτορθοῦντες
1212 2859 1263 2924 κοτέ
1287 2859 1359 2936 πρὸς

172 2969 243 3038 τοὺς
283 2965 379 3042 ξένους
418 2967 654 3038 έπιδεικτιῶντος
690 2966 847 3038 sissimus
883 2969 965 3052 (εἷς)
1002 2975 1147 3046 πεῖραν
1183 2965 1360 3044 προτρέπειν

172 3073 404 3155 ὀρέγονται,
436 3073 560 3148 οἰόμενοι
593 3071 738 3151 προῦχειν
769 3073 867 3158 (τῶν)
900 3073 1010 3138 error
1044 3073 1093 3137 διοὶ
1117 3074 1159 3136 τὸ
1185 3074 1270 3148 ποιροὶ
1295 3079 1356 3144 τοῖς

171 3181 263 3260 ξένοις
284 3181 470 3258 εὐδοκιμεῖν,
496 3185 527 3245 et
551 3182 584 3242 in
608 3178 728 3244 scholio
752 3181 785 3243 in
809 3200 935 3244 summa
959 3179 1114 3245 brevitate
1133 3179 1356 3262 loquacissimo

171 3308 333 3376 superesse
356 3286 460 3372 potius
483 3285 644 3350 videbitur
667 3283 788 3370 aliquid
812 3287 981 3350 verborum
1005 3307 1102 3371 quam
1128 3285 1244 3350 deisse.

218 3502 251 3577 θ,
279 3499 353 3565 147.
399 3501 432 3564 οὐ
457 3499 513 3576 μέν
536 3499 599 3578 γὰρ
621 3498 724 3580 μεῖζον
748 3499 834 3570 κλέος
859 3498 958 3576 ἀνέρος
984 3499 1064 3579 dopo
1090 3526 1141 3566 κεν
1165 3499 1248 3584 ἦνιν,

400 3607 416 3682 ἢ
442 3603 460 3671 d
481 3631 509 3669 τι
536 3605 644 3670 ποοοέν
668 3629 702 3669 τε
726 3603 794 3686 ῥέξιρ
818 3605 869 3669 uxi
894 3607 1000 3686 χερσὶν
1026 3608 1116 3690 ἑῇσιν.

171 3713 378 3798 Paruphrosis
401 3716 433 3778 in
457 3712 502 3792 Q:
536 3716 588 3777 οὐκ
613 3710 677 3776 έοτι
702 3711 805 3794 μεῖζον
830 3711 915 3783 κλέος
940 3713 1039 3794 οὶνέρος
1065 3711 1152 3784 icoc
1177 3715 1252 3780 έττέ.
1302 3714 1359 3780 Ul·

172 3823 254 3886 tima
283 3822 328 3884 sic
362 3822 479 3904 scripta
502 3819 670 3903 adsequar:
696 3854 749 3869 -·
773 3819 873 3897 οὶνέρος
898 3816 966 3892 ἕως
992 3819 1110 3884 έοτιν.
1161 3821 1290 3886 Planius
1314 3823 1356 3888 T:

170 3928 224 3992 οὐκ
255 3926 320 3991 έοτι
351 3924 456 4006 μεῖζον
479 3924 566 3996 κλέος
591 3926 694 4006 ἀνδρὸς
719 3923 784 3998 ἕως·
809 3924 855 3992 dcv
879 3924 921 4006 ζῇ
946 3930 1025 4002 πλὴν
1051 3931 1067 4002 ἦ
1094 3929 1144 3992 διὰ
1168 3936 1225 3994 τῶν
1250 3936 1356 4008 χειρῶν

171 4035 223 4102 nai
250 4033 345 4098 ποδῶν
369 4032 478 4112 οέρέστιρ
505 4031 627 4111 πρᾶξις.

217 4246 246 4319 θ,
275 4243 349 4308 163,
374 4241 534 4330 Euryalus
556 4241 648 4308 Ulixi
670 4244 813 4309 convicia
837 4245 1003 4330 ingerens,
1029 4265 1089 4310 nou
1116 4243 1278 4324 bellatori,
1305 4249 1353 4310 in·

171 4353 258 4439 quii,
284 4357 318 4415 tu
343 4350 423 4416 mihi
446 4349 562 4414 similis
585 4349 722 4434 rideris,

261 4465 349 4530 οὶλλέι
373 4468 413 4544 τῷ
439 4461 468 4526 ἔς
496 4465 517 4526 θ’
542 4461 613 4540 direx
638 4461 686 4536 νηῒΙ
709 4445 889 4540 πολυκληῗδι
915 4463 1068 4544 έκκίζεον,
