3318 5138
849 333 893 404 96

275 543 337 610 quo
373 526 455 592 iacto
490 527 597 614 aliqua
628 527 739 594 saltem
773 528 830 592 lux
861 529 1034 593 sentcntiae
1065 527 1278 594 restituendae
1314 524 1465 612 affulgere

204 652 211 662 ·
275 634 396 718 coepit,
432 653 467 699 ac
503 640 663 720 praeterea
698 632 785 700 solus
819 633 850 698 D
882 655 939 720 pro
973 635 1151 716 πάσχοντος
1184 635 1338 720 scriptum
1369 631 1466 698 hahet

275 742 419 830 ποιοεχοξ
452 741 566 816 {Praei
600 763 629 827 p.
662 743 756 827 xm).
790 741 873 826 quod
905 742 986 808 nihil
1018 742 1107 808 aliud
1139 746 1187 808 oet
1208 761 1304 826 quam
1329 746 1465 803 κοοκοΐοον

277 847 380 911 ἰᾶσθαι
413 847 505 912 κοικοὶ.
554 847 641 914 Num
672 847 735 914 HD
765 867 889 934 quoque
911 850 1183 934 perversissimam
1207 847 1376 915 verborum
1401 844 1465 912 col·

276 952 463 1020 locationem
494 963 685 1039 sequantur,
719 975 799 1039 quae
829 958 864 1020 in
895 954 1125 1022 Mediolanensi
1148 975 1222 1022 sane
1246 951 1379 1020 mirifica
1400 959 1465 1029 est,

276 1079 314 1124 ex
349 1059 504 1126 Diodorfii
537 1061 663 1134 indiciis
699 1065 734 1127 in
768 1062 967 1128 Praelatione
998 1063 1080 1128 datis
1111 1061 1233 1129 efficere
1266 1083 1329 1128 non
1362 1063 1463 1146 potui.

273 1166 460 1232 Proximum
491 1189 565 1234 vero
597 1175 645 1234 est
676 1171 710 1234 in
740 1167 997 1257 Hambnrgensi,
1022 1173 1077 1254 qui
1101 1170 1178 1236 haec
1202 1171 1247 1234 ita
1270 1171 1388 1254 scripta
1411 1189 1467 1233 ex·

273 1273 381 1340 hibere
416 1275 590 1342 censendus
621 1281 668 1341 eat
700 1278 794 1362 (App.
825 1298 857 1362 p.
892 1273 985 1362 739):
1019 1277 1149 1357 ἐλέγχει
1180 1275 1215 1340 τὸ
1247 1277 1379 1358 πλῆθος,
1402 1272 1465 1339 ὅτι

273 1383 351 1460 χρὴ
387 1381 426 1446 δὲ·
463 1381 524 1468 (bis
554 1384 682 1468 scripta)
720 1383 787 1448 καὶ
823 1381 862 1468 (i)
893 1382 988 1448 ἄνευ
1019 1389 1092 1448 τῶν
1124 1381 1254 1460 λόγων
1278 1387 1351 1446 τῶν
1375 1383 1462 1460 ποορ*

273 1487 400 1552 αὐτοῦ
432 1487 593 1570 πάσχον
625 1503 711 1572 aru,
740 1489 824 1555 unde
848 1489 935 1554 facili
960 1493 1089 1577 negotio
1112 1511 1187 1555 vere
1210 1488 1305 1556 lectio
1329 1491 1465 1554 emicat:

273 1592 403 1674 ἐλέγχει
415 1595 449 1658 τὸ
463 1587 621 1680 πλῆθος,ὃ
639 1595 705 1676 (vel
723 1592 809 1676 ὅπερ)
827 1598 920 1676 ἐχρῆν
940 1599 990 1662 καὶ
1015 1595 1112 1662 ἄνευ
1136 1602 1210 1661 τῶν
1235 1596 1365 1672 λόγων
1390 1599 1465 1659 τῶν

273 1705 361 1780 παρ’
385 1702 510 1767 αὑτοῦ
537 1704 631 1788 (τοῦ)
662 1701 936 1790 adnegamus)
970 1703 1158 1769 διακωλῦσαι
1188 1704 1231 1769 τοὶ
1263 1703 1462 1781 τολμώμενα.

274 1805 442 1892 Caeterum
463 1806 616 1874 molestus
636 1808 790 1876 Dindortii
809 1830 878 1876 mos
897 1810 1184 1878 animadversiones
1203 1831 1276 1878 suas
1288 1831 1343 1896 per
1360 1808 1465 1876 varios

274 1910 359 1978 locos
389 1935 511 1999 sparsos
541 1914 713 1981 lectoribus
736 1917 941 2012 consulendas
967 1917 1135 1985 exhibendi
1159 1917 1383 2012 hedwichium
1409 1916 1464 1980 ds·

274 2023 369 2106 cepit,
394 2024 428 2086 in
452 2025 718 2089 commentatione
741 2026 866 2109 saepius
885 2023 1014 2090 laudata
1029 2024 1054 2104 ¹)
1073 2028 1102 2088 ei
1123 2025 1362 2110 exprobrantem
1379 2022 1463 2108 quod

273 2133 393 2194 rectam
416 2130 603 2214 scripturam
629 2128 702 2196 riom
726 2150 782 2216 pro
806 2129 883 2196 οὖτά
906 2151 968 2196 non
993 2133 1308 2206 commemoraverit,
1334 2129 1462 2213 iniuria,

273 2239 311 2300 nt
342 2234 500 2312 vidimus,
533 2257 605 2302 nam
639 2238 671 2302 in
695 2237 893 2303 Praefatione
917 2239 986 2304 eius
1009 2237 1153 2304 lectionis
1176 2237 1298 2303 mentio
1321 2235 1374 2314 fit,
1399 2256 1464 2302 non

273 2341 403 2426 quidem
425 2362 465 2406 ex
488 2340 524 2418 Τ,
549 2342 603 2408 sed
626 2364 666 2408 ex
689 2344 861 2411 Harleiano
885 2365 921 2410 ac
941 2344 1102 2418 Parisino,
1124 2343 1208 2428 quod
1227 2351 1333 2410 tamen
1348 2363 1462 2430 parum

272 2447 385 2516 reterre
416 2451 631 2536 unnsquisque
662 2450 869 2515 existimabit.
916 2451 987 2517 Hoc
1018 2457 1127 2517 autem
1159 2471 1278 2518 novum
1313 2473 1353 2516 ex
1377 2450 1463 2516 hud-

271 2557 378 2622 wichii
406 2557 703 2623 commemoratione
725 2557 840 2652 didici,
865 2563 897 2624 et
919 2560 954 2622 in
979 2557 1005 2638 Q
1029 2557 1176 2624 Scholion
1199 2563 1283 2624 recte
1304 2559 1461 2643 seriptum

271 2670 394 2738 extare,
420 2702 460 2713 -
491 2685 529 2729 an
553 2666 649 2728 etiam
673 2663 806 2730 meliore
829 2685 925 2748 quam
950 2665 1023 2730 inde
1048 2664 1170 2729 editum
1195 2669 1242 2729 est
1262 2661 1390 2730 ordine?
1417 2701 1459 2712 -

271 2772 360 2834 etin
384 2769 438 2847 M,
464 2770 502 2836 de
526 2789 587 2856 quo
611 2770 717 2836 codice
741 2770 825 2836 edita
847 2791 973 2856 prorsus
997 2776 1172 2837 tacuerunt.

315 2978 350 3056 β.
377 2978 429 3044 68.
462 2981 608 3057 λίσσομαι
641 2981 715 3059 ἠμὲν
740 2981 832 3055 Ζηνὸς
859 2979 1038 3056 Ὀλυμπίου
1063 2984 1112 3057 ἠδὲ
1137 2982 1300 3062 Θέμιστος.
1348 2982 1460 3048 Huius

269 3106 378 3153 versuo
408 3088 607 3172 paraphrasis
636 3093 684 3154 eat
714 3091 746 3154 iu
769 3088 807 3154 S:
841 3087 966 3156 ἱκετεύω
991 3091 1073 3168 ὑμᾶς
1100 3089 1149 3154 διὰ
1173 3094 1227 3154 τοῦ
1252 3091 1324 3161 Διὸς
1348 3091 1461 3170 οὖροι-

269 3191 343 3258 νὸο.
367 3193 434 3258 An:
460 3193 509 3258 διὰ
535 3199 587 3258 τοῦ
612 3195 683 3266 Διὸς
707 3194 918 3276 choenica?

315 3406 351 3484 β.
383 3403 436 3472 70.
474 3405 613 3488 Σχέσθε,
646 3407 750 3492 miter,
781 3408 836 3473 καί
867 3411 901 3486 μ’
933 3405 991 3474 οἷον
1023 3408 1138 3474 idoare
1171 3409 1273 3476 πένθεϊ
1294 3413 1396 3494 λυγρῷ
1432 3412 1450 3488 ΙΙ

189 3499 192 3506 ’
270 3513 408 3592 τείρεσθ’.
441 3512 606 3600 Οορίοοοοο
633 3515 825 3600 superhaec
849 3515 1020 3602 Porphyrii
1045 3517 1294 3602 disputationem
1318 3522 1460 3584 servavit

270 3623 335 3686 fere
358 3622 518 3707 integram
541 3619 732 3686 Harleianua
754 3642 771 3685 a
795 3643 890 3686 manu
913 3623 1068 3700 secunda,
1091 3626 1182 3689 cuius
1202 3623 1459 3690 lacerastantum

270 3727 401 3794 lacinias
435 3728 567 3794 antchac
597 3749 653 3812 per
683 3728 862 3813 complures
892 3729 1013 3794 codices
1052 3730 1199 3818 (Musa)
1234 3752 1356 3816 sparsas
1391 3741 1460 3798 erat

270 3836 394 3913 videre,
427 3855 507 3920 quae
532 3833 639 3899 torhen
663 3837 844 3900 etiamnunc
866 3835 945 3900 duas
968 3835 1008 3900 ad
1033 3857 1082 3900 res
1106 3836 1201 3902 utiles
1225 3857 1291 3904 esse
1316 3843 1469 3922 possunt.¹

270 3943 354 4010 Nam
387 3948 418 4008 et
451 3940 614 4008 conferunt
649 3940 688 4006 ad
725 3940 929 4008 stabiliendas
963 3941 1115 4027 quasdam
1149 3943 1304 4010 uberioris
1338 3941 1459 4009 Scholii

303 4175 328 4234 1)
348 4171 424 4222 Verba
441 4169 571 4222 Ludwichii
589 4171 646 4220 haec
662 4173 732 4220 sunt:
751 4172 797 4220 080
813 4169 942 4220 iehlerhait
959 4172 1038 4220 surde
1055 4171 1130 4222 dieses
1146 4169 1225 4220 Schcl.
1244 4173 1322 4220 auersi
1341 4187 1386 4222 ron
1404 4172 1459 4222 Mai

269 4255 343 4314 erlirt,
367 4256 415 4324 nod
432 4255 531 4304 seitdem
547 4252 679 4318 getreulich
696 4251 834 4302 winderholt
851 4251 887 4303 bis
904 4253 948 4303 auf
964 4253 1068 4303 Diodori
1082 4252 1168 4312 hereb,
1187 4254 1230 4304 cler
1246 4269 1308 4302 zuar
1326 4254 1351 4304 in
1369 4254 1459 4306 asinum

269 4337 382 4401 Anhange
404 4336 535 4396 berichtct,
557 4335 609 4384 dass
632 4351 656 4382 ea
678 4334 729 4383 sich
753 4335 812 4384 auch
836 4335 861 4383 in
883 4337 906 4384 Τ
923 4337 1009 4394 findet,
1028 4335 1083 4386 aber
1100 4336 1138 4384 die
1155 4336 1320 4404 nothyenrlige
1338 4337 1458 4388 Berichti-

192 4461 194 4466 -
268 4443 344 4494 gung,
371 4427 457 4476 welche
483 4425 503 4475 'P
526 4425 611 4482 hietat,
636 4423 677 4472 aul
701 4421 775 4471 hosv
795 4425 834 4473 ihr
854 4425 895 4472 sai
913 4423 989 4483 αὐτό,
1007 4427 1166 4490 vorschneigt.
1203 4417 1321 4490 llbrigens
1338 4428 1380 4476 hat
1397 4429 1458 4478 circli

269 4511 312 4564 der
329 4527 374 4562 von
392 4511 445 4562 rosi
461 4511 571 4561 became
589 4509 667 4558 Codex
686 4509 731 4576 (Q)
748 4509 789 4558 <las
806 4507 928 4575 Riehfigs,
948 4507 1032 4558 ebenso
1052 4509 1104 4560 M.·‘
