3220 5144
899 340 965 410 508

336 537 455 622 qnioris
475 510 662 601 scholiastae
686 533 886 599 annotatione
910 533 1073 620 excerpta”
1097 535 1177 618 sint,
1203 571 1244 584 -
1270 553 1353 619 quae
1373 531 1511 598 Diodorii
1562 501 1563 518 ¹

334 643 490 709 sonteatia
524 647 590 724 est,
616 677 656 688 -
682 640 732 704 ut'
753 641 795 704 cd
828 641 944 704 τννύιιιιι
976 642 1162 705 ωνιινιιιὶσιιν
1194 661 1266 705 curn
1294 642 1468 726 antiquiore
1487 647 1513 703 et

287 827 289 830 ¹
336 750 480 815 uberiore
503 745 622 812 acholio
646 765 684 812 ex
709 745 754 824 Q,
779 751 874 832 atque
897 767 933 812 eo
956 753 1082 812 tantum
1107 747 1166 812 boc
1186 749 1250 812 sint
1270 743 1512 832 pleniora,qncd

335 854 642 941 interpretationum.
675 859 819 917 auctores
853 853 1023 939 adscripsit
1057 853 1290 942 Etymologns,
1327 855 1439 922 omisit
1470 862 1515 917 ant

335 962 539 1028 Ambrosiani
570 965 627 1025 ant
655 962 723 1025 eiua
754 959 945 1044 exemplaria
974 960 1094 1037 scriba,
1126 964 1194 1026 eive
1226 983 1300 1028 casu
1325 961 1386 1028 hoc
1411 961 1514 1026 lactum

336 1077 385 1136 est
418 1071 486 1136 aire
520 1072 558 1132 ut
593 1067 791 1134 describendi
828 1066 972 1132 taedium
1008 1067 1295 1153 compendifaceret
1334 1072 1406 1135 sive
1447 1067 1516 1152 quod

336 1176 492 1262 marginis
516 1173 719 1260 premebatur
743 1175 913 1260 angustiis.
938 1173 999 1238 Sed
1024 1174 1083 1240 hcc
1106 1173 1220 1240 obiter.

379 1411 412 1466 ρ,
439 1385 515 1452 442.
563 1385 674 1452 Ulixes
697 1389 847 1471 quoniam
870 1389 974 1472 procis
999 1386 1063 1452 alia
1085 1389 1194 1452 omnia
1219 1387 1258 1452 de
1283 1387 1445 1454 erroribus
1464 1387 1519 1450 suis

308 1493 595 1577 petraniquam
618 1492 777 1577 humeae,
801 1495 985 1559 adnotatur:
1017 1492 1184 1558 extremae
1213 1494 1226 1559 ὁ
1245 1492 1388 1572 Εὔμαιος
1410 1494 1515 1566 τάληθῆ

336 1600 420 1682 αὐτῷ
450 1600 657 1678 διηγήσασθαι
679 1599 731 1664 τὸν
754 1600 907 1676 μεταίτην
930 1601 981 1666 διὰ
1005 1603 1059 1676 την
1083 1601 1218 1678 εὔνοιαν,
1244 1602 1297 1666 καὶ
1323 1607 1431 1666 ταῦτα
1455 1603 1515 1680 πρὸς

335 1707 390 1782 την
417 1705 595 1781 Πηνελόπην
616 1706 724 1784 μηνύει
748 1708 814 1787 περὶ
842 1708 937 1774 αὐτοῦ
956 1710 995 1780 ὥς
1016 1707 1110 1779 αὐτὸς
1131 1707 1250 1783 duone.
1265 1707 1516 1793 (HQ)Praealot·

336 1814 472 1880 carleti
497 1851 538 1864 --
564 1806 586 1878 cl
610 1813 688 1880 nul.

381 2047 414 2103 ρ,
439 2021 516 2090 443.
565 2022 616 2090 Ad
648 2025 785 2104 Δμήτορι
818 2023 949 2104 Ἰσσίδη,
983 2021 1013 2098 ὃς
1046 2024 1166 2104 Κύπρου
1198 2021 1250 2106 ἶφι
1281 2024 1421 2092 ἄνασσεν
1449 2023 1519 2090 inl

335 2128 472 2218 legitur:
497 2131 547 2196 acl
573 2135 604 2198 ἐν
628 2131 737 2198 Ἰλιάδι
766 2132 875 2198 πολλοὶ
901 2133 958 2197 ὑπὸ
983 2131 1140 2209 βασιλέας
1166 2129 1253 2206 ἦσαν.
1277 2133 1452 2199 Barneeius
1474 2131 1520 2196 στ’·

334 2251 399 2310 λεις
435 2237 591 2323 ediderat,
626 2241 659 2304 in
695 2238 786 2304 editt.
817 2245 898 2306 vett.
929 2245 1087 2325 punctum
1119 2247 1169 2303 eat
1200 2243 1271 2324 post
1297 2239 1429 2322 Ἰλιάδι,
1454 2258 1520 2323 quar

335 2344 416 2410 duae
448 2365 497 2410 res
528 2344 612 2410 nibil
642 2344 764 2412 faciunt
798 2346 838 2412 ad
861 2346 976 2412 scholii
1001 2347 1228 2412 obscuritatem
1254 2345 1307 2411 vel
1330 2345 1520 2431 aliquatenus

334 2449 518 2518 tollendam.
575 2450 678 2534 „Hinc
713 2455 855 2538 auspicor
889 2455 1026 2540 primam
1063 2451 1178 2518 scholii
1215 2459 1341 2538 partem
1380 2453 1519 2518 mutilam

335 2579 419 2635 esse,
451 2579 531 2644 quae
561 2561 757 2626 mentonem
782 2557 920 2647 Cinyrae
944 2581 983 2625 ex
1005 2559 1111 2626 Iliade
1134 2560 1212 2626 olim
1238 2559 1406 2645 habuerit,
1431 2573 1520 2646 poste·

334 2667 449 2732 riorem
483 2671 592 2731 autom
625 2665 830 2750 deprevatum
862 2687 901 2732 ex
924 2665 991 2742 his,
1017 2666 1124 2731 πολλοὶ
1149 2669 1212 2744 γὰρ
1238 2667 1359 2746 Κύπρου
1384 2671 1519 2746 βασιλεῖ,-

335 2769 431 2847 incr:
466 2771 532 2839 rid.
565 2771 662 2840 schol.
696 2772 772 2838 442.
803 2771 895 2838 init!y
940 2771 990 2838 lta
1019 2772 1249 2848 Buttmannus‚
1274 2775 1331 2858 qui
1355 2793 1467 2840 verum
1489 2773 1520 2837 do

335 2897 423 2943 more
447 2877 624 2954 divinavit,
649 2882 710 2945 etsi
732 2899 816 2946 nunc
836 2878 899 2944 loci
919 2880 1170 2946 emendationem
1193 2879 1298 2946 offecit
1314 2883 1421 2969 magis
1434 2899 1519 2967 quan

334 2983 477 3069 perfecit.
513 2981 632 3049 Verum
665 2989 731 3063 eet,
762 2984 880 3050 mutila
910 2991 1018 3051 nostra
1047 2991 1187 3071 spectare
1210 2989 1451 3070 quaestionem,¹
1474 3005 1521 3051 cnr

336 3094 429 3174 podia
457 3092 492 3154 in
520 3089 619 3158 Iliade
643 3088 797 3178 Cinyram
822 3087 921 3178 Cypri
946 3113 1056 3178 regem
1080 3091 1197 3159 dixerit
1222 3091 1262 3178 ¹),
1290 3113 1375 3158 nunc
1399 3093 1521 3158 Dmeto

335 3217 422 3274 rem,
455 3217 550 3282 quarn
582 3203 615 3262 et
638 3198 861 3264 Aristarchum
886 3201 1033 3286 attigisse
1057 3205 1165 3262 contra
1189 3197 1386 3265 oborirentes
1410 3202 1520 3266 verosi·

334 3301 512 3368 millimum
536 3309 583 3370 est
607 3311 639 3368 et
662 3305 694 3370 in
720 3325 815 3390 quarn
840 3304 972 3392 Lyticos
995 3305 1108 3390 cupido
1125 3303 1282 3370 involasse
1302 3326 1364 3370 non
1386 3303 1519 3390 estquod

334 3409 501 3477 miremur.
548 3409 664 3476 Nostra
693 3410 873 3477 Aristarchi
902 3414 1094 3478 smtentiam
1116 3409 1232 3478 referre
1255 3414 1519 3485 existimaverim,

334 3535 435 3602 aeque
465 3523 574 3583 tamen
597 3520 644 3584 ita
667 3524 704 3584 ut
726 3515 900 3584 Aristonici
924 3517 1021 3584 verba
1045 3518 1232 3602 exhibeant,
1258 3519 1313 3584 sed
1335 3521 1370 3584 in
1392 3519 1520 3605 quaesti·

335 3624 404 3688 onie
433 3627 706 3709 responsionisque
738 3625 876 3690 formam
912 3623 1111 3710 sequioribus
1147 3625 1328 3690 adamatam
1366 3645 1517 3720 nonnemo.

334 3727 457 3815 Nempe
480 3730 597 3797 mutila
621 3733 667 3802 sic
690 3729 865 3817 supplenda
889 3731 1036 3796 arbitror:
1064 3729 1116 3793 ccl
1141 3730 1242 3816 (μὴν)
1267 3733 1298 3794 ἐν
1322 3732 1433 3796 Ἰλιάδι
1455 3741 1518 3814 (Κι-

335 3835 453 3916 νύραν
485 3835 627 3917 εἴρηκε.
659 3838 797 3920 ῥητέον
815 3834 887 3902 ‘ota
912 3834 988 3924 iar)
1012 3835 1120 3902 πολλοὶ
1146 3836 1307 3915 Κύπριν
1329 3837 1517 3916 βασιλεῖς

336 3939 422 4016 ἦσαν.
468 3945 563 4010 Arete
586 3945 664 4010 haec
687 3945 908 4031 coniungenda
937 3981 972 3994 -—
999 3944 1082 4028 quod
1107 3942 1192 4008 idem
1218 3939 1438 4012 Buttmannus
1461 3965 1518 4030 per·

334 4051 439 4134 spexit
467 4087 508 4100 -
533 4071 607 4116 oum
632 4052 673 4116 iis
696 4071 776 4137 quae
800 4072 840 4116 ex
863 4049 925 4130 HQ
949 4051 988 4115 ad
1010 4048 1249 4132 praecedentem
1262 4071 1392 4116 versum
1408 4051 1517 4137 prolata

335 4161 424 4222 aunt:
448 4153 494 4222 ὅτι
519 4156 567 4220 cisi
593 4155 770 4229 πολλοὺς
795 4153 910 4238 εἶχεν
936 4158 953 4232 si
978 4154 1129 4234 Κύπρος
1151 4154 1347 4231 βασιλεῖς
1371 4158 1400 4222 ἕν
1423 4157 1515 4232 ταύτᾷ·

334 4267 411 4344 φησι
447 4263 498 4328 acl
534 4263 549 4326 t
580 4261 751 4345 Μένανδρος
784 4266 813 4328 ἐν
846 4262 1045 4343 Μισουμένῳ,
1076 4282 1211 4347 quorum
1244 4263 1414 4329 verborum
1446 4265 1515 4328 ratio

367 4499 394 4564 l)
412 4499 513 4550 Diaerlia
529 4503 608 4552 umen
626 4501 703 4552 verbio
720 4501 744 4550 id
761 4501 786 4551 ln
805 4501 881 4550 Iliade
899 4501 936 4565 (Α
955 4501 994 4559 20,
1014 4500 1058 4564 21)
1077 4513 1125 4548 uon
1143 4497 1299 4562 significatur.
