3318 5138
399 209 420 252 ἱ

828 297 893 367 164

258 487 351 556 MVT
388 491 431 578 (p.
466 491 542 576 163,
568 489 670 574 4-7)
704 499 737 556 et
772 491 867 578 paulo
901 492 1032 556 uberius
1066 490 1093 556 Ε
1126 493 1168 576 (p.
1205 488 1279 565 162,
1304 486 1452 574 21-26)

257 599 424 682 praebent.
452 618 487 663 aa
512 601 542 662 in
567 597 794 686 Elymologicn
822 601 1027 663 transierunt.
1077 597 1199 662 Deinde
1220 635 1261 646 -
1282 595 1366 681 quod
1390 599 1456 660 iam
1507 612 1513 621 ·

259 703 402 768 dicebam
426 707 520 769 —in
540 722 616 769 voce
637 707 817 779 rarissima,
848 703 946 769 semel
970 711 1096 769 tantum
1120 706 1154 768 in
1176 702 1317 768 Homero
1341 703 1450 778 obvia,

259 811 438 884 scribenda,
472 810 661 893 derivanda,
694 809 896 895 explicanda,
929 812 1146 895 antiquissimi
1169 811 1377 898 grammatici
1402 809 1456 871 οίν-

256 903 363 998 μίίοοον
387 918 542 982 rationem
567 918 668 982 secuti
693 923 777 982 sunt,
799 917 922 982 Ιὶανίοο
945 917 1105 982 ferebatur
1125 919 1299 1002 scriptura,
1320 920 1456 980 caetero·

259 1045 349 1096 rum,
373 1027 522 1110 inprimis
545 1023 740 1101 Aristarchi,
767 1023 793 1087 δ’
814 1024 932 1106 ἀμνίον,
952 1023 1129 1090 Zenodotea
1149 1023 1284 1101 δαμνίον,
1307 1023 1454 1107 pessima,

262 1167 302 1178 -
327 1130 501 1217 asyndeton
526 1131 613 1204 enim
637 1134 685 1194 est
705 1137 812 1194 contre
840 1129 939 1194 totins
969 1132 1143 1196 sententiae
1172 1130 1455 1196 conformationem
1573 1123 1576 1136 '

259 1235 388 1323 singula
410 1238 556 1302 membra
578 1258 634 1322 per
658 1235 689 1299 δέ
713 1237 945 1319 connectentis,
972 1273 1013 1285 -
1038 1257 1136 1321 quam
1159 1242 1267 1302 tamen
1298 1235 1457 1301 Nicander

260 1349 292 1408 at
328 1341 542 1409 Theodoridcs
574 1342 725 1408 dicuntur
755 1342 919 1427 probasse,
954 1343 1109 1408 absurdae
1131 1341 1261 1416 leetimu
1285 1342 1455 1408 absurdam
1534 1405 1537 1408 .

261 1449 491 1537 etymologiam
506 1448 568 1512 ἀπὸ
582 1453 635 1513 τοῦ
649 1447 825 1524 δάμνασθαι
839 1449 1037 1533 adoptantes.
1052 1449 1172 1533 Deplec
1184 1449 1296 1515 deinde
1307 1446 1457 1515 vocabuli

261 1559 368 1636 ἀμνίον
391 1558 474 1620 inter
494 1555 711 1632 Aristarcheos
730 1555 891 1620 serebatur
909 1557 1014 1643 origo,
1035 1557 1146 1638 duplae
1164 1575 1287 1642 quoque
1310 1594 1351 1604 -
1372 1553 1457 1640 quod

262 1668 366 1752 primo
388 1664 502 1728 obtutu
514 1683 575 1728 non
589 1665 636 1726 ita
647 1682 714 1728 esse
726 1661 854 1726 videtur
866 1697 908 1709 -
921 1660 1119 1749 significatio.
1146 1661 1306 1728 Videntur
1324 1663 1454 1747 quidem

263 1792 372 1838 omnes
413 1790 566 1855 exponere
608 1767 817 1848 αίματοδίχον
858 1769 1003 1846 ἀγγεῖον,
1042 1789 1173 1854 eamque
1207 1771 1456 1855 expositionem,

262 1899 359 1964 quam
383 1897 480 1942 unam
504 1876 593 1942 locus
623 1881 656 1940 et
686 1895 795 1940 sensus
825 1880 975 1959 poscunt,
1007 1881 1090 1940 certe
1113 1875 1244 1962 plurimi
1277 1882 1310 1942 et
1340 1877 1456 1961 optimi
1578 1938 1585 1952 ,
1645 1901 1646 1920 ν

262 1989 407 2052 veterum
431 1987 642 2069 interpretum
666 2001 702 2047 ac
720 1983 930 2047 recentiorum
954 1981 1037 2066 quod
1062 1985 1161 2048 sciam
1184 2003 1292 2049 omnes
1315 2003 1456 2068 compro-

262 2092 427 2156 baverunt.
476 2087 538 2155 Sed
562 2093 669 2153 tamen
692 2088 774 2152 mihi
797 2087 907 2153 videor
934 2087 1059 2166 videre,
1092 2089 1191 2154 fuisso
1222 2091 1305 2154 inter
1333 2099 1456 2156 veteres

264 2199 319 2282 qui
343 2195 436 2262 aliter
458 2215 568 2262 rocem
593 2193 812 2280 explicandam
837 2200 1005 2260 censerent.
1039 2193 1075 2258 Id
1097 2197 1241 2282 primum
1266 2193 1396 2262 conficio
1416 2217 1455 2260 ex

264 2303 385 2389 duplici
409 2301 617 2390 etymologia.
644 2299 807 2366 Derivatio
832 2301 918 2380 παρὰ
941 2303 975 2365 τί
999 2295 1083 2378 αίμα
1103 2308 1187 2368 recte
1207 2302 1303 2367 habet
1323 2303 1362 2367 de
1380 2321 1455 2369 vose

262 2414 452 2498 sangninem
476 2409 597 2475 hostiae
621 2389 806 2493 excipiente
836 2405 897 2472 Sed
916 2407 993 2492 quid
1012 2407 1193 2474 faciendum
1206 2408 1401 2474 derivatione
1414 2409 1454 2474 ab

265 2527 306 2596 α’,
331 2519 490 2604 privativa
513 2514 685 2602 particula,
709 2519 741 2580 et
764 2514 866 2598 μένος,
890 2509 948 2580 οἷον
971 2513 1095 2591 ἀμένοίν
1117 2539 1166 2600 rr,
1190 2510 1209 2578 d
1229 2515 1295 2579 ε’στν
1318 2539 1455 2595 στερητι-

264 2628 314 2690 κὸν
333 2661 375 2672 -
396 2626 463 2688 sive
486 2623 763 2701 οτερίοκον-τοῦ
787 2621 894 2697 μένους
918 2621 953 2685 τὸ
978 2621 1066 2702 ζῷον,
1092 2642 1189 2707 quam
1212 2628 1321 2688 temen
1344 2643 1455 2687 omnes

264 2733 364 2796 nostri
387 2730 489 2796 fontes
512 2736 690 2795 constanter
713 2729 810 2812 priori
835 2725 1053 2816 subiungant?
1078 2727 1124 2794 Ea
1146 2728 1276 2814 quidem
1299 2729 1455 2794 derivatio

263 2839 387 2902 nonnisi
422 2835 577 2901 violenter
611 2835 784 2900 admodum
815 2836 849 2898 in
882 2855 937 2900 vas
963 2835 1121 2920 quoddam
1154 2857 1280 2900 saemm
1310 2835 1455 2920 quadrat.

263 2944 386 3010 Deinde
416 2941 493 3028 quid
523 2943 585 3006 sibi
613 2940 726 3008 volunt
757 2941 853 3006 rerba
882 2939 1184 3026 Epimcrismorum:
1216 2943 1398 3021 μέμφονται
1423 2943 1455 3007 δὲ

263 3059 326 3120 τοῖς
351 3051 506 3130 prespeteri
529 3049 621 3128 χωρὶς
642 3053 695 3112 τοῦ
714 3049 810 3132 ἰῶτα,
830 3045 880 3113 ἵνα
897 3049 1033 3130 σημαίνῃ
1053 3050 1087 3113 τὸ
1109 3051 1248 3128 octuplos
1262 3051 1455 3134 (σφαγεῖονγ

264 3161 304 3224 οὐ
328 3158 406 3237 yda
428 3155 632 3238 βούλεταί
655 3181 692 3221 το
716 3161 915 3232 τοιοῦτον,
938 3155 972 3220 id
995 3161 1060 3234 est,
1092 3177 1167 3222 nam
1200 3155 1263 3222 tale
1293 3156 1453 3242 quoddam

264 3273 387 3352 praeter
410 3269 519 3350 poetae
539 3269 680 3328 mentem
701 3257 768 3326 est?
792 3260 879 3341 Quae
903 3262 999 3328 verba
1021 3269 1105 3328 certe
1128 3266 1216 3328 omni
1242 3284 1336 3328 sensu
1366 3283 1456 3328 cassa

263 3379 355 3450 sunt,
379 3375 407 3437 si
429 3371 467 3436 de
492 3372 580 3436 varia
602 3376 730 3434 tantum
751 3371 818 3434 sive
840 3369 997 3453 scriptura
1015 3372 1082 3434 sire
1109 3369 1307 3458 etymologia
1335 3371 1453 3457 agitur.

264 3478 326 3546 Sed
351 3481 459 3565 agitur
480 3496 622 3562 quoqne,
645 3482 682 3540 ut
705 3474 791 3550 dixi,
818 3474 856 3539 de
879 3474 1001 3559 duplici
1028 3474 1266 3563 significatione.
1315 3475 1455 3541 Fuerunt

263 3589 318 3672 qui
342 3585 448 3662 ἀμνίον
474 3586 681 3669 exponerent,
703 3601 766 3646 non
787 3617 828 3630 -
850 3586 886 3644 ut
909 3578 1039 3666 plurimi
1060 3601 1102 3630 -·
1123 3603 1179 3650 vas
1202 3583 1242 3647 ad
1265 3584 1455 3670 sangninem

263 3695 414 3759 victimae
449 3687 671 3774 excipiendum
704 3689 924 3772 suppositum,
964 3687 1019 3752 aad
1050 3709 1185 3773 parvum
1217 3687 1388 3754 cultellum
1414 3687 1454 3753 ad

263 3801 432 3866 victimam
450 3794 677 3863 conficiendam
690 3795 980 3874 accommodatum,
993 3801 1088 3880 atque
1100 3796 1160 3862 hoc
1172 3802 1236 3879 est,
1250 3795 1335 3880 quod
1346 3801 1455 3861 auctor

263 3905 550 3991 Epimerismornm
579 3903 648 3965 iure
671 3899 756 3964 dicat
780 3921 847 3966 esse
869 3907 993 3986 praeter
1014 3907 1125 3986 poetae
1148 3907 1308 3979 mentem,
1333 3903 1367 3967 οὐ
1391 3901 1453 3982 γὰρ

265 4011 417 4090 βούλεταί
448 4033 477 4073 ον
501 4011 642 4072 τοιοῦτον.
690 4004 725 4069 ln
749 4007 830 4071 hanc
853 4013 978 4071 tantum
1005 4011 1296 4094 interpretationem
1322 4009 1455 4094 quadrat

265 4117 463 4205 etymologia
485 4115 601 4190 alters,
627 4111 751 4189 ἀμίννίν
775 4137 803 4176 rr
825 4112 867 4192 ίν,
887 4117 922 4178 τὸ
942 4115 1096 4194 caepisset
1115 4120 1170 4180 τοῦ
1191 4115 1297 4192 μένους
1317 4117 1352 4180 τὸ
1370 4117 1452 4197 ζῷον,

265 4229 359 4310 atque
391 4224 430 4288 ob
461 4243 532 4290 eam
564 4240 687 4305 quoque
716 4221 916 4286 conferebant
946 4219 1096 4287 Atticum
1120 4223 1257 4305 οφοίγνον
1280 4225 1349 4288 sive
1371 4229 1454 4303 σφα-

265 4338 360 4408 γεῖον,
383 4329 465 4395 illud
496 4328 626 4414 quidem
658 4325 756 4406 falso,
780 4349 855 4394 nam
879 4326 1017 4409 οφάννον
1041 4329 1124 4396 nihil
1148 4335 1195 4396 est
1218 4333 1280 4397 nisi
1302 4333 1452 4414 victima,

265 4443 420 4524 σφαγεῖον
455 4435 537 4502 nihil
572 4435 635 4498 nisi
665 4453 721 4498 ras
753 4437 940 4523 sanguinem
972 4436 1094 4504 hostiae
1124 4440 1299 4524 excipiens,
1330 4438 1452 4516 idest,
