3242 5140
881 305 947 378 410

279 551 281 556 ·
327 525 406 584 μαι,
433 499 465 570 οἵ
489 502 568 577 τινές
600 505 674 570 εἰσιν
704 503 890 570 adnotatur:
922 503 1046 584 οὶνιίγιιρ
1078 501 1109 568 δὲ
1133 499 1298 584 Φιλίτονος
1324 495 1452 566 ἅπαντα
1473 495 1504 578 ἦν

325 614 358 678 οὐ
390 610 478 688 μόνον
502 610 552 674 διὰ
575 609 611 674 τί
634 618 841 694 φιλιστοριῖν,
867 611 956 675 νὶλλίι
980 610 1031 676 διὰ
1055 609 1109 683 τὴν
1137 607 1266 686 ιἰγνοιαν
1290 615 1344 684 τῆς
1370 608 1503 688 πατρίδος

327 717 448 799 ἔρευναν
471 716 662 801 ποιούμενος,
686 719 741 802 qui
764 717 852 783 locus
875 724 907 784 et
931 722 997 804 ipse
1020 716 1086 782 levi
1108 715 1234 782 macula
1254 714 1436 780 liberandus
1455 721 1505 780 est

327 825 446 892 Addita
467 826 553 888 euim
577 825 797 890 coniunctione
822 824 1041 890 scribendum:
1066 824 1099 888 οὐ
1123 823 1213 900 μόνον
1237 821 1287 886 διὰ
1311 821 1346 885 τὸ
1371 829 1506 902 φιλιστο-

327 939 404 1012 petr,
436 930 544 994 οὶλλοὶ
576 929 671 1016 (καί)
705 929 771 993 διὰ
806 933 874 1004 τίρν
898 929 1070 1008 ἄγνοιαν
1094 937 1164 1003 τῆς
1190 927 1386 1007 πατρίδος
1409 927 1507 1008 ἔρευ-

327 1063 397 1104 ναν
429 1034 678 1112 ποιούμενος.
727 1035 859 1102 Caetera
889 1057 969 1122 quae
1001 1037 1123 1101 correxi
1146 1035 1360 1100 illustratione
1382 1055 1446 1100 non
1467 1039 1508 1100 in·

327 1145 455 1232 digent,
491 1143 574 1229 quod
607 1149 678 1228 post
713 1145 763 1208 τὸν
794 1143 875 1208 ἔλεον
908 1143 1111 1208 inserendum
1143 1145 1251 1207 censui
1275 1141 1508 1222 προβάλλεται,

327 1251 388 1316 feci
423 1253 610 1316 auctoritate
641 1255 747 1314 motus
778 1249 891 1318 scholii
922 1249 962 1316 ad
993 1250 1017 1327 β
1043 1248 1084 1314 65
1109 1251 1154 1333 (p.
1180 1247 1234 1334 83,
1259 1248 1331 1334 24):
1359 1249 1462 1332 ποίνη
1483 1251 1510 1314 a

328 1356 545 1436 προβάλλεται
578 1359 629 1420 τὸν
658 1353 739 1421 ἔλεον
769 1355 821 1422 καί
854 1359 908 1432 τὴν
941 1356 1013 1437 πρὸς
1044 1357 1113 1430 τοὺς
1138 1354 1194 1434 ίξιο
1217 1357 1309 1436 αἰδῶ,
1334 1363 1366 1422 et
1389 1359 1511 1422 omnino

327 1464 379 1529 τὸν
402 1459 502 1544 ίριιον,
526 1463 579 1537 τίρν
605 1462 696 1540 αἰδῶ,
721 1463 777 1536 τὴν
800 1462 944 1542 δύναμιν,
968 1464 1027 1535 τὰς
1050 1463 1203 1540 μαντείας
1227 1463 1461 1543 προβάλλεσθαι
1484 1467 1512 1528 et

327 1593 408 1656 quae
431 1574 505 1636 sunt
528 1569 579 1633 his
602 1568 723 1634 similia
747 1574 779 1636 et
802 1572 836 1634 iu
860 1572 975 1636 nostris
995 1575 1027 1634 et
1047 1572 1080 1634 in
1100 1567 1237 1636 Scholiis
1255 1568 1361 1636 Iliacis
1372 1570 1512 1656 frequen·

327 1680 451 1744 tissime
474 1680 655 1744 occurrunt.
706 1736 709 1741 .

375 1913 402 1975 ι,
426 1888 503 1956 276.
551 1889 692 1970 Φίρτερον
728 1890 771 1954 τί
805 1895 992 1968 κρεῖσσον
1023 1886 1108 1966 λέγει
1141 1889 1270 1964 ποινὶσας
1294 1888 1431 1968 τοῦνομα
1455 1891 1512 1954 ἀτί

327 2003 381 2062 τοῦ
413 1999 535 2074 μᾶλλον
566 1995 669 2079 φέρειν
701 1995 846 2060 δύνασθαι
878 1995 921 2058 τοὶ
950 1995 1195 2074 προσπίπτοντα.
1220 1995 1382 2068 τούτοις
1406 1994 1458 2064 οὖν
1479 1998 1493 2060 ε’
1501 2021 1514 2060 ν

329 2103 431 2170 alisi
456 2104 522 2168 καί
547 2102 709 2184 ὅπλίτερος
734 2104 748 2167 ί
772 2102 874 2186 φέρειν
899 2105 1021 2180 μᾶλλον
1043 2098 1136 2168 ὅπλον
1160 2103 1334 2180 δυνάμενος.
1360 2103 1414 2167 καί
1435 2107 1514 2168 ans·

329 2211 446 2294 φέρει
479 2211 492 2274 ί
517 2210 551 2289 ἐξ
575 2211 718 2283 ἐναντίας
742 2210 784 2289 τῷ
808 2210 931 2291 Φίροντι
955 2209 1149 2290 νίντιφίριον
1171 2209 1206 2272 τὸ
1230 2207 1301 2274 ίσον.
1325 2209 1360 2272 τὸ
1384 2211 1417 2274 δὲ
1442 2210 1514 2276 αὐτὸ

328 2319 381 2384 καί
407 2315 598 2400 ἰσοφαρίζει
622 2317 723 2396 λέγει,
749 2317 813 2394 ἤτοι
838 2316 902 2381 ἀπὸ
926 2317 985 2380 τῶν
1004 2315 1156 2396 Φερίντονν
1176 2317 1299 2381 ἐναντία
1319 2313 1406 2382 ὅπλα
1427 2319 1445 2394 ἢ
1466 2317 1513 2382 καί

328 2425 391 2490 cirri
415 2430 472 2488 τῶν
497 2423 686 2508 ὑποζυγίων,
713 2423 837 2502 »ἥλικες
862 2421 1027 2503 ίσοφίροι.”
1051 2423 1083 2506 (c
1108 2419 1199 2506 373.)
1223 2421 1310 2506 (HQ)
1356 2424 1516 2490 Etiamsi

327 2533 405 2598 haec
440 2531 473 2596 in
504 2530 633 2597 scholiis
661 2530 769 2598 Iliacis
799 2532 839 2615 (K
865 2527 943 2614 479)
969 2529 1140 2615 Porphyrii
1163 2549 1278 2594 nomen
1301 2551 1364 2596 non
1387 2552 1465 2616 pras
1487 2551 1516 2596 se
1589 2533 1590 2545 ¹

326 2639 457 2716 ferrent,
495 2637 534 2702 ab
570 2637 700 2702 homine
732 2636 847 2702 harum
874 2655 982 2702 rerum
1004 2637 1107 2720 perito
1130 2634 1223 2700 facile
1246 2635 1331 2701 hunc
1355 2645 1515 2703 auctorem

326 2746 441 2812 habere
472 2743 743 2830 intellegerentur.
793 2742 932 2827 Utroque
964 2741 1033 2808 loco
1056 2741 1205 2808 mendose
1227 2745 1345 2828 scripta
1368 2750 1462 2821 sunt,
1485 2747 1515 2808 iu
1588 2783 1589 2816 ι

328 2851 450 2918 Veneto
483 2849 512 2914 Β
543 2855 651 2916 tamen
682 2847 777 2935 paulo
810 2854 842 2914 et
865 2849 1018 2913 sincerius
1042 2853 1074 2912 et
1098 2847 1237 2913 uberius.
1285 2845 1515 2938 Corrigendum

328 2964 376 3024 est
405 2960 439 3022 in
470 2960 586 3022 nostris
612 2955 755 3040 primum
787 2952 930 3036 Φίρτορον
952 2953 988 3017 τὸ
1006 2941 1145 3032 ιιρεῖσοον
1167 2953 1263 3032 λέγει.
1312 2955 1419 3022 Immo
1445 2977 1515 3024 vero

329 3065 395 3128 τὸν
418 3063 651 3143 κρείσσονα,
679 3059 763 3145 quud
775 3061 899 3147 integre
911 3059 1030 3147 legitur
1042 3062 1076 3124 iu
1088 3058 1218 3126 Veneto.
1242 3060 1329 3141 Quae
1341 3069 1516 3148 sequuntur
1587 3013 1588 3089 ί

325 3171 360 3234 iu
390 3167 539 3235 omnibus
561 3187 727 3253 perperam
751 3173 826 3232 suut
849 3170 976 3251 scripta.
1023 3167 1095 3232 Nou
1118 3173 1202 3232 certe
1225 3168 1304 3234 bena
1327 3170 1425 3238 habet
1449 3193 1515 3238 nos·

325 3281 449 3341 trorum
483 3273 629 3340 codicum
660 3271 773 3338 lectio:
806 3273 921 3344 τούτοις
954 3268 1002 3336 οὖν
1034 3275 1064 3336 ἐν
1096 3271 1169 3338 atter
1201 3273 1252 3338 καί
1279 3274 1459 3357 ίπλοίτιρος,
1484 3281 1514 3342 in

325 3401 389 3468 qua
422 3399 479 3446 uec
509 3376 643 3464 pluralis
674 3383 758 3444 recte
791 3378 886 3444 habet
913 3399 969 3444 nec
994 3379 1122 3446 dativus
1144 3399 1201 3446 nec
1224 3383 1394 3446 verborum
1419 3405 1515 3470 cupu-

325 3489 413 3556 latio.
460 3489 504 3552 Ar
534 3485 635 3550 nihilo
669 3487 774 3550 sanior
802 3491 850 3550 ast
881 3483 977 3550 lectio
1002 3483 1137 3552 Veneti:
1162 3487 1290 3552 τούτου
1314 3484 1363 3553 οὖν
1388 3491 1420 3555 ἐν
1445 3491 1514 3556 εἴδει

324 3595 339 3660 ί
374 3594 546 3672 ίπλίτερος.
593 3589 694 3658 Unice
724 3612 836 3659 verum
868 3593 1032 3658 existimo:
1067 3596 1187 3683 τοῦτο
1219 3587 1268 3659 οὖν
1291 3595 1321 3657 ἐν
1345 3595 1419 3661 εἴδει
1446 3599 1512 3684 (ὥς)
1584 3683 1585 3686 ¹

325 3702 394 3767 νιαί
426 3699 587 3779 ίπλίτεροο
612 3699 626 3763 ί
650 3699 752 3780 Φίρειν
774 3702 899 3776 μᾶλλον
923 3693 1018 3764 ὅπλον
1041 3697 1216 3777 δυνάμενος.
1265 3699 1330 3768 Gur
1353 3702 1515 3786 φέρτερος,
1584 3699 1585 3714 ³

326 3806 506 3886 traicerer,
532 3807 639 3872 simm.
665 3804 826 3872 veteribus
848 3808 1070 3892 grammaticis
1093 3808 1122 3870 ἐν
1147 3806 1216 3872 εἴδει
1240 3805 1317 3874 εἶναι
1340 3811 1412 3878 visa
1437 3815 1515 3892 sint,

325 3917 473 3982 omnium
497 3916 616 3999 optime
640 3911 853 3999 Etymologus
876 3910 1019 3999 Magnus
1043 3933 1067 3977 s.
1092 3934 1122 3979 r.
1148 3914 1333 3996 Ὀτλίτερος
1353 3921 1515 4004 exposuit:

326 4020 407 4088 ’Λπό
436 4027 493 4085 τῶν
527 4016 628 4084 ὅπλον
657 4016 706 4084 οὖν
736 4017 913 4098 ίπλίτεροι,
945 4019 1011 4083 ἐπεὶ
1045 4021 1116 4099 πρὸς
1140 4015 1241 4086 ίπλοον
1265 4023 1419 4102 οίναίρεσιν
1444 4026 1514 4090 εἰσὶν

325 4127 486 4204 ἐπιτήδειοι
510 4127 548 4199 ὡς
574 4125 646 4206 πρὸς
669 4125 738 4196 τοὺς
763 4123 921 4203 γέροντας.
957 4125 1026 4210 [καί
1051 4125 1218 4205 ίπλοσίρων
1240 4128 1308 4194 σίντί
1333 4135 1387 4194 τοῦ
1409 4133 1514 4198 νεωτέ-

324 4237 406 4320 ριον.]
451 4233 582 4306 aliove
623 4237 696 4297 τῶν
731 4231 990 4309 παραγώγοιν
1024 4239 1308 4312 συγκριτικοῖι·
1343 4234 1446 4318 ὥσπερ
1482 4239 1514 4302 τὸ

325 4343 462 4423 νεοίτοροο
499 4339 594 4431 (καί)
630 4336 834 4420 πρεσβύτερος
864 4336 962 4402 τύπον
991 4338 1049 4416 μίν
1080 4340 1138 4404 sicr
1168 4346 1375 4420 σιιγιιριτιιιοῦ.
1405 4349 1463 4420 τίον
1487 4347 1515 4410 ll

324 4449 426 4536 φοινίρν
451 4446 520 4514 cirri
546 4447 648 4514 νίπλοῦ
672 4442 989 4526 παραλαμβάνουσιν.
1028 4435 1304 4536 Inlltymologici
1323 4451 1411 4530 loco,
1432 4453 1513 4540 quod
