3232 5136
863 325 907 399 44

343 541 384 605 α,
412 519 485 586 145.
532 517 626 586 Proci
650 520 747 599 ἑξείης
770 520 872 605 ἕζοντο
897 524 982 590 κατὰ
1006 524 1157 602 κλισμούς
1181 550 1218 591 τε
1241 524 1355 606 ιίρίνους
1379 547 1427 590 τε.

298 627 422 703 κλισμοί
449 626 507 704 μέν
531 629 604 693 εἰσιν
626 629 652 693 οί
676 626 801 710 ἔχοντες
828 637 1022 711 κλιντῆρα
1048 629 1250 712 ἐξέχοντα
1274 631 1346 710 πρὸς
1368 632 1425 706 τίρν
1437 637 1493 695 τῶν

298 733 384 808 ὤμων
415 734 601 798 οίιιιίταυσιν.
636 735 666 798 ἐν
696 739 799 809 αὐτοῖς
824 735 887 815 γὰρ
912 735 1111 814 εἰτερείδουσι
1134 737 1204 810 τοὺς
1229 736 1325 814 ὤμους
1349 738 1376 802 οἷ
1400 739 1492 813 καίιὶ-

297 863 392 917 μενοι.
439 843 464 904 oi
500 840 530 905 δὲ
565 844 609 919 μίρ
645 839 770 923 ἔχοντες
805 847 930 921 ταῦτα,
966 842 1065 924 ίρίνοι.
1104 843 1319 930 (EPQMTD.)
1366 843 1488 908 Verbo·

297 967 390 1011 rum:
416 956 561 1027 κλιντῆρα
593 947 746 1028 ἐξέχοντα
775 952 809 1014 in
839 950 999 1016 codicibus
1034 972 1091 1016 nec
1126 950 1199 1016 volu
1232 956 1281 1016 eet
1311 970 1368 1015 nec
1399 951 1494 1015 vecti-

297 1055 400 1140 gium.
448 1052 637 1139 Reponitum
671 1062 719 1120 est
750 1077 767 1122 e
797 1056 976 1122 coniectura
1003 1057 1193 1122 Buttmanni
1224 1055 1311 1122 eliud
1347 1057 1491 1143 egentis,

297 1159 381 1244 quod
414 1180 475 1225 non
499 1181 591 1246 saepe
614 1160 706 1238 fecit,
734 1167 766 1227 et
790 1163 908 1226 iniuria
929 1163 1098 1247 probatum
1123 1183 1158 1228 ec
1182 1168 1345 1247 receptum
1370 1181 1390 1226 e
1413 1159 1493 1226 Din-

298 1266 406 1333 dorfio.
455 1265 585 1334 Codices
608 1268 727 1334 hubent
750 1270 851 1347 ιίιτέρ
876 1271 998 1348 είσιν,
1024 1270 1075 1336 vel
1099 1269 1165 1335 καί
1190 1266 1290 1350 ίίσέρ
1314 1270 1420 1334 είσίν
1442 1267 1494 1335 vel

297 1377 412 1458 etium,
444 1377 562 1440 omisso
584 1375 678 1453 εἰσίν,
703 1376 769 1440 καί
795 1373 874 1441 c‘r'rrr
883 1402 918 1453 ρ,
944 1397 1023 1463 quoe
1047 1377 1143 1442 verba
1167 1376 1325 1461 quomodo
1349 1397 1386 1442 ex
1412 1389 1493 1440 κλιν-

295 1489 375 1561 τῆρα
407 1489 553 1566 corrupto
579 1481 714 1559 fuerint,
739 1503 833 1548 nemo
856 1483 948 1549 facile
970 1482 1143 1571 intelliget.
1190 1481 1271 1548 Rem
1296 1504 1356 1548 acu
1381 1482 1492 1570 tetigit

295 1587 522 1672 Ludwiohim,
556 1589 582 1653 οί
619 1587 743 1668 ἔχοντες
786 1588 1000 1668 ἀπέρεισιν
1043 1588 1279 1669 ἐξέχουσαν
1318 1589 1489 1677 corrigens.

295 1693 420 1778 Nempe
450 1691 591 1776 librarii,
615 1694 786 1759 candidum
810 1715 929 1782 genus,
955 1695 1012 1760 ubi
1035 1697 1140 1760 nescio
1164 1716 1226 1781 quo
1251 1715 1353 1762 errore
1376 1698 1411 1760 in
1436 1716 1490 1760 νο-

295 1800 409 1866 cabulo
441 1809 666 1865 AllePelclN
690 1801 752 1865 sibi
775 1801 884 1866 videre
907 1803 969 1866 vici
993 1808 1068 1866 sunt
1098 1797 1201 1880 ίίιτερ
1234 1803 1361 1879 είσίν,
1393 1801 1492 1866 verbo

295 1909 416 1992 optime
447 1904 587 1981 Graece,
620 1908 697 1972 haec
728 1905 873 1971 nonnulli
906 1908 987 1973 bone
1018 1905 1079 1972 fide
1110 1906 1156 1972 ito
1180 1907 1428 1993 descripserunt,
1453 1913 1491 1971 ut

295 2033 361 2078 esse
396 2013 514 2078 dicitur
549 2014 582 2077 in
617 2013 662 2097 Ως
699 2016 814 2079 coeteri
849 2035 921 2098 perc
953 2015 1005 2078 καί
1046 2016 1263 2092 inseruerunt,
1302 2033 1374 2099 pere
1415 2015 1491 2079 είσίν

294 2121 486 2204 omiserunt,
524 2125 559 2184 nt
594 2140 679 2185 error
713 2140 851 2185 errorem
886 2140 993 2206 perere
1029 2119 1109 2186 colet
1140 2124 1172 2186 et
1211 2126 1358 2204 corrupta
1392 2117 1490 2186 lectio

295 2246 420 2312 semper
454 2225 631 2311 corruptior
665 2223 718 2310 tit,
754 2225 853 2291 donec
886 2226 970 2310 qnod
1000 2246 1112 2292 verum
1143 2231 1192 2291 ert
1223 2228 1366 2310 operite
1389 2245 1490 2290 menn

295 2335 490 2398 restituatur.
540 2332 611 2397 Non
644 2332 796 2398 debuerat
824 2338 931 2398 eutem
958 2331 1163 2398 Ludwichinc
1185 2331 1351 2406 dubitare,
1376 2339 1489 2397 utrum

295 2438 483 2522 ἀντέρεισιν,
517 2459 575 2516 en,
602 2476 643 2486 -
669 2438 708 2503 ob
739 2459 872 2523 sequens
904 2439 1120 2518 ἕτεροίδουσι,
1144 2477 1187 2486 -
1212 2437 1364 2506 ἐτέοεισιν
1396 2460 1488 2525 prae·

295 2552 403 2612 steret.
428 2546 512 2610 Nem
537 2548 625 2630 prius
648 2551 766 2610 certum
792 2543 885 2610 fidem
910 2545 1006 2610 hebet
1029 2551 1062 2610 et
1081 2547 1173 2610 unice
1196 2549 1244 2610 eet
1267 2544 1488 2630 probandum,

294 2653 378 2737 quod
403 2654 463 2718 hoc
488 2658 613 2716 tentum
638 2649 844 2716 confirmetur
866 2652 1031 2716 notissimo
1054 2649 1181 2717 Scholio
1205 2650 1426 2737 Porphyriuno
1448 2651 1488 2717 cd

293 2757 385 2823 Iliad.
419 2759 446 2824 I.
479 2757 540 2823 90:
571 2754 835 2836 ίλουβιβλίοιι
859 2759 1015 2844 (dequo,
1041 2779 1113 2824 cum
1140 2756 1275 2823 editores
1297 2756 1367 2834 βίον
1390 2755 1488 2846 legie-

293 2869 380 2940 eeut,
405 2863 504 2929 multi
526 2865 673 2952 egerunt)
700 2862 804 2938 ἐδέησε
825 2863 963 2944 Δωροίέιρ
983 2865 1025 2945 τῷ
1043 2863 1258 2944 Ἀσκαλωνίτῃ
1279 2865 1321 2936 είς
1340 2862 1487 2941 ἐξήγησιν

293 2975 346 3036 τοῦ
378 2973 451 3051 παρ’
483 2973 607 3051 Ὁμήρῳ
637 2971 765 3035 κλισίου.
812 2969 848 3034 In
872 2971 931 3037 bec
953 2973 1055 3058 igitur
1077 2969 1292 3056 disputatione
1315 2973 1400 3034 inter
1424 2971 1489 3036 elie

293 3076 398 3141 multo
433 3086 465 3143 et
498 3077 576 3143 hoec
608 3077 780 3142 habemus:
814 3077 866 3140 καί
898 3078 923 3141 cl
954 3079 1011 3154 μὲν
1035 3075 1158 3156 ἔχοντες
1183 3074 1397 3154 ἀντέρεισιν
1422 3085 1486 3148 τοῖς

292 3185 381 3262 ι’ίμοις
408 3185 546 3268 κλισμοί,
567 3185 592 3248 οί
612 3183 637 3248 δ’
659 3182 748 3248 ἄλλοι
771 3183 870 3264 ίρίνοι.
896 3183 983 3264 Quae
1003 3183 1100 3249 verbe
1118 3191 1150 3248 et
1169 3180 1318 3248 Scholion
1338 3188 1485 3248 nostrum

291 3293 383 3356 cuiun
406 3293 448 3356 cit
471 3293 605 3379 originis
629 3289 808 3369 declarent,
836 3296 947 3355 -ent
970 3293 1056 3355 enim
1080 3288 1236 3377 longioris
1260 3289 1488 3373 disputationis

290 3397 528 3484 Porphyrionee
552 3397 831 3474 ἀντισπασμάτων,
860 3435 900 3445 -
926 3407 958 3460 et
981 3397 1248 3462 Lndwichienum
1273 3395 1487 3475 ιίτέρεισιν

290 3504 374 3569 mihi
397 3504 524 3590 quidem
550 3511 639 3569 extro
662 3523 786 3570 omnem
811 3503 1044 3568 dubitationem
1065 3521 1180 3588 ponere
1203 3503 1362 3568 videntur.
1399 3501 1485 3582 Quin

290 3615 389 3677 etiem
421 3613 455 3675 in
484 3615 524 3676 iis
552 3631 632 3696 quac
656 3613 800 3695 proxime
823 3614 1016 3695 sequuntur,
1043 3609 1156 3673 malim
1179 3607 1286 3696 legere
1309 3609 1345 3671 έν
1370 3609 1484 3682 αὐτοῖς

290 3719 363 3804 (hoc
388 3738 512 3804 quoque
536 3714 669 3783 Codices
692 3715 836 3781 nonnulli
861 3719 894 3781 in
916 3716 1058 3786 ἑαυτοῖς
1083 3719 1309 3799 corruperumt‚
1334 3713 1485 3780 videlicet

290 3845 328 3891 ox
363 3817 562 3908 E'ATTOIC)
594 3824 657 3902 wip
686 3822 889 3902 ἀντερείδουσι
915 3823 985 3894 τοὺς
1009 3821 1106 3898 ὤμους
1130 3822 1156 3885 oi
1181 3820 1360 3898 καθήμενοι,
1385 3839 1482 3905 quum

289 3931 503 4011 tresorum,
528 3930 610 4016 quod
634 3929 749 3994 editur.

333 4171 373 4228 a,
400 4141 475 4211 147.
525 4143 573 4208 Ne
598 4145 772 4208 minutiore
796 4144 965 4218 omittam,
991 4163 1053 4207 non
1076 4141 1278 4208 scribendum
1302 4145 1368 4218 eet,
1395 4139 1480 4226 quod

287 4251 423 4318 editores
447 4251 609 4333 feceruut,
634 4252 827 4327 nuperrimo:
853 4251 1066 4326 rependerem.
1090 4250 1124 4312 έκ
1149 4248 1256 4313 τούτου
1280 4247 1311 4313 δέ
1335 4248 1371 4311 τί
1395 4255 1478 4322 τλῆ·

288 4361 334 4430 dcc
364 4363 421 4422 τῶν
455 4356 633 4434 έδεσμιίτων
664 4356 828 4433 ἐκφαίνει.
862 4371 945 4439 κτλ,
978 4353 1112 4439 (ΕΡίίΤ.
1141 4354 1223 4441 App.
1260 4375 1292 4440 p.
1317 4353 1396 4440 735)
1423 4354 1478 4421 sed

286 4465 458 4550 ἐμφαίνει,
485 4464 568 4550 quod
591 4462 687 4528 habet
709 4459 924 4552 vulgatorum
947 4459 1147 4528 Scholiorum
1171 4460 1269 4526 editio
1288 4459 1419 4546 Aldine,
1433 4497 1475 4510 —
