3232 5136
700 305 744 374 63

131 499 294 578 ιίτίβλετε
324 503 379 564 τοῦ
410 497 619 576 γεγενημένον
651 496 860 578 πράγματος,
892 496 951 570 οὐδ’
977 495 1167 561 ἐντεῦίεν
1190 493 1232 559 τὸ
1257 492 1322 572 μί·

130 609 244 684 cervo
267 613 340 671 τῶν
365 605 679 685 ἁμαρτημάτων
703 604 963 682 ἐλάμβανον,
985 607 1059 669 ἀλλ’
1081 607 1158 670 αὐτὸ
1173 603 1321 669 ίσιιίντσνν

130 719 232 790 τοῦτο,
258 714 283 777 εί
308 712 431 791 reuoca
455 713 490 776 τί
515 711 655 789 ἀδίκημα
678 713 766 776 rodco
791 712 841 775 ίτί
866 719 971 776 vacuo
995 712 1080 776 ίλίόν
1103 711 1193 788 μίγα
1212 709 1322 787 βλιίτ-
1420 701 1431 714 ’

130 843 191 884 τειν
223 821 292 891 τοὺς
325 821 505 898 ἀνθρώπους.
531 819 563 903 (ᾗ
588 817 631 884 65
656 825 689 884 ot
713 817 767 902 66,
791 839 821 904 p.
850 817 913 883 156
938 817 1062 903 Staph.)
1087 816 1267 904 sicigitur
1290 823 1322 882 et

130 927 326 1012 Porphyrius
361 929 425 997 ταῖς
460 923 561 1001 ἔλαβε
592 926 628 990 τί
661 926 790 1002 μέγεθος
822 933 877 999 τῆς
910 931 967 988 τῶν
1000 925 1176 1003 μνηστήρων
1200 923 1321 993 ἀδικίας

130 1035 253 1118 aptium
276 1030 397 1098 Graece
420 1033 587 1118 expressit.

176 1139 282 1206 Unum
303 1139 408 1204 adhuc
429 1137 557 1204 Scholia
577 1139 840 1223 depravatissimo
860 1139 978 1204 vitium
989 1140 1087 1210 inest,
1102 1138 1198 1222 idque
1211 1136 1251 1202 ad
1263 1135 1323 1202 tol·

130 1247 259 1312 lendum
277 1244 553 1312 molestissimum.
579 1243 693 1310 ‘Polam
715 1245 962 1330 disputationem
984 1243 1182 1332 Porphyrius
1193 1245 1241 1308 ita
1251 1263 1324 1308 con·

130 1353 251 1419 cludit:
272 1351 322 1416 aas
344 1351 467 1416 τιίντων
485 1345 534 1414 οὖν
554 1351 703 1431 Φαίνεται
725 1353 741 1424 ἡ
763 1351 924 1426 dardania
937 1350 1166 1428 σίναριιιιίιιιιαί
1181 1349 1323 1428 κρείττων

132 1460 183 1524 καί
197 1461 305 1537 τσλλῷ
327 1459 552 1538 ἀσφαλεστέραν
573 1467 628 1532 τῆς
651 1458 680 1520 ἕν
699 1458 804 1540 Ἰίάιιη
828 1458 1075 1535 ίκδιιηγνίτνυ
1099 1458 1183 1532 μετὰ
1197 1459 1283 1541 [τῆς]
1299 1454 1325 1535 ¹)

132 1574 186 1630 τῶν
225 1567 403 1642 μνηστήρων
438 1565 610 1643 διατριβῆς·
658 1565 696 1629 ln
732 1565 782 1629 lais
814 1565 891 1650 quid
925 1565 986 1630 sibi
1018 1563 1090 1630 vult
1121 1560 1323 1641 ladrnyrircol

133 1671 281 1736 Alienum
306 1681 354 1736 est
377 1677 410 1736 et
432 1678 587 1756 quantum
612 1673 709 1736 seiam
736 1691 776 1736 ne
799 1667 958 1736 (ίταοειιιιι
983 1672 1123 1756 quidam.
1171 1670 1212 1735 lllt
1239 1668 1325 1735 male
1411 1741 1417 1750 ,

131 1779 245 1843 habuit
276 1799 351 1843 cum
383 1775 602 1854 Dindorfium‚
634 1783 682 1843 ter
712 1777 806 1862 (Add.
835 1799 868 1862 p.
901 1777 965 1844 738
995 1783 1028 1842 et
1049 1777 1154 1843 Praei.
1177 1798 1209 1861 p.
1236 1793 1326 1841 mv

131 1885 199 1950 Iud.
239 1906 262 1949 s
288 1907 318 1950 v.
351 1907 381 1970 o
415 1883 494 1968 817)
529 1883 741 1962 „vocabulum
774 1883 975 1970 eonnptnffl
1007 1905 1074 1949 esse
1101 1884 1325 1955 annotantem,

131 1999 201 2056 tum
240 1993 377 2056 scribam
414 1987 541 2056 Oodiais
571 1991 622 2066 D,
659 1989 794 2055 verbum
829 1991 913 2075 quod
946 1991 1093 2076 expedire
1114 2011 1178 2055 uon
1204 1994 1328 2074 poterat

132 2097 322 2184 simpliciter
346 2100 559 2164 omittentem.
586 2095 640 2162 Me
664 2115 789 2181 quoque
812 2097 868 2161 diu
892 2102 984 2163 torsit
1007 2117 1064 2162 neo
1084 2119 1168 2162 uuna
1188 2095 1328 2162 evidenti

132 2206 254 2271 ratione
286 2225 326 2270 ex
358 2207 473 2270 vitiosa
503 2207 660 2289 scriptura
690 2203 803 2268 elicere
835 2223 979 2288 possum,
1004 2203 1087 2288 quod
1111 2203 1326 2288 Porphyrium

133 2312 256 2378 dedisse
280 2309 416 2376 firmiter
437 2331 625 2396 persuasum
650 2311 795 2376 habeam.
821 2309 893 2375 Non
915 2311 1053 2375 reticebo
1077 2317 1184 2374 tamen
1209 2311 1328 2374 comeo·

134 2425 259 2492 turam,
284 2439 365 2502 quae
385 2421 512 2484 etiamsi
535 2419 686 2482 incertior
707 2419 766 2494 sit,
791 2416 893 2482 alium
914 2416 953 2480 ad
973 2419 1127 2482 veriorem
1149 2417 1329 2482 certiorem·

134 2544 194 2608 que
225 2524 444 2609 proferendam
468 2523 625 2609 impellat.
674 2523 844 2610 Porphyrii
868 2544 983 2588 manus
1006 2524 1136 2590 fortasse
1160 2524 1238 2589 haee
1261 2528 1327 2588 est:

135 2633 285 2704 Φαίνεται
313 2631 334 2704 ,ἡ
365 2629 526 2706 α’τσδηριία
559 2665 645 2680 -·-
675 2633 779 2710 πολλῷ
804 2631 1030 2710 ἀσφαλεστέρα
1063 2639 1118 2704 τῆς
1157 2631 1186 2694 da
1226 2628 1330 2711 ’ίίιίιιη

16 2819 17 2824 ¹
137 2737 405 2808 ἐκδιαιτνίτσυ
436 2738 520 2812 μετὰ
544 2743 603 2801 τῶν
626 2739 802 2814 μνηστήρων
824 2737 996 2815 διατριβῆς.
1045 2737 1186 2803 Verbum
1212 2736 1327 2801 ίιιδιαι·

134 2845 267 2920 τᾶσίαι,
299 2846 468 2908 notissimo
499 2843 697 2930 Thucydidis
728 2842 796 2909 loco
822 2843 861 2924 (l,
888 2843 1329 2930 numquamnumquam

134 2965 246 3036 patum
265 2953 405 3034 apatrio
425 2954 515 3015 victu
537 2949 690 3034 cultuque
708 2951 745 3015 ad
768 2951 973 3016 barbarorum
994 2949 1108 3016 luxum
1128 2951 1330 3026 desciscente,

134 3058 217 3142 apud
254 3056 414 3144 aequiores
448 3056 594 3121 latiorem
627 3057 787 3122 notionem
817 3057 942 3141 induit,
973 3065 1011 3122 ut
1041 3055 1198 3144 significet
1231 3055 1331 3133 „luxu

134 3165 273 3247 perverti
308 3168 341 3226 et
375 3165 534 3247 corrumpi
568 3169 600 3228 et
631 3184 649 3227 a
681 3165 843 3229 communi
875 3163 1007 3228 vivendi
1039 3163 1148 3228 ordine
1181 3168 1213 3228 et
1246 3183 1331 3227 more

134 3267 314 3351 recedera‚”
344 3275 494 3334 monente
524 3267 665 3334 Kiistero
696 3270 735 3334 ad
767 3268 898 3334 Suidam
924 3290 1000 3334 aa.
1024 3269 1202 3356 iisdemque
1225 3269 1332 3334 verbis

134 3381 207 3440 anta
240 3395 313 3440 oum
348 3373 505 3440 Salmasio
535 3376 569 3438 in
592 3375 717 3440 adnati.
751 3375 789 3440 ad
822 3373 951 3440 Aelium
982 3373 1189 3460 Spartianum
1218 3397 1249 3461 p.
1276 3377 1330 3440 25.

135 3479 292 3546 Similiter
321 3483 509 3566 posteriores
540 3481 779 3545 substantivum
812 3481 997 3554 ἐκδιαίτησις
1029 3481 1198 3550 adhibent.
1231 3521 1272 3529 —
1298 3485 1331 3547 in

135 3585 296 3652 nonnullis
320 3585 438 3652 Snidae
462 3586 623 3652 codicibus
646 3586 759 3651 itidem
784 3589 818 3651 in
841 3587 1009 3661 ἕκδιήσησις
1036 3587 1266 3672 depravatum,
1289 3625 1332 3636 -
1440 3659 1444 3666 ,

136 3695 226 3758 cuius
255 3711 332 3758 usus
365 3713 426 3758 uon
457 3713 536 3778 opus
566 3701 614 3758 est
644 3691 778 3757 Suidam
809 3696 916 3778 ipsum
942 3704 981 3774 (s.
1008 3695 1331 3771 vasconumque

133 3800 247 3883 ὀίων)
272 3799 414 3884 aliosque
438 3797 566 3864 infimae
590 3801 703 3865 aetatis
728 3795 901 3866 Graeculos
921 3799 1118 3867 fideiussores
1141 3801 1234 3883 dare,
1255 3821 1329 3867 cum

137 3925 196 3970 vox
221 3905 305 3991 apud
328 3905 539 3972 Plutarchum
567 3909 651 3986 (ue.
677 3902 746 3970 (lat.
771 3905 850 3970 Mai.
875 3929 902 3970 e.-
930 3905 988 3982 163
1014 3907 1110 3993 Agid.
1136 3929 1162 3972 e.
1186 3907 1223 3976 3:
1246 3907 1328 3975 Mor.

138 4033 166 4096 p.
200 4009 279 4096 493)
304 4031 371 4076 non
395 4012 608 4097 infrequenter
630 4025 819 4096 compareat.
867 4011 1112 4077 Substantivum
1136 4015 1329 4088 ἐνδιαιτητησ

137 4121 223 4181 macl
250 4117 387 4206 legitur,
423 4117 619 4183 adiectivum
651 4117 859 4194 ἐκδιαίτητσι,
891 4139 1049 4203 nusquam
1082 4120 1164 4184 mihi
1188 4119 1328 4197 lectum,

143 4321 307 4333 -n--.-—-.

173 4487 199 4546 1)
215 4491 260 4546 τίΙς
277 4487 301 4538 in
317 4493 403 4538 ncntm
413 4489 493 4539 codice
501 4485 571 4550 (BH)
581 4485 677 4539 obvium
686 4487 827 4538 addendum
838 4503 887 4538 esec
896 4488 945 4540 iam
953 4491 1002 4540 dixi
1011 4489 1036 4540 iu
1047 4489 1184 4542 Observatt.
1203 4509 1226 4561 p.
1238 4495 1330 4545 ddunt
