3278 5148
740 282 805 378 tat

174 486 225 564 rlr
256 496 432 581 Ἀχιλλέα,
468 503 629 584 praeterea
658 498 741 564 infra
772 497 917 584 (127hlr
950 496 1082 577 ὅτιγὰρ
1108 481 1212 561 ἐκεῖνον
1236 478 1364 579 (caeteri

175 602 350 692 Cyclopes).
363 605 416 668 οὐκ
436 600 515 679 ἦσαν
535 601 616 668 ἄθεοι
638 607 822 683 παρίστησιν
842 605 856 668 cl
874 606 999 679 ποιητὴς
1020 601 1121 681 λέγων
1141 615 1225 676 κτλ,
1247 599 1362 668 ιιῧὶῖε

177 711 310 775 ἐνταῦθα
334 710 347 773 ὁ
371 711 496 784 ποιητὴς
523 743 543 762 -
557 745 577 760 -
601 711 767 788 παρῖστησι
790 745 810 762 -
824 747 843 762 -
863 710 1035 781 οῖῖανοῖτους
1059 703 1135 774 εῖναι
1159 709 1219 779 τὰς
1240 705 1364 794 ψυχαῖς,

177 823 210 883 et
232 818 278 882 eie
302 817 431 901 passim.
1182 798 1191 810 ⁸

222 1040 250 1100 r,
287 1013 363 1080 112.
405 1014 607 1091 Θεμιστεύειτ
644 1015 730 1080 κατὰ
764 1015 799 1080 πῖ
835 1014 965 1100 δίκαιον,
1002 1011 1078 1081 ῖσιον
1109 1014 1284 1092 βασιλεύει.
1308 1015 1363 1102 (Τ)

178 1119 327 1208 Oportet:
353 1121 437 1186 acrei
462 1120 496 1184 τὸ
519 1121 632 1188 δίκαιον
657 1122 751 1208 (καὶ)
780 1115 857 1186 ῖσιον
880 1121 1056 1200 βασιλεύει.

224 1333 272 1400 ad
297 1357 324 1411 ι,
350 1331 416 1398 240
440 1335 619 1419 quaeritur:
645 1333 762 1402 ταῖσδὲ
787 1334 841 1398 οὐκ
864 1333 994 1412 οῖλονον,
1019 1331 1071 1398 ὅτε
1093 1333 1149 1410 μὲν
1175 1328 1366 1411 ἠρημωμένον

179 1434 212 1513 ἦν
236 1442 270 1505 τὸ
294 1441 463 1516 σπήλαιον,
488 1437 592 1518 ἄθυμον
612 1439 689 1504 αὐτὸ
719 1449 924 1512 καταλιπεῖν,
952 1439 1031 1505 ἔνδον
1056 1440 1086 1504 δὲ
1111 1437 1272 1518 γενόμενον
1297 1438 1365 1503 ἐπι·

178 1548 305 1624 κλεῖειν,
338 1547 407 1611 καῖ
437 1551 556 1612 τοῦτο
587 1547 682 1626 πρὸς
713 1549 777 1610 τὸν
807 1548 939 1625 μῦθον.
966 1547 1041 1626 ὑπὲρ
1062 1549 1115 1611 τοῦ
1140 1545 1183 1624 μὴ
1209 1545 1366 1624 διαδρᾶναι
1400 1621 1404 1626 ¹

176 1656 247 1726 τοὺς
278 1653 396 1727 ξένους,
429 1655 446 1727 ἢ
478 1650 528 1718 ἵνα
560 1655 604 1730 μη
633 1651 793 1734 ἐπεισέλῖη
817 1653 860 1718 τὰ
884 1652 1007 1732 ἄρσενα.
1035 1651 1085 1738 (Τ)
1112 1651 1157 1717 Ut
1179 1654 1213 1716 in
1236 1651 1287 1716 hie
1311 1649 1368 1715 ali·

177 1761 256 1846 quid
285 1761 393 1826 deesse
424 1762 629 1838 convincam,
661 1762 803 1845 primum
835 1761 1055 1846 exponendum
1086 1762 1164 1842 erit,
1189 1777 1251 1844 quo
1275 1778 1368 1824 sensu

178 1866 363 1952 accipienda
396 1869 460 1932 sint
495 1866 590 1933 verba
626 1867 679 1931 καὶ
717 1870 807 1931 τοῦτο
837 1870 909 1946 πρὸς
942 1865 992 1931 τὸν
1023 1867 1126 1944 μῦθον.
1162 1866 1249 1946 Quae
1274 1884 1367 1932 nemo
1470 1873 1477 1894 ¹

177 1972 296 2040 melius
326 1973 589 2058 interpretabitur
620 1992 716 2056 quam
747 1975 815 2057 ipse
844 1973 1060 2060 Porphyrius,
1084 2010 1125 2020 -
1151 1979 1258 2038 nostra
1282 1974 1368 2037 enim

178 2101 218 2148 ex
247 2079 344 2146 huius
377 2072 624 2159 Quaestionihus
653 2099 719 2144 esee
748 2087 895 2164 excerpta
918 2099 981 2144 non
1004 2093 1052 2146 aet
1076 2079 1159 2164 quod
1179 2078 1302 2156 dicam,
1327 2113 1366 2127 -

177 2187 217 2254 cd
239 2210 257 2250 κ
281 2184 324 2248 20
350 2186 389 2251 de
413 2184 515 2252 Aeolo
541 2189 670 2270 eiusque
696 2189 729 2250 in
754 2195 864 2252 uentos
882 2186 1017 2272 imperio
1038 2185 1213 2272 disputans.
1237 2183 1286 2250 Ex
1307 2203 1369 2269 qua

179 2291 394 2377 disputatione
417 2313 501 2358 nunc
533 2311 569 2357 ea
601 2297 727 2358 tautum
759 2311 892 2377 ponam,
925 2311 1005 2374 quae
1032 2290 1072 2356 ad
1094 2299 1238 2355 nostrum
1261 2289 1368 2356 locum

179 2399 453 2484 interpretandum
473 2394 617 2482 faciunt,'
634 2405 755 2464 caetera
775 2400 1016 2484 corruptissima
1034 2402 1144 2484 postea
1163 2397 1201 2462 de
1212 2395 1370 2462 industria

178 2510 440 2591 pertractatores.
466 2504 516 2570 διὰ
542 2507 574 2571 τῖ
596 2509 650 2570 οὐκ
674 2503 768 2577 αὐτὸς
792 2503 937 2589 (Aeolus)
961 2503 1094 2584 κατέχει
1125 2503 1194 2576 τοὺς
1219 2503 1368 2581 ἀνέμους,

178 2612 267 2692 μεῖνον
289 2613 440 2682 κελεύσας
465 2614 598 2694 Ζέφυρον
622 2619 723 2691 πνεῖν,
744 2610 924 2697 Respondet
936 2610 1149 2698 Porphyrius:
1167 2609 1203 2674 εῖ
1210 2624 1367 2685 ληπται

179 2721 250 2797 μὶν
273 2720 316 2784 τὸ
342 2717 516 2795 πλάσμα
542 2721 636 2798 πρὸς
659 2720 724 2783 τὸν
749 2717 902 2797 καιρόν,
929 2716 985 2780 διὸ
1011 2718 1052 2782 οὐ
1077 2717 1138 2782 δεῖ
1159 2714 1294 2798 ζητεῖν
1317 2715 1367 2780 τῖα

178 2831 373 2892 τοιαῦτα·
406 2827 605 2890 οῖνειῖῖυνα
630 2825 719 2912 (yar
744 2825 817 2910 ius.)
844 2824 891 2888 τῖι
915 2830 987 2890 τῶν
1010 2824 1164 2924 μύθων’
1194 2821 1372 2890 Saluberri·

178 2955 269 3000 muru
306 2939 509 3019 praeceptum
545 2952 581 2998 ac
617 2933 802 3018 prudentiae
837 2931 902 2998 fere
932 2930 1172 3007 Aristarcheae,
1206 2941 1300 3016 quem
1333 2931 1368 2994 in

177 3039 281 3106 simili
317 3062 349 3106 re
383 3037 502 3104 alicubi
533 3023 690 3105 dicentem
722 3039 922 3106 audiuimus:
948 3039 1046 3103 irrina
1070 3037 1102 3102 δὲ
1125 3039 1167 3118 τῷ
1192 3047 1300 3119 ποιητῇ
1325 3037 1367 3102 τα

179 3150 324 3212 τοιαῦτα.
372 3145 432 3214 seo
455 3145 658 3210 Aristarchus
682 3148 749 3212 suis
771 3147 840 3231 ipse
862 3147 1037 3232 praeceptis
1059 3146 1276 3232 obtemperare
1296 3165 1368 3212 con·

178 3255 302 3329 suevit,
334 3251 533 3337 Porphyrius
562 3252 619 3316 uhi
650 3271 778 3318 caueam
809 3251 960 3318 subtilius
988 3253 1198 3338 quaerendam
1222 3273 1288 3320 esse
1310 3274 1367 3318 ne·

177 3362 285 3448 gavit,
318 3360 467 3426 continuo
499 3377 610 3424 causae
642 3359 760 3443 profert
789 3363 846 3424 aut
869 3379 888 3424 a
909 3379 942 3424 se
965 3367 1021 3424 aut
1045 3360 1084 3424 ab
1108 3359 1181 3424 aliis
1204 3358 1366 3426 subtiliter

177 3469 382 3553 excogitatas.
430 3462 520 3530 Ferit
543 3465 602 3531 hoo
625 3474 657 3532 et
681 3465 778 3543 alibi,
804 3472 836 3530 et
859 3485 895 3530 eo
919 3486 1014 3550 quem
1038 3465 1209 3532 attulimus
1229 3465 1314 3544 loco,
1334 3473 1366 3530 et

177 3581 303 3657 nostro,
327 3573 384 3638 uhi
407 3593 489 3638 nunc
513 3575 590 3638 eatis
614 3575 677 3638 iarn
702 3581 809 3658 petere
832 3575 942 3658 opinor
965 3572 1187 3659 corrigendum
1207 3593 1291 3638 essa:
1313 3570 1364 3636 καὶ

178 3686 267 3746 τοῦτο
292 3679 363 3758 πρὸς
388 3679 440 3743 τὸν
463 3679 565 3756 μῦθον.
591 3676 663 3766 (Ἣ)
686 3680 758 3759 ὑπὲρ
781 3683 836 3744 τοῦ
860 3681 904 3754 μη
928 3677 1086 3760 διαδρᾶναι
1111 3679 1181 3748 τοὺς
1205 3678 1323 3756 ξένους,
1348 3679 1365 3753 ἢ

178 3784 227 3854 ἵνα
250 3787 295 3864 uir
321 3785 480 3866 ἒπεισέλῖη
505 3787 547 3850 τὰ
572 3785 702 3866 ἄρσενα,
720 3806 762 3852 ne
781 3787 827 3851 rei
844 3805 938 3851 causa
958 3784 1056 3850 simul
1076 3792 1108 3852 et
1127 3805 1190 3852 non
1208 3785 1367 3852 reddenda

177 3901 210 3962 et
232 3892 389 3960 reddenda
414 3912 481 3958 esee
504 3893 638 3958 dicatur.
670 3890 758 3958 Haeo
784 3899 890 3958 nostra
909 3913 982 3956 cum
1004 3894 1064 3968 iis,
1084 3913 1165 3976 quae
1185 3891 1368 3959 illustrandi

177 4021 271 4068 causa
305 4019 345 4064 ex
376 4023 394 4064 ιι
425 3995 469 4064 20
502 3997 689 4082 attulimus,
722 4005 808 4066 aneto
830 3999 994 4066 cohaerere
1018 3998 1134 4078 videri,
1160 4019 1244 4064 nunc
1268 3999 1368 4064 obiter

180 4113 303 4174 tanturn
328 4107 415 4172 etin
439 4113 621 4170 transcursu
645 4125 766 4172 moneo.

185 4357 187 4364 .
225 4328 251 4382 ι,
279 4301 353 4370 391.
375 4299 400 4388 ¹)
432 4301 624 4368 Etiamnunc
656 4302 848 4387 quaestionis
873 4307 1057 4388 excerptum
1081 4301 1195 4370 leviter
1220 4301 1367 4390 supplen-

181 4418 350 4430 ...ι-

209 4471 237 4538 1)
254 4467 362 4520 Pertinet
380 4471 486 4520 scholion
505 4469 584 4536 potius
603 4471 631 4519 orl
650 4485 694 4520 ves.
713 4471 776 4531 aaa,
795 4467 851 4518 885.
878 4487 881 4497 ⁴
