3220 5144
680 366 746 438 leo

119 564 245 652 saepius
280 566 457 654 attigerunt
491 563 718 652 grammatici,
754 583 910 648 nusquam
947 557 1120 626 dilucidius
1156 577 1252 642 quam
1275 558 1308 622 in

111 671 239 746 ¹scholio
273 672 313 737 ad
344 671 466 758 Equiti.
500 691 547 736 vs.
581 666 687 736 1375:
718 669 761 733 τθι
790 665 935 748 μσιρσθκια
960 665 1051 732 ταυτὶ
1077 663 1161 743 λέγω
1186 669 1244 730 ταν
1268 665 1310 742 τῷ

120 779 214 861 μθρῳ.
238 779 288 844 Ad
309 799 403 866 quem
417 797 543 843 versum
556 774 675 842 scholia
686 798 694 842 τ
707 771 799 846 οὕτως
814 773 964 848 Ἀττικῶς
978 773 1013 858 (Ι.
1027 809 1046 824 ·
1061 771 1118 860 καὶ)
1132 771 1200 838 olori
1213 777 1267 837 τσῦ
1281 772 1310 836 ἐν

121 883 335 969 μυρστυλεθῳ,
358 883 422 950 cled
446 890 503 949 τῶν
524 881 723 961 πωλουμένων
747 883 816 954 τσὺς
841 883 952 955 τθτσυς
977 885 1155 950 καλοῦντες.
1201 878 1311 944 Fuisse

120 995 204 1062 inter
233 999 372 1068 veteres,
404 991 460 1078 qui
490 995 522 1056 et
551 991 604 1056 hic
633 995 665 1055 et
687 1015 700 1054 ι
727 987 792 1058 479
816 987 927 1054 ἄντλον
951 991 1233 1072 interpretarentur
1256 987 1310 1058 την

123 1101 284 1167 θάλασσαν
315 1100 378 1167 fere
411 1096 556 1165 conficias
587 1119 626 1163 ex
656 1095 820 1184 Euripidis
853 1117 913 1162 usu
949 1095 1094 1182 (Hecuba
1129 1114 1174 1158 vs.
1210 1089 1309 1176 1625)

123 1215 155 1276 et
176 1207 309 1274 fortasse
333 1227 371 1272 er
396 1203 550 1291 Aeschyli
573 1203 658 1290 Sept.
684 1203 755 1270 adr.
781 1201 923 1280 Thebes,
947 1223 985 1268 rs
1009 1199 1085 1280 796,
1107 1197 1199 1286 (802)
1221 1205 1253 1265 et
1273 1220 1312 1264 er

122 1315 297 1403 Hesychio.

661 1499 664 1505 ’
681 1523 749 1592 ur.

171 1739 258 1820 Quae
287 1741 321 1804 in
353 1735 521 1803 duodecim
553 1741 763 1822 posteriorum
797 1737 950 1803 librorum
982 1737 1109 1804 scholiis
1132 1737 1318 1826 corrigenda

126 1852 313 1933 supersunt,
349 1843 499 1909 brevibus
534 1841 601 1909 illis
636 1852 730 1930 atque
766 1843 893 1916 exiliter
928 1843 1073 1931 scriptis,
1109 1852 1232 1931 praeter
1261 1843 1320 1910 illa

127 1975 206 2040 quse
241 1955 308 2018 iam
340 1952 373 2016 in
410 1949 667 2016 antecedentibus
705 1948 917 2016 multifariam
953 1972 1060 2038 sparse
1095 1955 1320 2024 tractavimus.

129 2082 165 2127 ea
199 2081 283 2125 nuno
317 2059 351 2122 in
386 2055 540 2123 ultimum
574 2064 670 2142 caput
702 2057 822 2147 epilogi
856 2059 956 2122 instar
987 2058 1205 2124 coniiciemus.
1251 2057 1319 2122 Pri-

129 2188 219 2234 mum
251 2164 382 2253 prodest
414 2170 463 2229 sat
493 2161 638 2248 amplum
670 2163 842 2250 Porphyrii
874 2163 1014 2229 scholion
1044 2163 1078 2228 in
1101 2163 1318 2250 Appendicem

129 2273 233 2342 nescio
266 2292 328 2359 qua
356 2271 394 2338 de
426 2291 521 2336 csusa
543 2268 680 2336 relatum
707 2269 749 2357 (p.
776 2268 852 2354 789,
877 2269 967 2357 790),
992 2269 1074 2356 quod
1099 2269 1193 2356 paulo
1217 2291 1321 2336 emen·

131 2380 237 2447 datius
261 2378 409 2445 exhibere
433 2377 577 2454 conabor,
603 2382 725 2443 coetera
748 2379 813 2442 iam
837 2377 964 2442 minuta
988 2382 1091 2442 erunt.

174 2593 322 2680 Namque
357 2593 395 2660 sd
432 2619 446 2658 ν
473 2591 489 2658 1
529 2593 583 2672 „in
613 2591 721 2692 codice
750 2591 868 2659 Veneto
901 2592 932 2658 N
964 2594 1041 2660 haec
1064 2593 1224 2680 adscripta
1246 2600 1321 2660 sunt

131 2701 330 2790 (Porphyrii,
363 2706 401 2765 ut
432 2697 583 2785 ridetur).
613 2718 693 2785 quae
717 2699 902 2784 rhapsodias
925 2709 953 2766 Π
978 2702 1084 2786 potius
1108 2701 1245 2768 adscribi
1270 2701 1323 2768 de·

130 2807 280 2876 bebairt.”
314 2806 437 2896 (Diod.)
467 2805 631 2873 Exhibeho
655 2811 800 2882 tantum,
827 2827 906 2890 quae
931 2804 1087 2892 probabili
1111 2806 1236 2874 medela
1258 2804 1352 2875 cor-¹

130 2917 234 3004 rigere
260 2933 351 2999 posse
382 2913 464 2978 mihi
496 2913 615 2980 videor.
651 2913 713 2979 Arci
745 2915 777 2978 rl
809 2951 851 2962 -
877 2913 992 3000 incipit
1022 2951 1059 2962 —
1085 2913 1254 2986 Ὀδυσσεὺς
1284 2926 1323 2998 τῇ

131 3023 188 3101 μὲν
212 3019 373 3101 Πηνελθτη
397 3018 519 3095 tarcian
545 3044 579 3084 τε
604 3020 657 3095 ἤδη
683 3021 797 3102 ἐχυθτη
822 3020 874 3085 καὶ
899 3021 1034 3104 φιλσθση
1059 3022 1152 3089 αὐτὸν
1174 3024 1229 3088 οὐκ
1259 3023 1324 3100 est·

131 3142 228 3194 λυσεν
253 3118 283 3200 ὃς
308 3119 360 3204 ἦν,
387 3127 429 3205 τῷ
454 3127 485 3191 δὲ
509 3125 695 3209 Τηλεμσθχῳ
719 3125 772 3206 νέῳ
794 3125 855 3200 ἕντι
877 3127 930 3191 καὶ
952 3135 1014 3199 τοῖς
1035 3127 1186 3204 sitirem
1209 3127 1326 3196 Variae

132 3257 171 3302 ex
199 3231 368 3301 Aristotele
401 3231 569 3299 solutionis
599 3253 711 3298 causae
736 3232 931 3298 adferuntur.
964 3237 1058 3298 Ἔστι
1084 3233 1204 3316 φάναι,
1229 3240 1326 3318 <burlo

133 3340 367 3423 Ἀριστοτέλης,
391 3335 437 3404 θτι
462 3348 525 3411 τοῖς
549 3339 606 3417 μὲν
630 3337 687 3403 ἔδει
711 3342 749 3411 nic
775 3339 813 3403 θιν
837 3339 984 3421 μετέχειν
1012 3339 1161 3418 μέλλουσι
1184 3347 1237 3406 τσῦ
1261 3367 1324 3408 κιν-

135 3447 220 3514 driven
240 3448 348 3514 σθτεῖν.
374 3483 417 3496 --
431 3445 480 3510 διὰ
506 3451 608 3512 ταῦτα
634 3445 664 3510 δὲ
690 3446 741 3509 καὶ
767 3454 806 3527 τῇ
828 3445 1002 3530 Εὑρυκλεθῳ
1022 3447 1212 3513 θκκαλύττει
1232 3449 1327 3515 αὐτὸν

135 3557 277 3637 χρησθμῳ
302 3551 427 3634 ἐσομένη
451 3553 522 3632 πρὸς
547 3555 601 3627 την
626 3554 715 3631 θυρῶν
739 3549 930 3634 scoticas.
961 3551 1112 3640 Oportetz
1136 3553 1327 3623 θκκαλθττει

135 3662 268 3728 αὑτὸν.
293 3659 398 3726 Simul
419 3665 450 3726 et
470 3659 758 3746 interpunctionem
779 3664 939 3724 mutatam
958 3663 1092 3746 oportet,
1106 3663 1328 3728 concinnitatis

136 3789 231 3835 causa
259 3767 426 3853 participio
451 3768 483 3831 in
506 3765 718 3832 indicativum
743 3774 898 3842 correct0,
924 3769 957 3830 in
981 3767 1065 3832 huno
1086 3767 1236 3834 modum:
1262 3767 1327 3836 ἔστι

137 3875 235 3956 φάναι
251 3911 291 3922 -
307 3869 352 3938 θτι
373 3883 434 3944 τοῖς
452 3874 509 3951 μὲν
529 3872 587 3937 ἔδει
614 3912 647 3920 -—
666 3873 780 3938 εἰπεῖν·
803 3872 953 3938 σὶδθνατσν
975 3874 1037 3952 yse
1061 3869 1094 3946 ἦν
1118 3871 1191 3940 ἄνευ
1215 3875 1329 3943 τούτων

137 3982 290 4048 ἐπιθέσθαι
320 3989 382 4052 ταῖς
415 3987 601 4056 μνηστῆρσι·
635 3979 702 4064 (θινὶ
733 3983 838 4044 ταῦτα
871 3978 902 4044 δὲ
927 4003 957 4044 κ.
984 4004 1013 4043 τ.
1037 3981 1211 4066 senonicus
1235 3983 1328 4048 ἕκκα·

137 4087 247 4154 λθττεν
278 4087 370 4152 αὑτὸν
394 4109 485 4166 χρησ.
512 4087 596 4162 ἕσσμ.
623 4085 695 4165 πρὸς
721 4111 750 4151 τ.
775 4087 862 4166 θυρῶν
887 4087 968 4167 aioth.
993 4110 1021 4151 κ.
1048 4112 1078 4152 τ.
1102 4111 1132 4152 τ.
1157 4089 1328 4168 θεραπαινί-

138 4194 193 4259 δων
228 4195 361 4275 ἡσυχίαν
373 4201 393 4272 ·)
428 4197 505 4258 τσῖσι
538 4191 563 4256 δ’
594 4195 653 4274 σθχ
685 4191 775 4278 ἅμα,
799 4193 887 4259 ἀλλὰ
913 4193 999 4277 κατὰ
1022 4194 1073 4259 τὸν
1097 4194 1202 4260 δέοντα
1227 4196 1328 4276 καιρθν

138 4303 191 4368 καὶ
222 4301 285 4386 ἷδθρ
316 4299 435 4381 ἑκάστῳ
465 4299 517 4365 καὶ
548 4297 627 4384 μθνῳ
659 4299 836 4385 ἕκφαθνΕΙ,
867 4295 916 4364 ἵνα
941 4303 985 4377 μη
1011 4300 1191 4376 ἐκλαλήσας
1215 4329 1260 4376 τις
1287 4305 1328 4376 εἰς

138 4407 237 4492 ἕτερον
260 4411 315 4483 τὴν
338 4407 442 4473 αἰτίαν
466 4407 625 4486 ανενθχκη.
670 4407 707 4473 In
731 4408 836 4474 codiee
859 4411 908 4472 ost
931 4405 1094 4489 ἑκΦαθνυν.
1142 4409 1258 4476 Paucis
1281 4412 1329 4476 in·

140 4515 296 4582 tarieotis:
323 4511 387 4581 lert
411 4514 442 4580 dl
467 4517 563 4580 eineis
587 4513 639 4580 cai
661 4509 706 4580 θτι
728 4513 890 4594 ηὐλαβήθη
911 4515 955 4594 uis
976 4518 1144 4599 περιχαρὴς
1166 4516 1329 4583 σἰκσιθτασα
