<?xml version="1.0" encoding="UTF-8"?>
<!DOCTYPE html PUBLIC "-//W3C//DTD XHTML 1.0 Transitional//EN"
    "http://www.w3.org/TR/xhtml1/DTD/xhtml1-transitional.dtd">
<html xmlns="http://www.w3.org/1999/xhtml" xml:lang="en" lang="en">
 <head>
  <title>
</title>
<meta http-equiv="Content-Type" content="text/html;charset=utf-8" />
  <meta name='ocr-system' content='tesseract 3.04.00' />
  <meta name='ocr-capabilities' content='ocr_page ocr_carea ocr_par ocr_line ocrx_word'/>
</head>
<body>
  <div class='ocr_page' id='page_1' title='image "./adodysseameiusq01polagoog_0287.png"; bbox 0 0 3278 5148; ppageno 0'>
   <div class='ocr_carea' id='block_1_1' title="bbox 829 342 896 414">
    <p class='ocr_par' dir='ltr' id='par_1_1' title="bbox 829 342 896 414">
     <span class='ocr_line' id='line_1_1' title="bbox 829 342 896 414; baseline 0.015 -3"><span class='ocrx_word' id='word_1_1' title='bbox 829 342 896 414; x_wconf 73' lang='lat'>272</span> 
     </span>
    </p>
   </div>
   <div class='ocr_carea' id='block_1_2' title="bbox 259 529 1453 624">
    <p class='ocr_par' dir='ltr' id='par_1_2' title="bbox 259 529 1453 624">
     <span class='ocr_line' id='line_1_2' title="bbox 259 529 1453 624; baseline 0.007 -28"><span class='ocrx_word' id='word_1_2' title='bbox 259 529 371 598; x_wconf 82' lang='grc' dir='ltr'><strong><em>κύκλον</em></strong></span> <span class='ocrx_word' id='word_1_3' title='bbox 396 533 434 594; x_wconf 78' lang='grc' dir='ltr'>ύν</span> <span class='ocrx_word' id='word_1_4' title='bbox 465 531 555 618; x_wconf 87' lang='grc' dir='ltr'><strong><em>(τις)</em></strong></span> <span class='ocrx_word' id='word_1_5' title='bbox 587 531 665 598; x_wconf 62' lang='lat' dir='ltr'>stre</span> <span class='ocrx_word' id='word_1_6' title='bbox 699 533 735 598; x_wconf 89' lang='grc' dir='ltr'><strong><em>τδ</em></strong></span> <span class='ocrx_word' id='word_1_7' title='bbox 765 532 899 612; x_wconf 85' lang='grc' dir='ltr'><strong><em>δόκτνον,</em></strong></span> <span class='ocrx_word' id='word_1_8' title='bbox 934 534 1217 624; x_wconf 75' lang='lat' dir='ltr'>(quemadmodum</span> <span class='ocrx_word' id='word_1_9' title='bbox 1249 537 1289 604; x_wconf 83' lang='lat' dir='ltr'>ed</span> <span class='ocrx_word' id='word_1_10' title='bbox 1320 537 1337 603; x_wconf 90' lang='grc' dir='ltr'><strong><em>δ</em></strong></span> <span class='ocrx_word' id='word_1_11' title='bbox 1371 537 1453 607; x_wconf 84' lang='lat'><strong>785:</strong></span> 
     </span>
    </p>
   </div>
   <div class='ocr_carea' id='block_1_3' title="bbox 255 637 1455 1242">
    <p class='ocr_par' dir='ltr' id='par_1_3' title="bbox 255 637 1455 1242">
     <span class='ocr_line' id='line_1_3' title="bbox 259 637 1455 729; baseline 0.007 -27"><span class='ocrx_word' id='word_1_12' title='bbox 259 637 392 721; x_wconf 75' lang='grc' dir='ltr'><strong><em>έννοτόῳε</em></strong></span> <span class='ocrx_word' id='word_1_13' title='bbox 425 638 649 718; x_wconf 72' lang='grc' dir='ltr'>Ἀριστοφάνης</span> <span class='ocrx_word' id='word_1_14' title='bbox 684 641 850 720; x_wconf 78' lang='grc' dir='ltr'><strong><em>,,εἷνοδιίρ,”</em></strong></span> <span class='ocrx_word' id='word_1_15' title='bbox 881 643 918 714; x_wconf 75' lang='lat' dir='ltr'>cir</span> <span class='ocrx_word' id='word_1_16' title='bbox 952 640 990 707; x_wconf 76' lang='grc' dir='ltr'>ἄν</span> <span class='ocrx_word' id='word_1_17' title='bbox 1020 667 1068 716; x_wconf 89' lang='grc' dir='ltr'><strong><em>τις</em></strong></span> <span class='ocrx_word' id='word_1_18' title='bbox 1100 643 1179 708; x_wconf 79' lang='grc' dir='ltr'><strong><em>εἴτοι</em></strong></span> <span class='ocrx_word' id='word_1_19' title='bbox 1211 645 1240 709; x_wconf 87' lang='grc' dir='ltr'>έν</span> <span class='ocrx_word' id='word_1_20' title='bbox 1276 645 1363 729; x_wconf 53' lang='lat' dir='ltr'>idcir)</span> <span class='ocrx_word' id='word_1_21' title='bbox 1398 651 1455 712; x_wconf 88' lang='lat' dir='ltr'>eut</span> 
     </span>
     <span class='ocr_line' id='line_1_4' title="bbox 258 742 1454 840; baseline 0.008 -32"><span class='ocrx_word' id='word_1_22' title='bbox 258 742 378 815; x_wconf 81' lang='grc' dir='ltr'><strong><em>εότοις</em></strong></span> <span class='ocrx_word' id='word_1_23' title='bbox 401 743 622 823; x_wconf 87' lang='lat' dir='ltr'>scribendum,</span> <span class='ocrx_word' id='word_1_24' title='bbox 647 744 686 811; x_wconf 88' lang='lat' dir='ltr'>dc</span> <span class='ocrx_word' id='word_1_25' title='bbox 708 766 770 831; x_wconf 94' lang='lat' dir='ltr'>quo</span> <span class='ocrx_word' id='word_1_26' title='bbox 793 750 1002 834; x_wconf 79' lang='lat' dir='ltr'><strong>interpretum</strong></span> <span class='ocrx_word' id='word_1_27' title='bbox 1028 771 1116 816; x_wconf 88' lang='lat' dir='ltr'>more</span> <span class='ocrx_word' id='word_1_28' title='bbox 1143 771 1239 836; x_wconf 90' lang='lat' dir='ltr'>supre</span> <span class='ocrx_word' id='word_1_29' title='bbox 1257 754 1367 837; x_wconf 78' lang='lat' dir='ltr'>paucis</span> <span class='ocrx_word' id='word_1_30' title='bbox 1388 755 1454 840; x_wconf 75' lang='lat' dir='ltr'>egi·</span> 
     </span>
     <span class='ocr_line' id='line_1_5' title="bbox 257 849 1452 943; baseline 0.007 -27"><span class='ocrx_word' id='word_1_31' title='bbox 257 871 341 916; x_wconf 74' lang='lat' dir='ltr'>mres.</span> <span class='ocrx_word' id='word_1_32' title='bbox 376 849 526 936; x_wconf 81' lang='lat' dir='ltr'>Sequitur</span> <span class='ocrx_word' id='word_1_33' title='bbox 549 850 613 916; x_wconf 86' lang='lat' dir='ltr'>elie</span> <span class='ocrx_word' id='word_1_34' title='bbox 636 850 743 940; x_wconf 78' lang='lat' dir='ltr'>glossa</span> <span class='ocrx_word' id='word_1_35' title='bbox 765 854 908 920; x_wconf 90' lang='lat' dir='ltr'>eiusdem</span> <span class='ocrx_word' id='word_1_36' title='bbox 933 859 1124 935; x_wconf 81' lang='lat' dir='ltr'>sententiae,</span> <span class='ocrx_word' id='word_1_37' title='bbox 1150 859 1183 921; x_wconf 92' lang='lat' dir='ltr'>in</span> <span class='ocrx_word' id='word_1_38' title='bbox 1207 856 1299 924; x_wconf 80' lang='lat' dir='ltr'>&#39;Deio</span> <span class='ocrx_word' id='word_1_39' title='bbox 1318 861 1452 943; x_wconf 85' lang='lat' dir='ltr'>scripte:</span> 
     </span>
     <span class='ocr_line' id='line_1_6' title="bbox 256 957 1454 1040; baseline 0.006 -16"><span class='ocrx_word' id='word_1_40' title='bbox 256 957 360 1036; x_wconf 90' lang='grc' dir='ltr'><strong><em>δόλον,</em></strong></span> <span class='ocrx_word' id='word_1_41' title='bbox 392 962 494 1038; x_wconf 84' lang='grc' dir='ltr'><strong><em>κύκλῳ</em></strong></span> <span class='ocrx_word' id='word_1_42' title='bbox 521 960 556 1022; x_wconf 83' lang='grc' dir='ltr'><strong><em>τὸ</em></strong></span> <span class='ocrx_word' id='word_1_43' title='bbox 588 958 720 1024; x_wconf 83' lang='grc' dir='ltr'><strong><em>δίκτυον.</em></strong></span> <span class='ocrx_word' id='word_1_44' title='bbox 763 958 799 1024; x_wconf 90' lang='lat' dir='ltr'>In</span> <span class='ocrx_word' id='word_1_45' title='bbox 828 959 1002 1027; x_wconf 86' lang='lat' dir='ltr'>Herleieno</span> <span class='ocrx_word' id='word_1_46' title='bbox 1025 973 1091 1040; x_wconf 88' lang='lat' dir='ltr'>est,</span> <span class='ocrx_word' id='word_1_47' title='bbox 1117 1001 1158 1011; x_wconf 98' lang='lat'>-</span> <span class='ocrx_word' id='word_1_48' title='bbox 1184 961 1349 1030; x_wconf 89' lang='lat' dir='ltr'>Dindorlio</span> <span class='ocrx_word' id='word_1_49' title='bbox 1372 971 1454 1031; x_wconf 86' lang='lat' dir='ltr'>teste</span> 
     </span>
     <span class='ocr_line' id='line_1_7' title="bbox 255 1065 1453 1165; baseline 0.007 -35"><span class='ocrx_word' id='word_1_50' title='bbox 255 1067 291 1130; x_wconf 91' lang='lat' dir='ltr'>in</span> <span class='ocrx_word' id='word_1_51' title='bbox 313 1065 416 1130; x_wconf 87' lang='lat' dir='ltr'>Preef.</span> <span class='ocrx_word' id='word_1_52' title='bbox 441 1087 472 1150; x_wconf 90' lang='lat' dir='ltr'>p.</span> <span class='ocrx_word' id='word_1_53' title='bbox 497 1083 556 1131; x_wconf 83' lang='lat' dir='ltr'>nur</span> <span class='ocrx_word' id='word_1_54' title='bbox 569 1103 609 1114; x_wconf 92' lang='lat'>-</span> <span class='ocrx_word' id='word_1_55' title='bbox 624 1067 720 1131; x_wconf 90' lang='grc' dir='ltr'><strong><em>δόλιον</em></strong></span> <span class='ocrx_word' id='word_1_56' title='bbox 745 1069 874 1133; x_wconf 66' lang='grc' dir='ltr'><strong><em>κύκλοις</em></strong></span> <span class='ocrx_word' id='word_1_57' title='bbox 895 1069 938 1132; x_wconf 75' lang='grc' dir='ltr'><strong><em>τοὶ</em></strong></span> <span class='ocrx_word' id='word_1_58' title='bbox 959 1071 1085 1147; x_wconf 63' lang='lat' dir='ltr'>iterna,</span> <span class='ocrx_word' id='word_1_59' title='bbox 1110 1073 1218 1154; x_wconf 88' lang='lat' dir='ltr'>iteque</span> <span class='ocrx_word' id='word_1_60' title='bbox 1237 1073 1270 1136; x_wconf 88' lang='lat' dir='ltr'>in</span> <span class='ocrx_word' id='word_1_61' title='bbox 1290 1069 1453 1165; x_wconf 72' lang='lat' dir='ltr'>Tuncque</span> 
     </span>
     <span class='ocr_line' id='line_1_8' title="bbox 256 1154 1009 1242; baseline 0.005 -4"><span class='ocrx_word' id='word_1_62' title='bbox 256 1171 475 1238; x_wconf 86' lang='lat' dir='ltr'>scribendum:</span> <span class='ocrx_word' id='word_1_63' title='bbox 500 1171 619 1238; x_wconf 88' lang='grc' dir='ltr'><strong><em>δόλιον</em></strong></span> <span class='ocrx_word' id='word_1_64' title='bbox 644 1154 795 1238; x_wconf 77' lang='grc' dir='ltr'><strong><em>κύκλονῖ</em></strong></span> <span class='ocrx_word' id='word_1_65' title='bbox 820 1175 855 1238; x_wconf 87' lang='grc' dir='ltr'><strong><em>τδ</em></strong></span> <span class='ocrx_word' id='word_1_66' title='bbox 880 1174 1009 1242; x_wconf 84' lang='grc' dir='ltr'><strong><em>δόκτοον.</em></strong></span> 
     </span>
    </p>
   </div>
   <div class='ocr_carea' id='block_1_4' title="bbox 222 1383 1452 3286">
    <p class='ocr_par' dir='ltr' id='par_1_4' title="bbox 222 1383 1452 3286">
     <span class='ocr_line' id='line_1_9' title="bbox 222 1383 1452 1474; baseline 0.006 -27"><span class='ocrx_word' id='word_1_67' title='bbox 222 1410 223 1424; x_wconf 51' lang='lat'>¹</span> <span class='ocrx_word' id='word_1_68' title='bbox 302 1383 335 1462; x_wconf 92' lang='grc' dir='ltr'>δ,</span> <span class='ocrx_word' id='word_1_69' title='bbox 362 1383 437 1451; x_wconf 76' lang='grc'><strong>793.</strong></span> <span class='ocrx_word' id='word_1_70' title='bbox 463 1383 582 1450; x_wconf 88' lang='lat' dir='ltr'>Iterum</span> <span class='ocrx_word' id='word_1_71' title='bbox 605 1385 761 1451; x_wconf 89' lang='lat' dir='ltr'>hebemus</span> <span class='ocrx_word' id='word_1_72' title='bbox 784 1385 956 1474; x_wconf 84' lang='lat' dir='ltr'>Porphyrii</span> <span class='ocrx_word' id='word_1_73' title='bbox 981 1387 1139 1453; x_wconf 90' lang='lat' dir='ltr'>scholium</span> <span class='ocrx_word' id='word_1_74' title='bbox 1163 1408 1203 1454; x_wconf 82' lang='lat' dir='ltr'>ex</span> <span class='ocrx_word' id='word_1_75' title='bbox 1227 1389 1284 1456; x_wconf 83' lang='lat' dir='ltr'>DD</span> <span class='ocrx_word' id='word_1_76' title='bbox 1307 1391 1452 1472; x_wconf 89' lang='lat' dir='ltr'>editum,</span> 
     </span>
     <span class='ocr_line' id='line_1_10' title="bbox 255 1491 1452 1577; baseline 0.003 -20"><span class='ocrx_word' id='word_1_77' title='bbox 255 1511 291 1558; x_wconf 88' lang='lat' dir='ltr'>eo</span> <span class='ocrx_word' id='word_1_78' title='bbox 313 1511 397 1556; x_wconf 91' lang='lat' dir='ltr'>nunc</span> <span class='ocrx_word' id='word_1_79' title='bbox 420 1491 550 1577; x_wconf 93' lang='lat' dir='ltr'>quidem</span> <span class='ocrx_word' id='word_1_80' title='bbox 571 1491 609 1556; x_wconf 90' lang='lat' dir='ltr'>de</span> <span class='ocrx_word' id='word_1_81' title='bbox 628 1492 888 1576; x_wconf 75' lang='lat' dir='ltr'>interpretatione</span> <span class='ocrx_word' id='word_1_82' title='bbox 909 1493 1060 1560; x_wconf 81' lang='lat' dir='ltr'>adiectivi</span> <span class='ocrx_word' id='word_1_83' title='bbox 1080 1496 1228 1572; x_wconf 78' lang='grc' dir='ltr'><strong><em>νύδυμις,</em></strong></span> <span class='ocrx_word' id='word_1_84' title='bbox 1255 1500 1452 1562; x_wconf 87' lang='lat' dir='ltr'>consentiens</span> 
     </span>
     <span class='ocr_line' id='line_1_11' title="bbox 254 1596 1450 1682; baseline 0.003 -20"><span class='ocrx_word' id='word_1_85' title='bbox 254 1596 337 1662; x_wconf 89' lang='lat' dir='ltr'>iDnd</span> <span class='ocrx_word' id='word_1_86' title='bbox 372 1618 446 1661; x_wconf 92' lang='lat' dir='ltr'>cnm</span> <span class='ocrx_word' id='word_1_87' title='bbox 478 1599 535 1673; x_wconf 88' lang='lat' dir='ltr'>iis,</span> <span class='ocrx_word' id='word_1_88' title='bbox 566 1617 647 1682; x_wconf 86' lang='lat' dir='ltr'>queo</span> <span class='ocrx_word' id='word_1_89' title='bbox 679 1618 718 1663; x_wconf 84' lang='lat' dir='ltr'>er</span> <span class='ocrx_word' id='word_1_90' title='bbox 750 1597 869 1664; x_wconf 86' lang='lat' dir='ltr'>Veneto</span> <span class='ocrx_word' id='word_1_91' title='bbox 901 1598 927 1664; x_wconf 91' lang='lat' dir='ltr'>B</span> <span class='ocrx_word' id='word_1_92' title='bbox 959 1611 993 1665; x_wconf 91' lang='lat' dir='ltr'>et</span> <span class='ocrx_word' id='word_1_93' title='bbox 1025 1599 1173 1666; x_wconf 74' lang='lat' dir='ltr'>leidensi</span> <span class='ocrx_word' id='word_1_94' title='bbox 1203 1601 1242 1666; x_wconf 85' lang='lat' dir='ltr'>ed</span> <span class='ocrx_word' id='word_1_95' title='bbox 1266 1601 1356 1668; x_wconf 88' lang='lat' dir='ltr'>llied.</span> <span class='ocrx_word' id='word_1_96' title='bbox 1382 1601 1450 1668; x_wconf 78' lang='lat'>132</span> 
     </span>
     <span class='ocr_line' id='line_1_12' title="bbox 256 1703 1452 1790; baseline 0.005 -21"><span class='ocrx_word' id='word_1_97' title='bbox 256 1704 459 1790; x_wconf 89' lang='lat' dir='ltr'>prodierunt,</span> <span class='ocrx_word' id='word_1_98' title='bbox 495 1740 536 1752; x_wconf 88' lang='lat'>·-</span> <span class='ocrx_word' id='word_1_99' title='bbox 571 1705 633 1769; x_wconf 89' lang='lat' dir='ltr'>nisi</span> <span class='ocrx_word' id='word_1_100' title='bbox 667 1703 751 1788; x_wconf 91' lang='lat' dir='ltr'>quod</span> <span class='ocrx_word' id='word_1_101' title='bbox 786 1704 841 1769; x_wconf 80' lang='lat' dir='ltr'>BL</span> <span class='ocrx_word' id='word_1_102' title='bbox 876 1707 970 1771; x_wconf 91' lang='lat' dir='ltr'>initio</span> <span class='ocrx_word' id='word_1_103' title='bbox 1004 1707 1164 1772; x_wconf 80' lang='lat' dir='ltr'>uberiores</span> <span class='ocrx_word' id='word_1_104' title='bbox 1199 1713 1291 1790; x_wconf 83' lang='lat' dir='ltr'>sunt,</span> <span class='ocrx_word' id='word_1_105' title='bbox 1327 1745 1368 1758; x_wconf 92' lang='lat'><em>-</em></span> <span class='ocrx_word' id='word_1_106' title='bbox 1405 1712 1452 1775; x_wconf 88' lang='lat' dir='ltr'>ite</span> 
     </span>
     <span class='ocr_line' id='line_1_13' title="bbox 256 1808 1451 1903; baseline 0.004 -28"><span class='ocrx_word' id='word_1_107' title='bbox 256 1816 375 1896; x_wconf 89' lang='lat' dir='ltr'>temen,</span> <span class='ocrx_word' id='word_1_108' title='bbox 410 1817 448 1876; x_wconf 89' lang='lat' dir='ltr'>ut</span> <span class='ocrx_word' id='word_1_109' title='bbox 480 1815 589 1876; x_wconf 88' lang='lat' dir='ltr'>nostre</span> <span class='ocrx_word' id='word_1_110' title='bbox 626 1830 700 1874; x_wconf 91' lang='lat' dir='ltr'>cnm</span> <span class='ocrx_word' id='word_1_111' title='bbox 739 1808 806 1876; x_wconf 86' lang='lat' dir='ltr'>illis</span> <span class='ocrx_word' id='word_1_112' title='bbox 843 1814 1010 1877; x_wconf 89' lang='lat' dir='ltr'>coniuncte</span> <span class='ocrx_word' id='word_1_113' title='bbox 1049 1818 1155 1878; x_wconf 87' lang='lat' dir='ltr'>textus</span> <span class='ocrx_word' id='word_1_114' title='bbox 1190 1814 1370 1903; x_wconf 75' lang='lat' dir='ltr'>integritati</span> <span class='ocrx_word' id='word_1_115' title='bbox 1403 1818 1451 1880; x_wconf 90' lang='lat' dir='ltr'>in·</span> 
     </span>
     <span class='ocr_line' id='line_1_14' title="bbox 255 1917 1451 2004; baseline 0.003 -20"><span class='ocrx_word' id='word_1_116' title='bbox 255 1919 401 1984; x_wconf 72' lang='lat' dir='ltr'>serviisse</span> <span class='ocrx_word' id='word_1_117' title='bbox 433 1921 604 2003; x_wconf 87' lang='lat' dir='ltr'>potuerint</span> <span class='ocrx_word' id='word_1_118' title='bbox 655 1917 771 1984; x_wconf 77' lang='lat' dir='ltr'>Editur</span> <span class='ocrx_word' id='word_1_119' title='bbox 802 1919 886 2004; x_wconf 80' lang='lat' dir='ltr'>apud</span> <span class='ocrx_word' id='word_1_120' title='bbox 919 1917 1137 1985; x_wconf 88' lang='lat' dir='ltr'>Dindorlinm:</span> <span class='ocrx_word' id='word_1_121' title='bbox 1175 1922 1227 1986; x_wconf 80' lang='grc' dir='ltr'><strong><em>καὶ</em></strong></span> <span class='ocrx_word' id='word_1_122' title='bbox 1269 1921 1362 1994; x_wconf 81' lang='grc' dir='ltr'><strong><em>οὕτως</em></strong></span> <span class='ocrx_word' id='word_1_123' title='bbox 1397 1922 1451 1987; x_wconf 87' lang='grc' dir='ltr'>λέ-</span> 
     </span>
     <span class='ocr_line' id='line_1_15' title="bbox 255 2023 1451 2112; baseline 0.005 -23"><span class='ocrx_word' id='word_1_124' title='bbox 255 2047 399 2104; x_wconf 79' lang='grc' dir='ltr'><strong><em>γουσιν</em></strong></span> <span class='ocrx_word' id='word_1_125' title='bbox 431 2025 515 2108; x_wconf 67' lang='grc' dir='ltr'><strong><em>,οὐδὲ</em></strong></span> <span class='ocrx_word' id='word_1_126' title='bbox 540 2048 593 2098; x_wconf 79' lang='grc' dir='ltr'>μιν</span> <span class='ocrx_word' id='word_1_127' title='bbox 616 2023 707 2097; x_wconf 80' lang='grc' dir='ltr'><strong><em>ὕπνος</em></strong></span> <span class='ocrx_word' id='word_1_128' title='bbox 732 2024 792 2108; x_wconf 68' lang='grc' dir='ltr'><strong><em>ᾕρει</em></strong></span> <span class='ocrx_word' id='word_1_129' title='bbox 818 2025 1053 2107; x_wconf 83' lang='grc' dir='ltr'><strong><em>τανδαμύτωρ”</em></strong></span> <span class='ocrx_word' id='word_1_130' title='bbox 1079 2028 1127 2112; x_wconf 81' lang='grc' dir='ltr'>(Ω</span> <span class='ocrx_word' id='word_1_131' title='bbox 1153 2031 1197 2108; x_wconf 89' lang='grc'>4).</span> <span class='ocrx_word' id='word_1_132' title='bbox 1223 2027 1389 2095; x_wconf 75' lang='lat' dir='ltr'>Parisinus</span> <span class='ocrx_word' id='word_1_133' title='bbox 1420 2029 1451 2094; x_wconf 92' lang='lat' dir='ltr'><strong>D</strong></span> 
     </span>
     <span class='ocr_line' id='line_1_16' title="bbox 254 2131 1452 2221; baseline 0.004 -25"><span class='ocrx_word' id='word_1_134' title='bbox 254 2138 364 2217; x_wconf 82' lang='lat' dir='ltr'>postes</span> <span class='ocrx_word' id='word_1_135' title='bbox 394 2151 544 2196; x_wconf 85' lang='lat' dir='ltr'>excussus</span> <span class='ocrx_word' id='word_1_136' title='bbox 574 2133 721 2217; x_wconf 78' lang='lat' dir='ltr'>praebuit</span> <span class='ocrx_word' id='word_1_137' title='bbox 752 2132 882 2216; x_wconf 83' lang='grc' dir='ltr'><strong><em>λέγει,</em></strong></span> <span class='ocrx_word' id='word_1_138' title='bbox 914 2133 998 2217; x_wconf 86' lang='lat' dir='ltr'>quod</span> <span class='ocrx_word' id='word_1_139' title='bbox 1021 2131 1076 2198; x_wconf 81' lang='lat' dir='ltr'>BL</span> <span class='ocrx_word' id='word_1_140' title='bbox 1100 2133 1289 2200; x_wconf 84' lang='lat' dir='ltr'>confirment</span> <span class='ocrx_word' id='word_1_141' title='bbox 1313 2143 1409 2221; x_wconf 87' lang='lat' dir='ltr'>etque</span> <span class='ocrx_word' id='word_1_142' title='bbox 1432 2155 1452 2201; x_wconf 84' lang='lat' dir='ltr'>e</span> 
     </span>
     <span class='ocr_line' id='line_1_17' title="bbox 254 2237 1450 2327; baseline 0.004 -24"><span class='ocrx_word' id='word_1_143' title='bbox 254 2237 363 2304; x_wconf 88' lang='lat' dir='ltr'>futuro</span> <span class='ocrx_word' id='word_1_144' title='bbox 385 2244 565 2304; x_wconf 89' lang='lat' dir='ltr'>nostrorum</span> <span class='ocrx_word' id='word_1_145' title='bbox 589 2239 727 2323; x_wconf 89' lang='lat' dir='ltr'>editore,</span> <span class='ocrx_word' id='word_1_146' title='bbox 746 2255 857 2324; x_wconf 87' lang='lat' dir='ltr'>spero,</span> <span class='ocrx_word' id='word_1_147' title='bbox 881 2239 1064 2324; x_wconf 78' lang='lat' dir='ltr'>recipietur.</span> <span class='ocrx_word' id='word_1_148' title='bbox 1114 2239 1267 2327; x_wconf 79' lang='lat' dir='ltr'>Sequitur</span> <span class='ocrx_word' id='word_1_149' title='bbox 1290 2243 1324 2306; x_wconf 89' lang='lat' dir='ltr'>in</span> <span class='ocrx_word' id='word_1_150' title='bbox 1346 2241 1388 2307; x_wconf 82' lang='lat' dir='ltr'>D:</span> <span class='ocrx_word' id='word_1_151' title='bbox 1414 2245 1450 2308; x_wconf 82' lang='grc' dir='ltr'><strong><em>τὸ</em></strong></span> 
     </span>
     <span class='ocr_line' id='line_1_18' title="bbox 255 2344 1449 2430; baseline 0.003 -20"><span class='ocrx_word' id='word_1_152' title='bbox 255 2344 286 2412; x_wconf 79' lang='grc' dir='ltr'>δέ</span> <span class='ocrx_word' id='word_1_153' title='bbox 310 2370 343 2419; x_wconf 94' lang='grc' dir='ltr'>νη</span> <span class='ocrx_word' id='word_1_154' title='bbox 369 2344 543 2423; x_wconf 72' lang='grc' dir='ltr'>στερητικὸν</span> <span class='ocrx_word' id='word_1_155' title='bbox 568 2345 619 2410; x_wconf 71' lang='grc' dir='ltr'><strong><em>καὶ</em></strong></span> <span class='ocrx_word' id='word_1_156' title='bbox 645 2347 675 2410; x_wconf 86' lang='grc' dir='ltr'>έν</span> <span class='ocrx_word' id='word_1_157' title='bbox 698 2347 740 2427; x_wconf 82' lang='grc' dir='ltr'><strong><em>τῷ</em></strong></span> <span class='ocrx_word' id='word_1_158' title='bbox 762 2346 916 2426; x_wconf 75' lang='grc' dir='ltr'><strong><em>νύγρετος.</em></strong></span> <span class='ocrx_word' id='word_1_159' title='bbox 936 2345 1055 2422; x_wconf 71' lang='grc' dir='ltr'><strong><em>ἥδιστος</em></strong></span> <span class='ocrx_word' id='word_1_160' title='bbox 1076 2347 1144 2412; x_wconf 77' lang='grc' dir='ltr'>καὶ</span> <span class='ocrx_word' id='word_1_161' title='bbox 1166 2347 1449 2430; x_wconf 79' lang='grc' dir='ltr'><strong><em>όανοὶττρύγχιοτοι</em></strong></span> 
     </span>
     <span class='ocr_line' id='line_1_19' title="bbox 254 2451 1450 2540; baseline 0.002 -22"><span class='ocrx_word' id='word_1_162' title='bbox 254 2452 364 2524; x_wconf 79' lang='grc' dir='ltr'><strong><em>ἐοικός.</em></strong></span> <span class='ocrx_word' id='word_1_163' title='bbox 413 2451 497 2532; x_wconf 85' lang='lat' dir='ltr'>Quid</span> <span class='ocrx_word' id='word_1_164' title='bbox 533 2451 564 2516; x_wconf 93' lang='lat' dir='ltr'>D</span> <span class='ocrx_word' id='word_1_165' title='bbox 598 2452 713 2518; x_wconf 83' lang='lat' dir='ltr'>hebeat</span> <span class='ocrx_word' id='word_1_166' title='bbox 745 2473 806 2518; x_wconf 91' lang='lat' dir='ltr'>non</span> <span class='ocrx_word' id='word_1_167' title='bbox 838 2459 1003 2518; x_wconf 89' lang='lat' dir='ltr'>enotetum</span> <span class='ocrx_word' id='word_1_168' title='bbox 1035 2458 1102 2538; x_wconf 86' lang='lat' dir='ltr'>est,</span> <span class='ocrx_word' id='word_1_169' title='bbox 1137 2454 1276 2521; x_wconf 89' lang='lat' dir='ltr'>sednon</span> <span class='ocrx_word' id='word_1_170' title='bbox 1300 2462 1450 2540; x_wconf 89' lang='lat' dir='ltr'>estopus</span> 
     </span>
     <span class='ocr_line' id='line_1_20' title="bbox 253 2557 1448 2645; baseline 0 -20"><span class='ocrx_word' id='word_1_171' title='bbox 253 2561 442 2626; x_wconf 80' lang='lat' dir='ltr'>auctoritate</span> <span class='ocrx_word' id='word_1_172' title='bbox 473 2561 668 2636; x_wconf 83' lang='lat' dir='ltr'>extrinsecus</span> <span class='ocrx_word' id='word_1_173' title='bbox 699 2559 838 2642; x_wconf 75' lang='lat' dir='ltr'>adscite,</span> <span class='ocrx_word' id='word_1_174' title='bbox 870 2566 907 2623; x_wconf 92' lang='lat' dir='ltr'>ut</span> <span class='ocrx_word' id='word_1_175' title='bbox 938 2559 991 2623; x_wconf 79' lang='lat' dir='ltr'>xci</span> <span class='ocrx_word' id='word_1_176' title='bbox 1022 2565 1093 2645; x_wconf 89' lang='lat' dir='ltr'>post</span> <span class='ocrx_word' id='word_1_177' title='bbox 1117 2557 1235 2634; x_wconf 73' lang='grc' dir='ltr'><strong><em>ἥδιστος</em></strong></span> <span class='ocrx_word' id='word_1_178' title='bbox 1259 2560 1448 2628; x_wconf 82' lang='lat' dir='ltr'>collocatum</span> 
     </span>
     <span class='ocr_line' id='line_1_21' title="bbox 253 2665 1445 2751; baseline 0.001 -18"><span class='ocrx_word' id='word_1_179' title='bbox 253 2666 444 2733; x_wconf 89' lang='lat' dir='ltr'>eiiciendum</span> <span class='ocrx_word' id='word_1_180' title='bbox 480 2671 669 2732; x_wconf 76' lang='lat' dir='ltr'>statuemus.</span> <span class='ocrx_word' id='word_1_181' title='bbox 718 2665 843 2751; x_wconf 87' lang='lat' dir='ltr'>Nempe</span> <span class='ocrx_word' id='word_1_182' title='bbox 879 2673 927 2731; x_wconf 90' lang='lat' dir='ltr'>est</span> <span class='ocrx_word' id='word_1_183' title='bbox 962 2687 1072 2732; x_wconf 88' lang='lat' dir='ltr'>versus</span> <span class='ocrx_word' id='word_1_184' title='bbox 1103 2666 1256 2733; x_wconf 87' lang='lat' dir='ltr'>Homeri:</span> <span class='ocrx_word' id='word_1_185' title='bbox 1287 2674 1445 2748; x_wconf 68' lang='grc' dir='ltr'><strong><em>νήγρετος,</em></strong></span> 
     </span>
     <span class='ocr_line' id='line_1_22' title="bbox 253 2769 1447 2860; baseline 0.002 -24"><span class='ocrx_word' id='word_1_186' title='bbox 253 2769 390 2856; x_wconf 75' lang='grc' dir='ltr'><strong><em>ἥδιστος,</em></strong></span> <span class='ocrx_word' id='word_1_187' title='bbox 415 2772 535 2851; x_wconf 80' lang='grc' dir='ltr'><strong><em>όοινοότῳ</em></strong></span> <span class='ocrx_word' id='word_1_188' title='bbox 559 2771 708 2852; x_wconf 74' lang='grc' dir='ltr'><strong><em>ἄγχιστα</em></strong></span> <span class='ocrx_word' id='word_1_189' title='bbox 733 2771 842 2844; x_wconf 83' lang='grc' dir='ltr'><strong><em>έοικύς.</em></strong></span> <span class='ocrx_word' id='word_1_190' title='bbox 867 2771 895 2858; x_wconf 91' lang='grc' dir='ltr'>(ν</span> <span class='ocrx_word' id='word_1_191' title='bbox 918 2769 986 2858; x_wconf 87' lang='grc'>80.)</span> <span class='ocrx_word' id='word_1_192' title='bbox 1012 2772 1060 2836; x_wconf 80' lang='lat' dir='ltr'>Eu</span> <span class='ocrx_word' id='word_1_193' title='bbox 1084 2772 1269 2859; x_wconf 83' lang='lat' dir='ltr'>exemplum</span> <span class='ocrx_word' id='word_1_194' title='bbox 1298 2786 1369 2860; x_wconf 90' lang='lat' dir='ltr'>post</span> <span class='ocrx_word' id='word_1_195' title='bbox 1398 2781 1447 2840; x_wconf 87' lang='lat' dir='ltr'>tot</span> 
     </span>
     <span class='ocr_line' id='line_1_23' title="bbox 252 2878 1448 2966; baseline 0.001 -20"><span class='ocrx_word' id='word_1_196' title='bbox 252 2878 330 2952; x_wconf 80' lang='lat' dir='ltr'>elie.</span> <span class='ocrx_word' id='word_1_197' title='bbox 357 2899 420 2964; x_wconf 86' lang='lat' dir='ltr'>que</span> <span class='ocrx_word' id='word_1_198' title='bbox 443 2880 631 2944; x_wconf 76' lang='lat' dir='ltr'>auctoritate</span> <span class='ocrx_word' id='word_1_199' title='bbox 656 2879 779 2944; x_wconf 89' lang='lat' dir='ltr'>codices</span> <span class='ocrx_word' id='word_1_200' title='bbox 804 2881 905 2944; x_wconf 89' lang='lat' dir='ltr'>nostri</span> <span class='ocrx_word' id='word_1_201' title='bbox 928 2882 993 2944; x_wconf 90' lang='lat' dir='ltr'>sint</span> <span class='ocrx_word' id='word_1_202' title='bbox 1016 2882 1050 2944; x_wconf 92' lang='lat' dir='ltr'>in</span> <span class='ocrx_word' id='word_1_203' title='bbox 1064 2878 1242 2964; x_wconf 84' lang='lat' dir='ltr'>perticulis</span> <span class='ocrx_word' id='word_1_204' title='bbox 1263 2885 1448 2966; x_wconf 83' lang='lat' dir='ltr'>praesertim</span> 
     </span>
     <span class='ocr_line' id='line_1_24' title="bbox 252 2983 1446 3073; baseline 0 -21"><span class='ocrx_word' id='word_1_205' title='bbox 252 2983 450 3073; x_wconf 78' lang='lat' dir='ltr'>digerendisl</span> <span class='ocrx_word' id='word_1_206' title='bbox 483 2985 595 3073; x_wconf 80' lang='lat' dir='ltr'>Pergit</span> <span class='ocrx_word' id='word_1_207' title='bbox 626 2985 842 3073; x_wconf 81' lang='lat' dir='ltr'>Porphyrius:</span> <span class='ocrx_word' id='word_1_208' title='bbox 875 2986 928 3050; x_wconf 80' lang='grc' dir='ltr'><strong><em>καὶ</em></strong></span> <span class='ocrx_word' id='word_1_209' title='bbox 961 2987 1011 3049; x_wconf 79' lang='grc' dir='ltr'>ἐπ’</span> <span class='ocrx_word' id='word_1_210' title='bbox 1040 2985 1144 3052; x_wconf 74' lang='grc' dir='ltr'><strong><em>ἄλλων</em></strong></span> <span class='ocrx_word' id='word_1_211' title='bbox 1169 2990 1370 3068; x_wconf 78' lang='grc' dir='ltr'><strong><em>περιεχόντων</em></strong></span> <span class='ocrx_word' id='word_1_212' title='bbox 1394 2989 1446 3052; x_wconf 76' lang='grc' dir='ltr'><strong><em>καὶ</em></strong></span> 
     </span>
     <span class='ocr_line' id='line_1_25' title="bbox 251 3089 1447 3173; baseline 0.003 -16"><span class='ocrx_word' id='word_1_213' title='bbox 251 3092 486 3173; x_wconf 69' lang='grc' dir='ltr'><strong><em>κατειληφότων</em></strong></span> <span class='ocrx_word' id='word_1_214' title='bbox 510 3091 578 3156; x_wconf 85' lang='grc' dir='ltr'><strong><em>τόν</em></strong></span> <span class='ocrx_word' id='word_1_215' title='bbox 601 3089 670 3156; x_wconf 84' lang='grc' dir='ltr'><strong><em>όλον</em></strong></span> <span class='ocrx_word' id='word_1_216' title='bbox 694 3094 782 3172; x_wconf 88' lang='grc' dir='ltr'><strong><em>λέγει</em></strong></span> <span class='ocrx_word' id='word_1_217' title='bbox 807 3107 879 3158; x_wconf 90' lang='grc' dir='ltr'><strong><em>κτλ.</em></strong></span> <span class='ocrx_word' id='word_1_218' title='bbox 910 3091 949 3157; x_wconf 91' lang='lat' dir='ltr'>In</span> <span class='ocrx_word' id='word_1_219' title='bbox 969 3091 1000 3156; x_wconf 93' lang='lat' dir='ltr'><strong>D</strong></span> <span class='ocrx_word' id='word_1_220' title='bbox 1024 3097 1073 3159; x_wconf 89' lang='lat' dir='ltr'>est</span> <span class='ocrx_word' id='word_1_221' title='bbox 1094 3099 1153 3160; x_wconf 80' lang='grc' dir='ltr'><strong><em>τῶν</em></strong></span> <span class='ocrx_word' id='word_1_222' title='bbox 1177 3091 1262 3160; x_wconf 83' lang='grc' dir='ltr'><strong><em>ύλων.</em></strong></span> <span class='ocrx_word' id='word_1_223' title='bbox 1287 3095 1447 3162; x_wconf 85' lang='lat' dir='ltr'>Neutrum</span> 
     </span>
     <span class='ocr_line' id='line_1_26' title="bbox 250 3198 1446 3286; baseline 0 -20"><span class='ocrx_word' id='word_1_224' title='bbox 250 3204 392 3274; x_wconf 85' lang='lat' dir='ltr'>rectum,</span> <span class='ocrx_word' id='word_1_225' title='bbox 428 3198 624 3284; x_wconf 82' lang='lat' dir='ltr'>corruptelae</span> <span class='ocrx_word' id='word_1_226' title='bbox 657 3203 746 3286; x_wconf 80' lang='lat' dir='ltr'>origo</span> <span class='ocrx_word' id='word_1_227' title='bbox 778 3201 813 3264; x_wconf 92' lang='lat' dir='ltr'>in</span> <span class='ocrx_word' id='word_1_228' title='bbox 844 3205 995 3285; x_wconf 86' lang='lat' dir='ltr'>promptu</span> <span class='ocrx_word' id='word_1_229' title='bbox 1026 3206 1084 3266; x_wconf 88' lang='lat' dir='ltr'>est.</span> <span class='ocrx_word' id='word_1_230' title='bbox 1133 3200 1247 3266; x_wconf 78' lang='lat' dir='ltr'>Verum</span> <span class='ocrx_word' id='word_1_231' title='bbox 1278 3201 1446 3268; x_wconf 88' lang='lat' dir='ltr'>lectionem</span> 
     </span>
    </p>
   </div>
   <div class='ocr_carea' id='block_1_5' title="bbox 251 3304 1555 3387">
    <p class='ocr_par' dir='ltr' id='par_1_5' title="bbox 251 3304 1555 3387">
     <span class='ocr_line' id='line_1_27' title="bbox 251 3304 1555 3387; baseline 0.002 -15"><span class='ocrx_word' id='word_1_232' title='bbox 251 3312 355 3372; x_wconf 88' lang='lat' dir='ltr'>servet</span> <span class='ocrx_word' id='word_1_233' title='bbox 389 3305 549 3372; x_wconf 88' lang='lat' dir='ltr'>Venetus:</span> <span class='ocrx_word' id='word_1_234' title='bbox 587 3304 822 3387; x_wconf 69' lang='grc' dir='ltr'><strong><em>κατειληφότων</em></strong></span> <span class='ocrx_word' id='word_1_235' title='bbox 859 3307 901 3372; x_wconf 83' lang='grc' dir='ltr'><strong><em>τὸ</em></strong></span> <span class='ocrx_word' id='word_1_236' title='bbox 937 3305 1015 3372; x_wconf 76' lang='grc' dir='ltr'><strong><em>ὅλον.</em></strong></span> <span class='ocrx_word' id='word_1_237' title='bbox 1062 3306 1184 3375; x_wconf 88' lang='lat' dir='ltr'>Ultime</span> <span class='ocrx_word' id='word_1_238' title='bbox 1213 3312 1247 3374; x_wconf 91' lang='lat' dir='ltr'>in</span> <span class='ocrx_word' id='word_1_239' title='bbox 1278 3308 1446 3375; x_wconf 86' lang='lat' dir='ltr'>VenetoB</span> <span class='ocrx_word' id='word_1_240' title='bbox 1551 3337 1555 3344; x_wconf 54' lang='lat'><strong>⁴</strong></span> 
     </span>
    </p>
   </div>
   <div class='ocr_carea' id='block_1_6' title="bbox 205 3411 1447 3921">
    <p class='ocr_par' dir='ltr' id='par_1_6' title="bbox 205 3411 1447 3921">
     <span class='ocr_line' id='line_1_28' title="bbox 205 3411 1445 3498; baseline 0 -20"><span class='ocrx_word' id='word_1_241' title='bbox 205 3428 209 3440; x_wconf 90' lang='grc'><em>’</em></span> <span class='ocrx_word' id='word_1_242' title='bbox 251 3412 354 3480; x_wconf 89' lang='lat' dir='ltr'>lecere</span> <span class='ocrx_word' id='word_1_243' title='bbox 386 3419 478 3496; x_wconf 88' lang='lat' dir='ltr'>sunt,</span> <span class='ocrx_word' id='word_1_244' title='bbox 511 3415 544 3476; x_wconf 92' lang='lat' dir='ltr'>in</span> <span class='ocrx_word' id='word_1_245' title='bbox 571 3415 687 3478; x_wconf 87' lang='lat' dir='ltr'>nostris</span> <span class='ocrx_word' id='word_1_246' title='bbox 712 3419 859 3498; x_wconf 83' lang='lat' dir='ltr'>corrupte</span> <span class='ocrx_word' id='word_1_247' title='bbox 883 3415 917 3477; x_wconf 94' lang='lat' dir='ltr'>in</span> <span class='ocrx_word' id='word_1_248' title='bbox 941 3413 1026 3479; x_wconf 92' lang='lat' dir='ltr'>hunc</span> <span class='ocrx_word' id='word_1_249' title='bbox 1050 3415 1199 3480; x_wconf 85' lang='lat' dir='ltr'>modum:</span> <span class='ocrx_word' id='word_1_250' title='bbox 1225 3411 1277 3480; x_wconf 77' lang='lat' dir='ltr'>xci</span> <span class='ocrx_word' id='word_1_251' title='bbox 1303 3417 1445 3492; x_wconf 77' lang='grc' dir='ltr'><strong><em>,λιμένες</em></strong></span> 
     </span>
     <span class='ocr_line' id='line_1_29' title="bbox 251 3516 1444 3604; baseline -0.002 -20"><span class='ocrx_word' id='word_1_252' title='bbox 251 3517 398 3600; x_wconf 82' lang='grc' dir='ltr'><strong><em>ναύλοχοι</em></strong></span> <span class='ocrx_word' id='word_1_253' title='bbox 422 3518 619 3598; x_wconf 81' lang='grc' dir='ltr'><strong><em>ύμφόδνμοι”</em></strong></span> <span class='ocrx_word' id='word_1_254' title='bbox 644 3520 673 3597; x_wconf 81' lang='grc' dir='ltr'>(δ</span> <span class='ocrx_word' id='word_1_255' title='bbox 696 3519 775 3602; x_wconf 80' lang='lat'>846)</span> <span class='ocrx_word' id='word_1_256' title='bbox 802 3521 908 3604; x_wconf 84' lang='grc' dir='ltr'><strong><em>λέγει,</em></strong></span> <span class='ocrx_word' id='word_1_257' title='bbox 933 3522 976 3592; x_wconf 78' lang='grc' dir='ltr'><strong><em>εἷς</em></strong></span> <span class='ocrx_word' id='word_1_258' title='bbox 1000 3516 1049 3594; x_wconf 81' lang='grc' dir='ltr'>οὓς</span> <span class='ocrx_word' id='word_1_259' title='bbox 1074 3519 1139 3587; x_wconf 85' lang='grc' dir='ltr'><strong><em>έττι</em></strong></span> <span class='ocrx_word' id='word_1_260' title='bbox 1163 3521 1268 3588; x_wconf 90' lang='grc' dir='ltr'><strong><em>δύνειν.</em></strong></span> <span class='ocrx_word' id='word_1_261' title='bbox 1301 3519 1365 3586; x_wconf 82' lang='grc' dir='ltr'><strong><em>όόεν</em></strong></span> <span class='ocrx_word' id='word_1_262' title='bbox 1394 3523 1444 3586; x_wconf 76' lang='grc' dir='ltr'><strong><em>καὶ</em></strong></span> 
     </span>
     <span class='ocr_line' id='line_1_30' title="bbox 250 3625 1447 3714; baseline 0.001 -21"><span class='ocrx_word' id='word_1_263' title='bbox 250 3626 386 3706; x_wconf 85' lang='grc' dir='ltr'><strong><em>δόδνμοι,</em></strong></span> <span class='ocrx_word' id='word_1_264' title='bbox 419 3627 471 3692; x_wconf 91' lang='grc' dir='ltr'>δύο</span> <span class='ocrx_word' id='word_1_265' title='bbox 502 3626 537 3690; x_wconf 87' lang='grc' dir='ltr'><strong><em>έκ</em></strong></span> <span class='ocrx_word' id='word_1_266' title='bbox 567 3630 645 3702; x_wconf 71' lang='grc' dir='ltr'><strong><em>μιᾶς</em></strong></span> <span class='ocrx_word' id='word_1_267' title='bbox 677 3625 876 3699; x_wconf 78' lang='grc' dir='ltr'><strong><em>καταδύσεως</em></strong></span> <span class='ocrx_word' id='word_1_268' title='bbox 907 3633 963 3700; x_wconf 74' lang='grc' dir='ltr'><strong><em>τῆς</em></strong></span> <span class='ocrx_word' id='word_1_269' title='bbox 989 3628 1022 3691; x_wconf 85' lang='grc' dir='ltr'><strong><em>έκ</em></strong></span> <span class='ocrx_word' id='word_1_270' title='bbox 1046 3628 1195 3709; x_wconf 82' lang='grc' dir='ltr'><strong><em>γαστρός.</em></strong></span> <span class='ocrx_word' id='word_1_271' title='bbox 1231 3627 1447 3714; x_wconf 82' lang='lat' dir='ltr'>Utrorumque</span> 
     </span>
     <span class='ocr_line' id='line_1_31' title="bbox 251 3732 1445 3822; baseline 0.001 -23"><span class='ocrx_word' id='word_1_272' title='bbox 251 3753 310 3820; x_wconf 90' lang='lat' dir='ltr'>ope</span> <span class='ocrx_word' id='word_1_273' title='bbox 343 3734 451 3800; x_wconf 81' lang='lat' dir='ltr'>omnis</span> <span class='ocrx_word' id='word_1_274' title='bbox 484 3732 530 3798; x_wconf 90' lang='lat' dir='ltr'>sio</span> <span class='ocrx_word' id='word_1_275' title='bbox 566 3735 599 3797; x_wconf 92' lang='lat' dir='ltr'>in</span> <span class='ocrx_word' id='word_1_276' title='bbox 636 3733 797 3822; x_wconf 80' lang='lat' dir='ltr'>integrum</span> <span class='ocrx_word' id='word_1_277' title='bbox 835 3736 1058 3800; x_wconf 87' lang='lat' dir='ltr'>restituentur:</span> <span class='ocrx_word' id='word_1_278' title='bbox 1093 3736 1291 3816; x_wconf 79' lang='grc' dir='ltr'><strong><em>κέχρηται</em></strong></span> <span class='ocrx_word' id='word_1_279' title='bbox 1330 3735 1369 3800; x_wconf 80' lang='grc' dir='ltr'>δέ</span> <span class='ocrx_word' id='word_1_280' title='bbox 1399 3745 1445 3818; x_wconf 69' lang='grc' dir='ltr'><strong><em>τῇ</em></strong></span> 
     </span>
     <span class='ocr_line' id='line_1_32' title="bbox 251 3837 1446 3921; baseline 0 -17"><span class='ocrx_word' id='word_1_281' title='bbox 251 3840 436 3904; x_wconf 84' lang='grc' dir='ltr'><strong><em>οιινόέσει</em></strong></span> <span class='ocrx_word' id='word_1_282' title='bbox 471 3847 542 3913; x_wconf 75' lang='grc' dir='ltr'><strong><em>τῆς</em></strong></span> <span class='ocrx_word' id='word_1_283' title='bbox 578 3837 726 3917; x_wconf 77' lang='grc' dir='ltr'><strong><em>λέξεως</em></strong></span> <span class='ocrx_word' id='word_1_284' title='bbox 762 3841 830 3905; x_wconf 79' lang='grc' dir='ltr'><strong><em>καὶ</em></strong></span> <span class='ocrx_word' id='word_1_285' title='bbox 866 3841 902 3905; x_wconf 88' lang='grc' dir='ltr'>έν</span> <span class='ocrx_word' id='word_1_286' title='bbox 936 3843 987 3920; x_wconf 79' lang='grc' dir='ltr'><strong><em>τῷ</em></strong></span> <span class='ocrx_word' id='word_1_287' title='bbox 1013 3841 1157 3920; x_wconf 82' lang='grc' dir='ltr'><strong><em>,λιμένες</em></strong></span> <span class='ocrx_word' id='word_1_288' title='bbox 1181 3842 1209 3906; x_wconf 85' lang='grc' dir='ltr'>δ’</span> <span class='ocrx_word' id='word_1_289' title='bbox 1233 3839 1273 3906; x_wconf 82' lang='grc' dir='ltr'>ένι</span> <span class='ocrx_word' id='word_1_290' title='bbox 1298 3842 1446 3921; x_wconf 74' lang='grc' dir='ltr'><strong><em>ναύλοχοι</em></strong></span> 
     </span>
    </p>
   </div>
   <div class='ocr_carea' id='block_1_7' title="bbox 123 3945 1442 4037">
    <p class='ocr_par' dir='ltr' id='par_1_7' title="bbox 123 3945 1442 4037">
     <span class='ocr_line' id='line_1_33' title="bbox 123 3945 1442 4037; baseline 0.001 -26"><span class='ocrx_word' id='word_1_291' title='bbox 123 4026 128 4037; x_wconf 29' lang='grc'><strong>.</strong></span> <span class='ocrx_word' id='word_1_292' title='bbox 251 3947 331 4028; x_wconf 69' lang='grc' dir='ltr'><strong><em>αὐτῇ</em></strong></span> <span class='ocrx_word' id='word_1_293' title='bbox 361 3946 575 4027; x_wconf 80' lang='grc' dir='ltr'><strong><em>οὶμφόδυμοι,”</em></strong></span> <span class='ocrx_word' id='word_1_294' title='bbox 606 3948 672 4014; x_wconf 90' lang='grc' dir='ltr'>δύο</span> <span class='ocrx_word' id='word_1_295' title='bbox 704 3948 837 4026; x_wconf 87' lang='grc' dir='ltr'><strong><em>λέγων</em></strong></span> <span class='ocrx_word' id='word_1_296' title='bbox 861 3949 905 4021; x_wconf 75' lang='lat' dir='ltr'>stc</span> <span class='ocrx_word' id='word_1_297' title='bbox 929 3945 978 4020; x_wconf 80' lang='grc' dir='ltr'>οὓς</span> <span class='ocrx_word' id='word_1_298' title='bbox 1003 3948 1068 4014; x_wconf 83' lang='grc' dir='ltr'><strong><em>έστι</em></strong></span> <span class='ocrx_word' id='word_1_299' title='bbox 1093 3949 1198 4016; x_wconf 86' lang='grc' dir='ltr'><strong><em>δύνειν.</em></strong></span> <span class='ocrx_word' id='word_1_300' title='bbox 1222 3945 1286 4013; x_wconf 87' lang='grc' dir='ltr'><strong><em>όόεν</em></strong></span> <span class='ocrx_word' id='word_1_301' title='bbox 1310 3948 1364 4012; x_wconf 78' lang='grc' dir='ltr'>καὶ</span> <span class='ocrx_word' id='word_1_302' title='bbox 1389 3947 1442 4034; x_wconf 85' lang='lat' dir='ltr'>[ol]</span> 
     </span>
    </p>
   </div>
   <div class='ocr_carea' id='block_1_8' title="bbox 249 4051 1448 4334">
    <p class='ocr_par' dir='ltr' id='par_1_8' title="bbox 249 4051 1448 4334">
     <span class='ocr_line' id='line_1_34' title="bbox 250 4051 1448 4143; baseline 0.003 -25"><span class='ocrx_word' id='word_1_303' title='bbox 250 4051 384 4133; x_wconf 75' lang='grc' dir='ltr'><strong><em>διδύμοι,</em></strong></span> <span class='ocrx_word' id='word_1_304' title='bbox 415 4053 464 4120; x_wconf 85' lang='grc' dir='ltr'>δύο</span> <span class='ocrx_word' id='word_1_305' title='bbox 496 4057 529 4118; x_wconf 84' lang='grc' dir='ltr'><strong><em>ἐκ</em></strong></span> <span class='ocrx_word' id='word_1_306' title='bbox 561 4057 637 4130; x_wconf 78' lang='grc' dir='ltr'><strong><em>ροιοῖς</em></strong></span> <span class='ocrx_word' id='word_1_307' title='bbox 670 4054 869 4125; x_wconf 72' lang='grc' dir='ltr'><strong><em>καταδύσεως</em></strong></span> <span class='ocrx_word' id='word_1_308' title='bbox 895 4058 964 4143; x_wconf 72' lang='grc' dir='ltr'><strong><em>(τῆς</em></strong></span> <span class='ocrx_word' id='word_1_309' title='bbox 988 4055 1023 4120; x_wconf 88' lang='grc' dir='ltr'><strong><em>έκ</em></strong></span> <span class='ocrx_word' id='word_1_310' title='bbox 1046 4057 1206 4142; x_wconf 80' lang='grc' dir='ltr'><strong><em>γαστρός.)</em></strong></span> <span class='ocrx_word' id='word_1_311' title='bbox 1240 4054 1377 4120; x_wconf 81' lang='lat' dir='ltr'>Lunulis</span> <span class='ocrx_word' id='word_1_312' title='bbox 1399 4059 1448 4121; x_wconf 86' lang='lat' dir='ltr'>in·</span> 
     </span>
     <span class='ocr_line' id='line_1_35' title="bbox 250 4159 1448 4245; baseline 0.002 -19"><span class='ocrx_word' id='word_1_313' title='bbox 250 4159 330 4226; x_wconf 87' lang='lat' dir='ltr'>clusi</span> <span class='ocrx_word' id='word_1_314' title='bbox 362 4181 443 4245; x_wconf 87' lang='lat' dir='ltr'>qnee</span> <span class='ocrx_word' id='word_1_315' title='bbox 473 4163 507 4224; x_wconf 92' lang='lat' dir='ltr'>in</span> <span class='ocrx_word' id='word_1_316' title='bbox 539 4159 731 4226; x_wconf 83' lang='lat' dir='ltr'>scholiorum</span> <span class='ocrx_word' id='word_1_317' title='bbox 766 4159 938 4228; x_wconf 87' lang='lat' dir='ltr'>Diecorum</span> <span class='ocrx_word' id='word_1_318' title='bbox 969 4163 1131 4228; x_wconf 86' lang='lat' dir='ltr'>codicibus</span> <span class='ocrx_word' id='word_1_319' title='bbox 1153 4161 1388 4242; x_wconf 82' lang='lat' dir='ltr'>desiderentur,</span> <span class='ocrx_word' id='word_1_320' title='bbox 1412 4165 1448 4228; x_wconf 92' lang='lat' dir='ltr'>in</span> 
     </span>
     <span class='ocr_line' id='line_1_36' title="bbox 249 4267 515 4334; baseline 0.008 -2"><span class='ocrx_word' id='word_1_321' title='bbox 249 4267 367 4333; x_wconf 87' lang='lat' dir='ltr'>nostris</span> <span class='ocrx_word' id='word_1_322' title='bbox 390 4267 515 4334; x_wconf 80' lang='lat' dir='ltr'>adeunt.</span> 
     </span>
    </p>
   </div>
   <div class='ocr_carea' id='block_1_9' title="bbox 297 4477 1447 4570">
    <p class='ocr_par' dir='ltr' id='par_1_9' title="bbox 297 4477 1447 4570">
     <span class='ocr_line' id='line_1_37' title="bbox 297 4477 1447 4570; baseline 0.005 -26"><span class='ocrx_word' id='word_1_323' title='bbox 297 4479 325 4558; x_wconf 87' lang='grc' dir='ltr'>δ,</span> <span class='ocrx_word' id='word_1_324' title='bbox 352 4477 428 4546; x_wconf 80' lang='grc'><strong>819.</strong></span> <span class='ocrx_word' id='word_1_325' title='bbox 459 4479 611 4568; x_wconf 77' lang='lat' dir='ltr'>Deplorat</span> <span class='ocrx_word' id='word_1_326' title='bbox 634 4482 792 4570; x_wconf 86' lang='lat' dir='ltr'>Penelope</span> <span class='ocrx_word' id='word_1_327' title='bbox 815 4507 943 4564; x_wconf 83' lang='lat' dir='ltr'>necem,</span> <span class='ocrx_word' id='word_1_328' title='bbox 969 4491 1006 4552; x_wconf 93' lang='lat' dir='ltr'>nt</span> <span class='ocrx_word' id='word_1_329' title='bbox 1028 4487 1090 4552; x_wconf 88' lang='lat' dir='ltr'>sibi</span> <span class='ocrx_word' id='word_1_330' title='bbox 1115 4483 1298 4562; x_wconf 74' lang='lat' dir='ltr'>ridebatur,</span> <span class='ocrx_word' id='word_1_331' title='bbox 1323 4491 1357 4551; x_wconf 86' lang='lat' dir='ltr'>et</span> <span class='ocrx_word' id='word_1_332' title='bbox 1378 4505 1447 4550; x_wconf 83' lang='lat' dir='ltr'>me·</span> 
     </span>
    </p>
   </div>
   <div class='ocr_carea' id='block_1_10' title="bbox 0 0 1644 5144">
    <p class='ocr_par' dir='ltr' id='par_1_10' title="bbox 0 0 1644 5144">
     <span class='ocr_line' id='line_1_38' title="bbox 0 0 1644 5144; baseline 0 0"><span class='ocrx_word' id='word_1_333' title='bbox 0 0 1644 5144; x_wconf 95' lang='lat' dir='ltr'> </span> 
     </span>
    </p>
   </div>
  </div>
 </body>
</html>
