3318 5138
852 297 916 367 122

286 499 356 558 ολος
387 486 588 566 πρισύλλαβα
615 491 731 554 ποικΙ
738 503 791 555 λα
812 489 989 568 εὑρίσκομεν
1013 489 1124 569 παρὰ
1148 487 1203 562 τὴν
1226 483 1327 552 πόσιν.
1351 487 1395 572 (p.
1420 485 1478 566 51,

288 591 358 678 18);
390 594 417 658 ol
440 595 547 673 παρὰ
572 594 726 674 Ἡρόδοτον
749 602 794 682 (p.
819 593 895 674 379,
921 593 988 682 33),
1013 595 1052 662 de
1076 594 1192 681 quibus
1214 596 1281 680 ipse
1305 591 1474 660 Lehrsius:

286 721 365 778 „neo
387 700 521 767 dubium
543 703 620 788 quin
643 705 686 768 ait
710 737 763 754 ·-
786 705 820 769 iu
844 703 895 768 his
918 724 1021 770 errore
1045 705 1132 778 παρὰ
1152 723 1208 789 pro
1228 703 1294 782 περὶ
1315 699 1480 768 illatum.'’

284 807 352 876 Neo
384 807 487 876 multo
510 808 628 875 melius
655 818 704 876 est
727 810 810 896 quod
831 831 851 876 a
876 832 947 899 ρος.
973 810 1057 894 231,
1084 809 1124 876 17
1149 811 1318 876 eorundem
1344 808 1479 894 Epime-

284 915 457 980 rismorum
492 916 629 990 nitatur.
665 937 738 982 oum
773 933 806 984 et
840 919 873 982 in
908 916 1135 1006 lltymologioo
1170 916 1291 1004 Magno
1325 923 1358 982 et
1392 913 1481 1002 apud

284 1016 557 1100 Ghoerobosoum‚
581 1023 699 1088 iterum
722 1025 791 1109 ipso
815 1023 974 1089 iudicante
999 1023 1148 1102 Lehrsio,
1175 1023 1270 1102 (addo
1292 1029 1326 1090 et
1347 1023 1381 1088 iu
1399 1021 1481 1109 Ety-

284 1126 362 1193 mol.
407 1125 586 1212 (luditum)
616 1127 702 1194 idem
733 1128 821 1195 loeus
852 1149 907 1214 per
939 1129 1006 1209 περὶ
1037 1138 1076 1196 ιιι
1105 1135 1230 1216 oportet
1259 1131 1395 1214 scriptus
1428 1131 1481 1192 in·

284 1237 440 1302 veniatur.
487 1233 598 1320 ltaque
629 1233 916 1320 Epimerismorum
948 1239 1171 1304 austeritatem
1203 1236 1291 1302 etin
1314 1233 1480 1300 hieotin

224 1377 230 1386 ·
284 1347 397 1427 quarto
423 1339 492 1407 loco
517 1343 561 1426 (p.
589 1340 663 1418 174,
688 1339 744 1427 27)
769 1349 871 1408 totam
895 1362 1025 1428 recuso,
1048 1363 1106 1410 uso
1128 1341 1279 1409 Gramero
1301 1341 1478 1428 quidquam

285 1450 320 1512 in
350 1446 470 1514 talibus
502 1447 693 1514 erodendum
724 1451 893 1534 existimo,
924 1451 1100 1535 quiquam
1124 1449 1337 1518 sitoodioum
1361 1448 1479 1513 exseri·

285 1554 460 1620 bendorum
494 1555 615 1639 peritus
650 1559 683 1620 et
714 1553 771 1620 alii
800 1575 892 1640 saepe
921 1555 1071 1622 dixerunt
1102 1561 1135 1622 et
1156 1557 1224 1641 ipse
1247 1553 1416 1641 aliquoties
1440 1555 1476 1618 iu

74 1701 79 1710 ·
168 1667 171 1670 ’
284 1659 566 1726 observationibus
600 1665 633 1728 et
665 1680 741 1728 mox
771 1663 891 1726 iterum
920 1663 1041 1750 insigni
1071 1659 1218 1748 exemplo
1242 1658 1475 1726 demonstrabo.

284 1765 419 1834 Restam
449 1775 586 1853 quatuor
607 1766 684 1833 looi:
721 1765 850 1833 Soholis
873 1766 914 1833 ud
936 1765 1069 1834 Iliadem
1094 1777 1119 1832 κ
1144 1767 1206 1833 43:
1231 1765 1297 1832 Ιοτι
1321 1765 1353 1831 δὲ
1376 1779 1477 1831 σολοι-

285 1872 394 1951 κισμὸς
418 1874 528 1953 παρὰ
550 1873 610 1947 τὰς
633 1872 780 1946 πτώσεις.
804 1872 977 1961 Dionysius
997 1873 1284 1942 Halicarnasseusis
1302 1875 1337 1937 in
1355 1871 1477 1938 iudieio

285 1978 483 2067 Thucydidis
515 1977 569 2058 37,
594 1979 631 2045 5:
667 1979 861 2056 σολοικισμὸς
892 2004 947 2045 πα
955 1981 1002 2060 poi
1032 1981 1101 2052 ποὺς
1134 1981 1297 2058 ἀριθμούς,
1320 1977 1477 2045 Arcadius

287 2085 349 2164 64,
371 2085 433 2152 24:
458 2086 554 2159 πάθος
579 2087 688 2167 παρὰ
711 2089 766 2160 σὺν
789 2093 905 2167 Φσνιίν,
930 2087 1059 2154 taudem
1082 2085 1271 2173 Apollonius
1294 2083 1333 2152 de
1355 2083 1475 2150 Prono·

286 2194 390 2272 mine,
413 2192 664 2278 p.4lA:eire
685 2193 906 2265 {vicotineoso
930 2195 1039 2274 παρὰ
1061 2194 1182 2258 ποίοιν
1205 2194 1473 2271 ὦλιριιριρται.

286 2297 399 2365 Plures
439 2297 525 2366 locos
559 2319 617 2366 neo
650 2302 845 2389 investigari
882 2321 939 2367 neo
972 2309 1051 2387 puto
1085 2300 1209 2376 adesse,
1246 2319 1320 2364 oum
1356 2295 1476 2382 alioqui

286 2405 454 2472 Lehrsium
485 2409 519 2472 in
549 2406 601 2472 his
631 2409 837 2494 scriptoribus
867 2410 1119 2474 versatissimum
1150 2413 1245 2492 atque
1269 2408 1303 2471 iu
1325 2406 1475 2491 opinione

286 2533 344 2578 sua
372 2511 588 2579 confirmanda
609 2520 797 2598 oooupatum
822 2533 885 2579 non
908 2512 1083 2580 latuissent
1127 2515 1171 2580 At
1194 2532 1254 2601 ego
1276 2511 1352 2577 lieet
1369 2509 1474 2576 lehr-

285 2620 387 2694 sinm,
422 2639 589 2684 summum
618 2622 652 2684 in
682 2618 784 2685 literis
812 2621 928 2686 nostris
958 2624 1084 2699 virum,
1116 2622 1198 2687 tanti
1223 2619 1335 2684 faniam
1361 2617 1476 2703 quanti

284 2745 360 2790 eum
384 2725 645 2810 intemperant,
665 2733 772 2792 tamen
792 2747 876 2791 nuno
900 2726 1030 2812 quidem
1053 2729 1083 2793 si
1105 2726 1257 2792 adsentiri
1276 2743 1474 2810 nequeo,-

284 2832 318 2897 οὖ
341 2829 443 2908 μέντοι
466 2835 516 2896 νῦν
541 2831 624 2914 αὐτῷ
648 2835 934 2910 aequandorum.
957 2833 1042 2899 sarde
1056 2831 1307 2912 rde‘llondeuado,
1322 2867 1364 2880 -
1379 2838 1475 2916 alque

284 2938 318 3002 in
349 2936 399 3003 his
429 2957 553 3023 quoque
580 2944 716 3024 quatuor
746 2938 825 3006 looie
854 2959 910 3024 pro
936 2941 1054 3006 vitioso
1078 2939 1165 3018 ποριὶ
1188 2937 1338 3004 sudaoter
1360 2937 1473 3002 reseri-

286 3042 425 3109 beudum
449 3063 559 3110 oeueeo
581 3044 691 3124 περι,
716 3047 866 3130 quonism
891 3046 942 3111 his
964 3045 1104 3132 exeeptis
1127 3047 1225 3112 etiam
1247 3043 1473 3132 grammatici,

286 3155 324 3214 ιιι
347 3156 470 3215 caetera
492 3147 684 3218 Gneoorum
708 3171 805 3240 gens,
831 3151 1039 3237 ἁμαρτάνειν,
1062 3149 1256 3235 οολοικίζειν,
1279 3151 1473 3226 πλανᾶσθαι,

286 3258 449 3336 ὀλιγωρεῖν
473 3263 566 3323 oaett.
589 3258 659 3338 περί
680 3281 710 3323 πι
733 3258 851 3325 dixisse
872 3260 1091 3326 inveniuntur.

331 3467 444 3568 dffinis
474 3468 526 3536 his
556 3473 589 3535 ot
615 3468 680 3535 alis
702 3475 752 3536 eet
773 3470 917 3537 ooniusio
939 3467 1167 3558 vulgatissima
1188 3470 1272 3536 inter
1294 3466 1379 3546 τισι,
1401 3466 1473 3549 ἐπι,

288 3575 366 3654 ὑπό,
389 3578 489 3642 etiam
511 3577 544 3641 in
569 3574 731 3642 vocabulis
754 3576 829 3642 hino
853 3578 1053 3662 compositis,
1079 3595 1159 3661 quae
1180 3577 1216 3640 iu
1238 3576 1355 3640 uostris
1378 3573 1474 3660 paulo

285 3683 384 3748 latius
413 3685 537 3769 serpsit
574 3679 723 3749 Cernitur
745 3707 768 3761 ρ
794 3683 854 3748 llil
883 3686 917 3748 in
941 3681 1111 3769 Porphyrii
1134 3689 1300 3767 excerpto,
1323 3679 1364 3746 ad
1390 3679 1474 3766 quod

284 3809 359 3856 mox
385 3789 577 3856 redibimus:
597 3825 618 3842 -
631 3825 651 3840 -
664 3791 750 3866 λέγει
775 3791 806 3855 δὲ
826 3789 878 3855 καὶ
899 3791 1085 3855 ἀνάπτουσιν
1103 3789 1158 3862 σὺν
1178 3789 1360 3868 μικρὰντῶν
1372 3792 1474 3852 κακῶν

285 3897 494 3974 παραμυθίαν,
515 3896 625 3974 „dalye
644 3895 678 3962 δέ
697 3899 729 3960 τ’.
743 3895 927 3969 ἀνάπνευσις
949 3895 1110 3970 πολέμοιο”
1130 3895 1174 3980 (Λ
1198 3893 1289 3982 801),
1314 3895 1392 3958 ἀπὸ
1415 3899 1473 3958 τῶν

285 4002 320 4066 ἐκ
342 4001 477 4077 πολέμου
500 4001 551 4066 ἐπ’
574 4001 677 4082 ὀλίγον
696 4002 916 4068 ἀναπνεόντων.
943 3999 1149 4087 (EHMQD'P.
1172 4022 1205 4087 p.
1236 3998 1311 4078 183,
1335 3998 1355 4066 9
1374 3999 1472 4086 seqq.)

284 4107 411 4174 Immo:
424 4108 485 4173 ἐπὶ
498 4111 557 4174 πῶν
569 4144 590 4158 -
602 4143 624 4159 -
634 4108 855 4175 ἀναπνεόντων.
870 4147 912 4160 -·
925 4108 943 4174 δ
955 4107 1031 4175 769.
1045 4105 1311 4187 ὑπιοιρνοροιντιοντ
1325 4109 1402 4172 α’πὸ
1414 4114 1472 4173 νῦν

284 4215 354 4280 adua
373 4221 432 4280 πῶν
449 4214 536 4294 ἄνοον
559 4215 709 4290 ἀνδρείων.
730 4215 794 4300 (ii.)
815 4213 945 4282 Dictum
968 4223 1017 4282 ost
1040 4215 1105 4281 ἐπὶ
1130 4221 1189 4280 τῶν
1214 4214 1285 4279 νέειν
1308 4220 1367 4280 σῶν
1386 4213 1473 4294 ἄγαν

284 4321 432 4408 ἀνδρείαν,
457 4331 493 4388 ut
511 4325 592 4390 ratio
615 4321 706 4388 dooot
727 4330 761 4388 et
778 4322 1039 4412 Etymologioum
1059 4321 1225 4412 Magnum.
1251 4357 1296 4372 -
1318 4319 1340 4402 ζ
1359 4321 1398 4388 2:
1423 4327 1473 4387 νῦν

275 4430 406 4510 ‘utplus
428 4427 661 4512 Ιφισσασαι
687 4424 737 4496 ὅτι
772 4431 981 4510 ἐπιβουλεύοι
1016 4431 1127 4504 ἐνῆκεν
1158 4429 1176 4494 d
1211 4427 1369 4494 rimetur.
1406 4428 1472 4514 (P.)
