3330 5144
725 325 790 394 205

157 513 301 580 οίόιίνατα
325 515 592 594 ἐπαγγέλλονται.
620 517 859 594 ἐπισημαίνεται
884 516 915 580 δέ
939 515 992 581 καί
1019 519 1072 592 την
1085 518 1272 596 παραίτησιν
1285 515 1351 600 [δι’]

158 619 193 694 ἣν
224 623 390 696 πεποίηται
422 633 477 696 τῆς
512 626 587 688 θεοῦ.
617 623 671 709 (h)
701 623 772 689 Non
804 629 852 690 est
884 623 1056 689 admodum
1089 629 1235 709 apertum
1258 623 1351 688 intel-

157 728 307 814 lectuque
330 729 441 806 facile,
466 729 543 815 quid
566 727 722 818 significet
743 729 998 804 ἐπισημαίνεσθαι
1023 733 1222 808 παραίτησιν,
1248 730 1286 795 δι’
1318 721 1351 802 ἣν

159 838 326 908 πεποίησαι
357 843 412 909 τῆς
443 839 528 920 όεοῦ,
560 857 599 902 ne
629 836 709 902 illud
733 837 879 922 quidem,
906 835 989 901 unde
1011 838 1180 924 genetivus
1203 843 1257 910 τῆς
1284 839 1349 901 όεοῦ

158 941 313 1027 pendeat,
345 964 447 1028 neque
478 945 585 1030 magis
616 963 678 1028 quo
711 944 806 1009 modo
837 943 1004 1016 πεποίηται
1035 946 1078 1008 sit
1112 943 1349 1029 accipiendum,

157 1049 343 1115 medinmne
379 1052 422 1114 sit
456 1069 496 1116 an
531 1052 710 1135 passivum,
747 1051 966 1115 subiectumnc
999 1050 1115 1115 habeat
1145 1049 1278 1116 Ulixem
1310 1071 1350 1117 an

159 1155 394 1221 Antisthenem.
419 1153 481 1221 Sed
505 1177 614 1222 omnes
637 1157 803 1222 molestiae
826 1161 1013 1222 evanescent
1037 1156 1141 1222 deleta
1167 1159 1351 1241 importuna

156 1263 389 1348 praepositione
419 1263 466 1338 δι’,
489 1282 570 1348 qnae
593 1265 838 1329 constructionis
859 1262 956 1349 paulo
980 1261 1192 1329 insolentioris
1216 1263 1349 1330 fulcien-

157 1369 215 1434 dae
246 1390 356 1445 causa,
390 1376 428 1434 nt
451 1369 595 1447 videtur,
621 1369 713 1435 illata
737 1390 846 1435 revera
870 1372 977 1436 omnia
1001 1370 1228 1455 pessumdedit.
1276 1370 1349 1436 Non
1436 1446 1441 1456 x

160 1483 209 1542 est
232 1483 340 1541 tamen
363 1496 434 1542 rara
455 1479 488 1542 in
512 1479 627 1542 nostris
650 1474 786 1542 Scholiis
810 1475 1002 1561 periphrasis
1025 1474 1083 1541 illa
1105 1479 1272 1542 notissima
1294 1498 1351 1562 per

161 1583 398 1649 substantivum
430 1581 557 1649 verbale
588 1589 621 1649 et
650 1583 785 1648 verbnm
810 1585 978 1659 ποιεῖσθαι,
1004 1581 1087 1647 nulli
1110 1580 1230 1649 Graeco
1253 1585 1350 1668 scrip-

161 1692 223 1755 tori
247 1709 309 1755 non
333 1690 434 1756 obvia.
484 1689 619 1778 Legitur
642 1689 681 1755 ad
704 1712 725 1752 α
753 1687 834 1754 188:
862 1690 966 1755 πίστιν
992 1698 1134 1754 ποιεῖται.
1164 1689 1205 1775 1),
1228 1689 1350 1778 legitur

158 1821 180 1860 α
205 1795 290 1862 215:
321 1794 379 1862 ἔδει
405 1833 448 1846 --
471 1800 517 1874 μὴ
548 1794 678 1862 καόόλον
710 1799 860 1862 ποιεΐσόαι
889 1797 943 1869 την
975 1795 1137 1875 οίπόΦασιν
1159 1799 1197 1867 ὥς
1221 1797 1349 1874 μηδενός

156 1904 269 1970 εἰδότος
293 1904 346 1970 τόν
368 1901 466 1968 αὑτοῦ
488 1904 629 1983 πατέρα,
652 1902 769 1992 legiter
794 1928 815 1968 α
839 1900 917 1986 389,
944 1941 985 1950 -
1011 1902 1049 1968 de
1072 1923 1135 1988 quo
1158 1902 1228 1970 loco
1251 1902 1350 1988 pluri-

157 2012 217 2077 bus
252 2013 397 2100 egimuS‚
422 2049 464 2060 -
489 2011 542 2075 οὐκ
576 2009 721 2089 ἐλέγχων
751 2009 796 2075 ότι
829 2007 863 2084 ἐξ
894 2010 1068 2091 ἀπεχθείας
1103 2010 1269 2085 πεποίηται
1293 2013 1348 2086 την

158 2123 212 2184 τοῦ
251 2119 371 2196 arslot
403 2119 547 2196 οὶπειιχίιν
580 2119 593 2182 ό
625 2117 798 2190 Ἀντίνους,
831 2123 992 2202 praeterea
1024 2117 1049 2194 β
1075 2115 1135 2183 52:
1168 2120 1206 2190 ὦς
1231 2118 1294 2197 γὰρ
1319 2117 1349 2181 έν

157 2223 260 2305 Ἰόοίκη
279 2224 434 2290 oleoducto
455 2231 588 2289 ποιεῖται
606 2225 657 2290 τόν
678 2223 782 2303 λόγον,
798 2223 874 2299 -β
900 2222 980 2288 13οε
1008 2223 1061 2288 καί
1086 2220 1170 2296 οὗτος
1196 2225 1362 2306 τεχνικοῖς·

158 2335 245 2411 οἶγαν
281 2333 336 2407 τόρν
371 2317 540 2409 ἀντίρρησιν
575 2339 727 2414 ποιεῖται,
754 2367 794 2379 -
820 2355 843 2406 γ
868 2329 933 2395 103
965 2337 1143 2407 γεροντικῶς
1176 2331 1189 2394 d
1222 2330 1348 2409 Νέστωρ

159 2438 349 2521 μακροτέραν
383 2446 515 2503 ποιεῖται
551 2440 606 2512 τὴν
636 2437 814 2520 ἀπόκρισιν,
840 2461 919 2500 -ε
947 2435 1028 2502 184:
1061 2441 1077 2513 η
1110 2437 1250 2514 Καλυψὼ
1275 2437 1347 2515 πρὸς

159 2548 202 2612 τόν
221 2545 358 2625 τέσσαρα
382 2553 526 2625 στοιχεῖα
546 2547 599 2610 τὸν
621 2541 704 2623 όρκον
728 2551 874 2620 ποιεῖται,
901 2581 941 2592 -
967 2568 981 2608 ε
1006 2541 1090 2608 220:
1116 2543 1129 2607 ό
1154 2537 1184 2609 dl
1209 2542 1346 2630 (Ulixes)

159 2655 314 2729 όμολογοῖιν
346 2655 400 2724 την
430 2652 611 2728 έπιόνμίαν,
644 2653 698 2716 οὐκ
730 2649 780 2714 ert
812 2650 866 2721 riv
898 2649 1078 2725 Πηνελόπην
1100 2649 1269 2722 πεποίηται
1293 2650 1348 2724 την

159 2759 411 2835 οίπόσσασιν,
437 2756 514 2822 ἀλλ’
540 2759 589 2822 ίπί
614 2758 656 2823 σοὶ
680 2755 771 2832 οίκοι,
797 2756 853 2821 nbi
876 2757 960 2840 quod
984 2759 1192 2842 reponebam:
1219 2761 1270 2822 οὐκ
1296 2757 1347 2822 έπί

159 2871 213 2941 την
245 2863 425 2940 Πηνελόπην
452 2866 619 2940 πεποίηται
651 2864 704 2937 την
737 2859 947 2926 οίπότασιν
980 2863 1145 2950 flagitante
1169 2884 1280 2940 sensu,
1307 2903 1347 2912 —

158 2977 226 3039 sinc
257 2972 371 3038 mendo
401 2971 522 3059 legitur
545 2993 574 3056 p.
602 2969 656 3054 78,
682 2967 725 3033 26
750 2968 788 3034 ad
813 2967 1034 3053 explicandum
1060 2968 1268 3035 Homericum
1294 2995 1350 3035 κα-

158 3079 367 3158 όαπτόμενοςε
405 3082 460 3152 τὴν
496 3075 703 3142 οίπότοισιν
738 3083 798 3141 τῶν
828 3074 930 3155 λόγοιν
962 3078 1154 3153 ποιούμενος,
1188 3076 1244 3141 ubi
1268 3077 1350 3142 alius

191 3345 218 3408 1)
241 3343 329 3392 Totum
344 3343 449 3393 scholion
466 3344 501 3391 ita
518 3347 553 3391 cst
570 3346 720 3407 conceptum:
740 3341 773 3398 είς
793 3337 927 3405 ἀξιόχρεον
945 3338 971 3388 δέ
991 3339 1104 3403 μάρτυροι
1122 3341 1168 3400 την
1186 3341 1271 3390 πίστιν
1289 3339 1347 3390 ἀνα-

158 3432 230 3498 φέροι.
255 3431 368 3496 δευτέραν
395 3434 480 3482 πίστιν
506 3436 551 3489 τῆς
577 3431 680 3495 καθαρᾶς
706 3433 789 3493 Φιλίας
808 3427 914 3481 ποιεῖται
933 3431 979 3490 την
998 3429 1170 3494 ἀκριβολογίαν
1193 3435 1239 3490 της
1257 3449 1349 3481 κακο-

158 3522 318 3580 δονλιίας.
342 3523 452 3588 (HMQ.)
482 3525 514 3570 lle
538 3521 623 3571 ultima
645 3537 701 3570 voce
725 3522 899 3570 Buttmannns:
928 3527 991 3570 utam
1016 3520 1103 3571 absona
1119 3522 1175 3571 hacc
1194 3538 1237 3570 vox
1256 3527 1284 3571 nt
1301 3523 1365 3572 lere·

157 3617 262 3682 suspicer
283 3615 399 3680 scriptum
423 3613 481 3662 olim
499 3613 570 3662 luisse
586 3609 740 3672 ἀποδημίας,
759 3611 889 3676 respiciquc
906 3627 987 3660 versus
1005 3611 1054 3660 259
1072 3627 1136 3677 seqq,
1155 3611 1195 3661 nbi
1212 3613 1241 3660 cl.
1260 3611 1350 3661 achol.'’

160 3699 228 3748 Nihil
254 3699 332 3748 minus
358 3711 447 3744 verum.
477 3695 588 3744 Minerva
614 3693 657 3744 sub
680 3696 778 3744 Mentec
801 3694 877 3760 specie
900 3693 989 3753 latens,
1013 3694 1130 3759 hospites,
1148 3693 1238 3758 inquit,
1257 3695 1350 3760 paterni

157 3797 251 3840 sumna,

701 3865 726 3915 (ί
741 3863 784 3929 πέρ
804 3882 835 3914 τε
853 3859 949 3928 γέροντ’
969 3863 1044 3928 έίρηαι
1061 3863 1165 3914 nsoter

345 3957 456 4020 Λαέρτην
475 3959 553 4021 ίίρινιι,
572 3955 615 4006 τὸν
634 3954 716 4007 οὐκέτι
732 3956 796 4020 φασί
814 3953 912 4005 πόλινδε

342 4047 448 4113 έρχεσίζ
466 4043 526 4096 ἀλλ’
544 4045 674 4097 ἂπένενίεν
692 4043 732 4098 ἔπ’
751 4041 829 4111 &ppei
848 4045 954 4108 πήματα
972 4043 1090 4109 πάσχειν.
1110 4056 1168 4095 κτλ.

157 4137 223 4186 Hace
244 4135 320 4199 igltnr
343 4140 451 4184 nostrum
468 4131 573 4182 scholion
591 4135 673 4196 aperte
690 4135 787 4198 spectet.
823 4131 893 4197 Quod
911 4131 940 4180 ad
960 4131 1072 4180 ultimum
1089 4130 1230 4180 vocabalum
1247 4131 1346 4188 attinet,

155 4240 237 4275 rarum
263 4227 298 4274 est
321 4226 370 4274 sinc
394 4223 465 4274 dubio
487 4218 644 4270 κααοόοόλειοι
668 4221 728 4286 (rive
750 4221 830 4287 potins
846 4218 1014 4279 modoetia),
1032 4237 1107 4286 nequo
1124 4225 1204 4272 tamen
1224 4221 1349 4272 obscurum

153 4309 210 4374 qnid
226 4307 379 4372 significetur.
407 4309 498 4374 Nempe
516 4307 654 4372 designatur
670 4305 757 4354 misera
774 4305 867 4354 leil-tir
885 4306 935 4355 vila
953 4305 988 4354 vel
1005 4304 1087 4354 servili
1105 4305 1188 4354 durior
1205 4305 1350 4364 conditione,

151 4403 233 4463 estque
258 4398 315 4446 adeo
341 4414 385 4446 νοτ
408 4399 457 4446 lore
482 4397 545 4447 idom
569 4395 649 4446 valens
672 4411 698 4444 ac
716 4389 878 4454 κακοπέόοιοι,
897 4397 937 4445 sed
955 4395 1032 4444 acrior
1049 4403 1125 4460 neqm
1144 4395 1270 4453 eiusmodi,
1292 4411 1352 4460 quac

154 4479 207 4530 vitii
225 4477 385 4531 insimuletur.
