3232 5136
707 339 749 409 65

139 535 337 617 Δινοθιιρχος.
373 534 457 617 Quid
486 537 529 600 sit
560 535 612 600 hic
645 533 678 598 ri
711 531 840 597 κοιθθλον
869 530 928 602 ἔθος
954 553 1048 598 nemo
1071 529 1165 597 focile
1188 529 1327 606 dixerit,

136 651 167 710 ct
191 646 219 709 si
241 646 365 710 inverso
389 643 497 709 ordine
519 641 742 731 intelligamus
767 637 896 706 ιιιιθθοιον
921 640 956 705 τὸ
980 637 1056 716 ἔθος,
1082 640 1239 705 sententia
1260 641 1329 726 qui-

136 751 208 816 dem
232 750 339 816 evadit
358 751 412 815 sed
430 752 539 835 inepta
559 755 590 815 et
611 771 629 814 a
648 748 819 834 Porphyrii
838 752 945 812 mente
957 747 1137 812 abhorrens.
1159 745 1231 811 Non
1243 748 1329 812 enim

135 855 362 940 Dicaearchus,
388 859 415 921 si
439 856 616 942 Penelopen
640 858 674 920 in
698 857 850 920 iuvenum
874 851 1123 918 temulentorum
1145 851 1328 918 convivium

135 965 306 1028 intrantem
331 947 582 1049 emporiticae
602 982 728 1027 morum
749 959 1077 1046 consuetudinumque
1098 959 1225 1022 omnium
1237 957 1331 1044 plane

135 1071 266 1156 ignarus
301 1089 368 1134 esse
400 1071 566 1157 arguitur.
599 1068 668 1146 sed,
701 1066 881 1154 Porphyrio
913 1064 1027 1132 saltem
1059 1064 1184 1142 iudice,
1221 1085 1259 1132 ox
1295 1085 1332 1131 ea

134 1177 355 1241 criminatione
389 1187 518 1261 apparet
550 1171 595 1239 ἔτι
619 1174 654 1239 rt
678 1173 763 1238 καθ’
784 1172 957 1253 Ὅμηρον
979 1171 1064 1245 ἔθος
1093 1176 1216 1251 ἀγνοεῖν
1240 1171 1333 1238 ἔοικεν

136 1282 369 1363 θΔιιιιιθοιρχος.
393 1282 520 1348 Etenim
534 1282 657 1355 σύνηθες
677 1281 784 1360 παρὰ
805 1287 889 1352 τοῖς
910 1279 1109 1362 oppetere
1129 1279 1187 1352 τοὶς
1216 1278 1331 1344 ἐλευθέ-

135 1413 188 1469 ροις
209 1397 363 1466 γυναῖκας
384 1388 566 1461 ricciardo
590 1389 700 1468 ἀνδρῶν
726 1386 849 1453 εἰσιέναι
873 1385 1032 1464 συμπόσιον
1039 1433 1048 1464 ,
1074 1385 1157 1472 quod
1176 1385 1332 1472 exemplis
1379 1387 1392 1412 ⁴

136 1517 173 1560 ex
190 1495 326 1561 Homeri
340 1497 534 1561 carminibus
546 1497 667 1582 petitis,
679 1493 793 1560 Aretes
806 1493 1020 1580 Helenesque.
1033 1494 1179 1579 deinceps
1191 1513 1331 1580 compro·

134 1605 240 1669 batur.
265 1601 447 1669 Sexcentias
467 1601 530 1674 ἔθος
549 1602 730 1683 Ὀριορρινθν,
750 1601 811 1671 ἔθος
831 1601 1008 1685 ‘opstipum
1029 1599 1091 1671 ἔθος
1113 1599 1195 1664 ἐστὶν
1207 1600 1331 1682 Ὁμήρῳ

134 1713 202 1776 sive
237 1712 279 1790 τῷ
315 1720 426 1786 ποιητῇ
458 1714 757 1776 commemorantur.
803 1708 892 1776 Dabo
919 1728 1021 1793 pauca
1054 1706 1200 1793 exempla
1221 1728 1260 1774 ex
1284 1709 1330 1773 in-

134 1819 225 1905 genti
260 1819 368 1903 copia,
400 1822 432 1882 et
462 1822 500 1882 ut
528 1819 562 1882 in
595 1837 628 1882 re
660 1821 752 1899 nota,
778 1835 817 1880 ex
839 1811 975 1880 Scholiis
998 1813 1037 1879 ad
1061 1812 1237 1900 Odysseam
1261 1819 1332 1880 tan-

131 1929 203 1990 tum
228 1925 338 2010 petita.
385 1923 521 2013 Legitur
543 1925 654 1988 atatim
676 1923 710 1987 in
733 1921 872 1999 vicinia,
898 1921 938 1987 ad
961 1945 997 1998 οι,
1021 1918 1099 1996 337;
1122 1920 1162 1986 ad
1179 1920 1223 2006 β,
1246 1918 1328 2006 115;

131 2031 170 2095 ad
204 2055 249 2114 γ,
283 2027 349 2095 103
383 2028 452 2116 (ubi
483 2032 517 2095 iu
548 2030 659 2096 eadem
690 2049 725 2094 re
752 2035 785 2094 et
815 2027 981 2106 Ὁμηρικὸν
1005 2027 1036 2092 δέ
1060 2029 1127 2092 ἔστι
1151 2026 1186 2091 ιθ
1210 2027 1272 2101 ἔθος
1297 2034 1330 2096 et

132 2137 291 2220 Ὀριορρεθῳ
316 2135 373 2202 ἔθει
398 2137 521 2202 dictum
546 2137 624 2221 eat);
649 2162 681 2215 ε,
708 2134 773 2202 336
797 2133 873 2222 (ἔθος
898 2159 934 2199 τε
957 2135 1081 2217 Ὁμήρῳ
1105 2141 1207 2216 κτλ.);
1229 2160 1267 2222 n,
1286 2134 1330 2201 40

132 2241 208 2324 (ἔθος
235 2246 276 2320 τῷ
302 2245 443 2328 veterib
470 2244 502 2319 θ,
530 2242 611 2321 166;
637 2267 673 2326 κ,
693 2239 765 2332 ,189
791 2241 864 2326 (iord
887 2265 965 2313 τινος
986 2279 1004 2292 -
1019 2277 1038 2294 -
1053 2278 1072 2292 ·
1092 2243 1273 2320 ἀγνοοῦντος
1295 2244 1331 2309 rt

67 2373 78 2382 ·
134 2351 301 2431 Ὁμηρικὸν
328 2349 408 2433 ἔθος,
431 2352 468 2419 ὠς
494 2349 573 2414 θέλει
598 2348 749 2431 ἄρχεσθαι
773 2349 835 2414 ἀπὸ
860 2352 913 2413 τοῦ
934 2347 1022 2433 γάρ.)
1041 2352 1120 2416 caat.
1157 2349 1330 2436 Paraphra·

133 2461 176 2522 sie
213 2458 249 2521 τὸ
281 2457 350 2520 καθ’
381 2457 519 2534 ’Όμηρον
547 2455 609 2527 ἔθος
641 2456 713 2521 aliis
744 2455 823 2520 locis
844 2457 878 2520 in
901 2452 1037 2520 Scholiis
1060 2453 1142 2520 mihi
1163 2476 1225 2521 non
1247 2454 1331 2522 lecta

136 2569 203 2648 est,
241 2563 296 2629 sed
332 2562 602 2648 quemadmodum
643 2563 841 2628 Aristonicus
878 2565 961 2626 recte
996 2560 1079 2626 dixit
1119 2560 1248 2647 (Scholl.
1292 2563 1332 2629 ad

134 2669 229 2735 Iliad.
265 2679 308 2746 Θ,
344 2667 419 2753 16);
454 2671 524 2747 πρὸς
556 2669 610 2742 τὴν
635 2671 704 2733 καθ’
724 2670 862 2746 ’Όμηρον
885 2671 938 2732 τοῦ
964 2664 1205 2746 strarculfo,
1228 2669 1330 2735 idem·

134 2795 213 2862 que:
252 2778 305 2841 οὐκ
340 2775 406 2841 ἔστι
441 2784 495 2850 τῆς
530 2779 599 2840 καθ’
628 2776 766 2853 Ὅμηρον
798 2773 895 2844 Ἰάδος
927 2774 961 2839 τὸ
992 2777 1102 2852 φιλοῦν
1132 2775 1175 2840 ιθ
1200 2779 1330 2841 τοιαῦτα

133 2885 175 2966 (Λ
203 2879 301 2964 589),
331 2887 363 2946 et
388 2885 448 2966 (0,
475 2881 554 2968 587)
579 2884 700 2960 γίνεται
724 2881 756 2946 δὲ
779 2882 813 2945 ιθ
838 2879 1013 2960 ὑπερβατὸν
1036 2882 1069 2946 οὐ
1090 2883 1159 2946 καθ’
1177 2883 1333 2963 Ὅμηρον,

135 2989 320 3074 similiaque
354 2991 433 3055 bene
467 2988 591 3073 multa,
626 2991 672 3055 ita
706 2997 738 3055 et
772 2989 855 3074 quod
890 3010 973 3055 nunc
1009 2989 1224 3074 reponendum
1257 2991 1335 3057 duxi

133 3100 213 3182 quin
248 3097 327 3162 bene
359 3095 482 3161 dictum
515 3099 557 3161 sit
588 3117 680 3161 nemo
709 3098 819 3182 opinor
850 3098 882 3161 in
914 3096 1049 3161 dubium
1074 3097 1220 3181 vocabit,
1247 3118 1338 3183 prue-

134 3205 248 3269 sertim
285 3224 358 3268 cum
393 3201 446 3268 hic
479 3205 604 3289 proprie
626 3224 688 3268 non
713 3209 781 3268 tam
805 3204 844 3269 de
867 3203 1022 3268 Homerica
1046 3203 1182 3289 quadam
1209 3214 1366 3271 consue·'

136 3310 248 3376 tudine
272 3330 376 3375 sermo
400 3313 458 3386 sit,
486 3331 582 3395 quam
607 3309 645 3375 de
669 3331 722 3386 ea,
747 3331 827 3395 quae
852 3309 1074 3375 Homericorum
1098 3312 1216 3375 θινοιιιιι
1241 3320 1341 3378 aetate

134 3419 280 3506 viguisse
315 3419 358 3481 sit
394 3415 614 3482 existimanda.
662 3417 734 3483 Hoc
770 3421 897 3482 tentum
933 3419 1094 3483 occasione
1128 3418 1202 3484 data
1237 3419 1338 3498 addo,

134 3523 403 3609 periphrasticum
435 3521 519 3588 νοτιθ
544 3524 578 3588 iu
600 3525 716 3589 nostris
740 3525 818 3588 satis
841 3544 907 3590 esse
931 3523 1101 3608 frequens.
1124 3545 1186 3590 non
1212 3529 1338 3592 tantum

134 3633 168 3695 in
192 3629 244 3694 hie
268 3629 361 3714 quale
384 3637 452 3695 est:
479 3629 600 3704 ἦνοτθι
619 3631 753 3704 Ῥθιινον,
779 3631 851 3694 κοτ’
872 3631 1084 3710 Ἀντθμιιχον,
1106 3634 1176 3696 κατ’
1203 3631 1340 3711 Ἀριστο-

135 3735 222 3812 dicim
246 3734 406 3821 (ἔκδοσιν),
427 3738 451 3800 οἱ
473 3737 545 3800 κατ’
567 3737 771 3816 ’Λρθστοιρχον
790 3736 1013 3822 similibusque
1024 3736 1338 3826 pervulgatissima,

136 3843 189 3908 sed
225 3847 257 3906 ot
292 3843 325 3906 in
361 3842 434 3907 aliis
467 3863 606 3928 quoque,
642 3865 777 3929 quorum
811 3865 912 3909 unum
946 3845 1075 3910 afferam
1099 3855 1137 3910 ut
1161 3844 1278 3910 mendo
1301 3844 1340 3910 li·

135 3949 255 4013 beram.
303 3949 352 4013 Ad
377 3948 411 4025 δ,
439 3947 504 4013 333
529 3948 666 4014 dicitur:
692 3951 705 4014 d
730 3949 787 4026 ριέν
810 3949 875 4027 γὰρ
898 3949 1025 4027 Νέστοορ
1050 3953 1088 4022 ὠς
1108 3949 1147 4016 ἂν
1168 3949 1201 4013 ἔκ
1221 3955 1337 4017 πολλοῦ

135 4055 310 4132 ἀφιγμένος
334 4057 387 4119 cxi
413 4063 485 4120 τῶν
510 4056 619 4121 κοντοὶ
644 4059 739 4130 τοὺς
764 4049 1005 4137 μνηστῆρος
1030 4059 1083 4124 οὐκ
1105 4059 1230 4132 ἀνήκοος
1250 4083 1337 4125 πυν-

137 4162 307 4226 θάνετοιι
331 4167 401 4227 τοῦ
425 4161 576 4240 τρθοιοιι
602 4171 656 4236 τῆς
682 4164 823 4243 ἐπηρείας
851 4162 939 4248 „cirri
964 4189 1015 4242 μοι
1041 4165 1073 4240 sil
1098 4165 1169 4228 ἐνὼν
1195 4165 1335 4243 ὑποδάμ-

138 4267 271 4344 νοισινι,”
303 4270 317 4333 θ
348 4267 378 4333 δὲ
411 4267 571 4340 Μενέλοιος
596 4275 709 4348 πρῶτον
734 4269 957 4346 πυνθανόμενος
984 4266 1175 4351 σχετλιάζει.
1214 4269 1267 4357 (Q)
1292 4271 1338 4337 Ut

141 4373 220 4439 haec
241 4373 361 4441 Graeca
378 4377 458 4453 sint,
481 4377 661 4464 corrigatur
672 4379 755 4442 sive:
778 4378 965 4443 ιιννθιθνετιςι
988 4376 1075 4457 περ)
1099 4381 1166 4442 τοῦ
1188 4377 1337 4456 ιρθποο

140 4502 169 4545 τ.
208 4480 368 4567 ereptae,
404 4491 441 4546 ut
477 4485 718 4568 praepositionis
753 4483 837 4572 sigla
872 4505 945 4550 casu
976 4489 1101 4550 tantum
1135 4486 1253 4549 omissa
1274 4505 1341 4552 ease

1173 4607 1187 4654 s
