3318 5138
744 349 786 418 81

168 541 294 607 omittit
325 541 384 607 D.”
416 541 500 608 Mihi
533 547 639 608 eutem
670 549 701 608 et
732 544 791 611 hoc
817 546 972 610 omissum
996 546 1203 609 correctorem
1228 565 1359 630 arguere

166 649 313 733 videtur,
347 655 379 714 et
410 649 645 715 coniunctiones
676 651 715 715 cb
747 650 846 739 siglas
876 649 1056 716 consimiles
1086 648 1192 715 locum
1219 657 1361 717 mutasse

166 759 236 822 iam
269 759 303 821 in
339 755 519 821 Observatt.
560 757 601 840 (p.
637 754 693 842 13)
729 757 807 822 diri.
844 757 936 822 Nihil
971 758 1045 822 vitii
1071 756 1234 822 habebunt
1263 758 1357 823 hacc:

166 865 312 941 σημαίνει
348 859 393 928 άτι
426 863 460 927 τὸ
492 862 628 928 παλαιὸν
653 863 742 939 ὤμοις
767 864 809 928 τά
833 861 911 944 ξίφη
935 861 1197 942 περιεβάλλοντο,
1220 866 1266 934 ὠς
1290 864 1358 928 καί

168 972 198 1034 έν
232 969 340 1036 Ἰλιάδι
374 970 469 1050 φησίν
500 969 513 1034 ὃ
539 971 665 1044 ποιητής
698 985 780 1046 ιιτλ.,
812 990 892 1056 quae
921 965 1155 1036 (31111ιὶαωὶὺὶ
1178 969 1361 1036 dubitanter

166 1079 419 1163 proposuissem,
454 1075 547 1142 lectio
582 1076 718 1161 repetite
747 1078 794 1140 ita
823 1097 889 1142 esse
920 1075 1003 1140 mihi
1034 1077 1262 1162 comprobavit.
1310 1077 1360 1144 Ex

167 1184 229 1250 hac
258 1190 365 1250 autem
398 1185 616 1249 observatione
648 1183 739 1270 plura
768 1183 1002 1271 eiusdemmodi
1036 1183 1126 1249 velut
1161 1206 1242 1250 nexa
1276 1207 1360 1252 uunc

166 1290 306 1376 proferre
335 1293 369 1356 in
393 1291 500 1355 animo
527 1297 583 1355 est.
608 1289 733 1376 Nempe
756 1296 883 1376 propter
905 1311 1067 1355 summam
1091 1291 1265 1378 siglarum.
1289 1295 1359 1378 qui·

168 1398 230 1462 bue
253 1398 307 1462 καί
331 1401 363 1462 et
386 1399 426 1468 ὣς
450 1399 484 1460 iu
508 1397 670 1461 codicibus
693 1381 880 1472 exerantur,
906 1396 1153 1462 similitudinem
1188 1405 1243 1462 aut
1271 1420 1359 1484 prae-

168 1511 295 1592 postere
317 1503 425 1570 locum
448 1505 632 1580 mutarunt,
657 1503 741 1588 quod
764 1524 847 1567 nunc
871 1502 1030 1588 vidimus,
1054 1524 1134 1588 quae
1157 1512 1206 1570 cet
1224 1508 1359 1571 minima

169 1611 252 1678 mali
286 1611 390 1694 labes,
427 1618 483 1675 eut
518 1609 620 1674 altera
650 1611 829 1675 coniunctio
860 1607 993 1674 alteram
1026 1612 1178 1687 extrusit,
1204 1617 1260 1676 aut
1282 1611 1360 1678 haec

164 1739 224 1806 pro
247 1717 305 1784 illa
328 1719 433 1803 positu
455 1723 521 1800 est,
546 1723 602 1781 eut
626 1715 779 1781 alterutra
803 1715 886 1781 mele
910 1715 1068 1800 abundat,
1093 1719 1281 1795 cointium,
1305 1719 1360 1784 esd

163 1828 284 1900 rarius,
319 1824 375 1888 ubi
408 1823 520 1888 ambae
551 1822 671 1900 desint;
707 1842 841 1907 quorum
864 1825 1009 1886 omnium
1033 1822 1178 1908 exempla
1202 1825 1357 1908 quaedam

162 1933 343 2020 insigniora
377 1930 436 1995 sub
470 1950 571 1994 uuum
608 1935 809 2014 conspectum
847 1947 1011 2014 ponamus.
1059 1929 1205 1994 Primum
1229 1930 1360 2016 prodeat

162 2037 314 2104 Scholion
339 2034 601 2122 intermarginele
626 2056 664 2100 ex
688 2033 804 2101 (lodice
828 2034 947 2100 Veneto
971 2037 999 2099 A
1023 2033 1062 2100 ad
1087 2039 1228 2122 primum
1249 2037 1359 2104 Iliadis

162 2165 315 2220 versum,
338 2143 383 2208 sic
403 2163 421 2207 a
439 2141 602 2208 Dindorfio
620 2143 762 2208 editum:
783 2141 957 2212 ὁκοτιαεὺο
972 2141 1166 2228 (Alexander
1179 2141 1357 2231 Gotyensis)

166 2254 339 2332 Ἀχιλῆος’
377 2249 426 2314 διά
463 2248 497 2312 τὸ
533 2249 641 2330 μέτρον
672 2244 702 2313 έν
734 2246 754 2313 i
786 2254 1001 2328 γράφεται
1032 2249 1085 2312 καί
1118 2253 1153 2312 τὸ
1178 2250 1357 2332 Κάμανδρος

167 2360 239 2423 ἀντὶ
271 2364 324 2422 τοῦ
358 2357 557 2436 Σκάμανδρος
590 2356 814 2436 γράφεται.
848 2353 967 2440 (Codex
998 2354 1035 2419 de
1067 2375 1154 2420 more
1177 2356 1227 2422 bis
1249 2381 1298 2438 γρ.
1324 2365 1357 2424 ct

162 2455 231 2557 οἷν.)
256 2470 344 2552 Quae
363 2477 411 2536 est
424 2472 501 2536 heeo
514 2474 613 2536 etiam
625 2473 659 2534 iu
671 2467 782 2534 infimo
794 2466 971 2533 Scholiasta
982 2466 1191 2533 intolerabilis
1203 2467 1353 2534 infantie!

163 2577 273 2644 Sensit
304 2577 487 2656 Beklrerus,
513 2581 620 2662 itaque
643 2577 727 2662 apud
751 2596 824 2640 eum
849 2573 984 2662 legitur:
1009 2575 1055 2646 cic
1080 2573 1260 2656 Κάρανδρος
1285 2579 1354 2641 ἀντὶ

161 2691 218 2750 τοῦ
256 2685 364 2762 Σκάμ.
402 2683 602 2761 Scribamus,
640 2691 774 2768 utraque
806 2683 1026 2747 coniunctione
1058 2681 1228 2766 adsumpta
1259 2680 1303 2766 1):
1339 2685 1353 2748 ὃ

162 2793 316 2866 Κοτιαεὺς
348 2789 549 2878 (semestri)
571 2783 783 2874 ⁴„’Axraioc”·
808 2789 858 2853 διά
882 2789 917 2853 τά
945 2785 1054 2866 μέτρον
1078 2783 1108 2851 ἓν
1132 2780 1154 2852 a
1175 2788 1356 2871 γράφεται,

163 2902 243 2987 (ὥς)
280 2901 348 2964 καὶ
385 2901 421 2964 τὸ
453 2897 633 2978 Κάμανδρος
666 2897 734 2961 άντδ
766 2901 819 2960 τοῦ
853 2894 1064 2976 Σκάμανδρος.
1098 2894 1292 2983 [γράφεται]
1326 2905 1358 2964 et

160 3011 387 3094 importunum
422 3009 456 3070 in
490 3004 550 3071 fine
586 3004 720 3071 verbum
756 3002 840 3068 ultro
876 3002 1007 3068 excidet.
1055 3001 1149 3066 Nunc
1180 3008 1288 3068 nostru
1319 3005 1358 3070 ad

160 3114 340 3202 Odysseem
353 3113 357 3128 ’
372 3133 587 3198 procuremus.
635 3111 688 3176 Ad
718 3109 967 3196 pulcherrimam
1003 3108 1271 3193 comparationem
1311 3111 1340 3197 (ε

158 3221 232 3287 394
257 3220 374 3306 seqq.):

208 3329 247 3398 ὡς
272 3327 298 3391 δ’
323 3322 368 3390 ὅτ’
391 3325 430 3391 διν
454 3323 612 3398 άστάσιος
637 3325 739 3420 βίοτος
767 3323 910 3388 ταιδεσσι
936 3324 1041 3405 Φανία

208 3434 344 3512 πατρίς,
370 3430 401 3503 ὃς
426 3436 456 3498 ἐν
480 3434 574 3511 νούσῳ
599 3439 691 3504 νοῆται
717 3429 755 3516 (ί)
782 3429 903 3512 κρατέρ’
927 3427 1036 3508 άλγεα
1061 3427 1194 3510 πάσχων
1218 3446 1289 3495 κτλ.

157 3545 241 3609 haec
266 3542 414 3606 adnotata
433 3547 507 3605 sunt
528 3543 560 3604 in
579 3537 651 3619 PQ:
676 3537 889 3603 sectamura
914 3537 1251 3616 παραδείγματα
1272 3539 1360 3619 παρά

156 3649 276 3728 γονέων
307 3653 496 3728 χρηστῶς
529 3647 681 3712 ἐκτίθεται
706 3647 719 3712 ὃ
744 3645 870 3720 τοιντίρς
895 3643 1046 3708 παιδεύων
1055 3691 1063 3720 ,
1089 3649 1150 3715 πῶς
1177 3643 1261 3725 ἔχειν
1285 3646 1358 3726 πρὸς

156 3753 274 3835 γονέας
310 3754 444 3819 δίκαιον·
480 3755 550 3818 καί
588 3753 690 3836 ,ζώειν
726 3752 790 3830 μάν
826 3749 870 3816 ἔτι
907 3751 988 3840 Φασὶ
1025 3751 1198 3828 Μενοίτιον,
1231 3749 1297 3832 ζάει
1329 3751 1356 3816 δ’

156 3855 314 3936 Αἰακίδης
351 3861 472 3932 Πηλεὺς
508 3859 592 3935 μετά
629 3858 874 3938 Μυρμιδόνεσσι,
908 3863 966 3922 τῶν
999 3882 1032 3922 κε
1065 3857 1147 3934 μάλ’
1173 3856 1356 3936 άμΦοτέραν

155 3969 394 4051 άνιαχοίμεία.”
418 3976 478 4048 (Π,
507 3967 574 4050 14),
600 3969 633 4030 in
657 3967 773 4052 quibus
796 3972 828 4032 et
852 3965 915 4031 alie
938 3961 1022 4030 mihi
1045 3965 1084 4030 de
1106 3965 1188 4029 vitio
1211 3970 1357 4051 suspecte

155 4083 250 4144 suut.
273 4075 356 4140 Nam
381 4095 460 4140 num
489 4073 664 4138 secondum
689 4073 835 4158 exempla
860 4071 953 4157 quale
976 4077 1024 4136 cst
1043 4071 1102 4136 hoc
1125 4069 1355 4158 Polybienum:

156 4181 360 4271 (Philippus)
397 4189 513 4260 προῆγε
549 4179 645 4244 πάλιν
682 4183 721 4252 ὠς
758 4179 806 4244 ert
838 4179 992 4264 Κορίνθου,
1024 4176 1119 4243 καλὸν
1150 4177 1268 4256 δεῖγμα
1291 4185 1354 4271 τῆς

156 4339 311 4354 ...an—u

194 4445 222 4508 1)
243 4441 352 4506 Utroque
370 4421 487 4508 particulo
504 4459 563 4508 opus
581 4445 630 4502 est,
650 4439 762 4506 quonism
780 4439 824 4490 hoo
842 4439 975 4505 exemploru
993 4453 1067 4488 unum
1084 4441 1179 4488 tentum
1196 4441 1232 4488 eu
1248 4439 1277 4488 de
1294 4439 1355 4489 mul·

156 4529 205 4587 tis,
225 4542 276 4576 nou
295 4525 394 4576 unicum,

1216 4619 1231 4668 6
