3232 5136
696 365 736 434 31

138 559 215 643 petre
235 560 420 644 superstite,
443 561 546 624 meter
569 578 632 624 non
653 557 759 624 solum
782 555 917 623 διδάσκει
941 555 1095 634 rotrone,
1119 554 1174 620 sed
1204 555 1312 640 ipsum

138 668 244 749 patrem
271 663 421 730 ostendit.
470 665 686 730 Δείκνυσιν
716 659 761 728 ὅτι
795 663 902 730 τούτου
933 662 999 729 ἐστὶ
1031 669 1133 761 πνεῖς..
1167 659 1256 727 Haeo
1285 659 1313 726 si

138 789 202 836 vere
226 775 316 856 eunt,
342 807 384 820 -
407 776 445 836 ut
476 777 551 837 sunt
573 774 641 838 eine
665 771 782 856 dubio,
807 805 849 820 -·
874 769 986 856 quidni
1010 769 1225 856 corrigamus:
1252 763 1311 831 xire

138 886 213 958 περιῇ
235 901 263 944 ιι.
286 901 320 943 π.
345 878 359 944 t
385 875 538 958 πιιτήρῗ
584 877 758 959 Quoniam,
782 883 820 942 ut
843 875 1040 965 significavi,
1066 877 1164 940 etiem
1186 871 1313 940 facilior

139 989 179 1048 est
196 987 273 1050 aetio
296 986 342 1050 rei
365 985 587 1064 restituendae.
634 984 924 1073 Interpunga'mus:
949 983 1001 1050 κιιδ
1026 982 1089 1062 γὰρ
1114 981 1138 1045 cl
1163 981 1216 1046 ιιιιδ
1243 981 1310 1044 ἐπε-

138 1091 221 1165 trien
244 1087 313 1168 ἅμα
338 1093 380 1172 τῷ
403 1093 544 1169 γενέσθαι
570 1091 620 1158 τδν
644 1075 765 1169 πιιῖδιι,
790 1091 807 1166 ἦ
831 1089 932 1169 μήτηρ
956 1086 1091 1156 διδιὲσκει
1116 1091 1169 1152 τοῦ
1194 1085 1311 1168 πατρὸς

138 1199 273 1276 sedeone·
296 1197 372 1264 κᾶν
396 1207 512 1278 περιῇ
538 1198 605 1263 sai
629 1207 753 1278 nupti,
779 1199 795 1269 tl
820 1199 952 1277 μήτηρ
971 1195 1118 1262 δείκνυσιν
1139 1191 1185 1260 ὅτι
1202 1191 1312 1258 τούτου

138 1305 193 1370 ἐστὶ
232 1313 322 1383 τρεῖς,
366 1306 463 1371 etiam
499 1307 546 1370 sic
580 1306 786 1371 concinnitati
819 1304 1038 1370 'membrorum
1074 1301 1311 1388 prospicientes.

137 1411 211 1476 Nam
236 1415 268 1477 in
297 1418 431 1498 utraque
461 1411 651 1492 bimembris
678 1410 800 1497 periodi
823 1410 942 1496 protssi
965 1409 979 1474 t
1003 1411 1105 1488 πιιτδρρ
1129 1407 1311 1474 subiectum

138 1524 193 1594 eat,
224 1539 322 1606 neque
353 1519 393 1584 ad
425 1519 573 1593 tortitiae
605 1538 707 1603 neque
738 1521 777 1584 ad
792 1605 794 1611 ,
808 1525 894 1598 περιρι
920 1517 973 1582 ecl
1000 1525 1082 1597 πκρρῑ
1107 1535 1314 1600 expressum,

137 1626 286 1712 utriusque
309 1625 453 1711 epodoois
476 1625 657 1691 subiectum
681 1630 729 1690 est
753 1626 770 1700 ἦ
793 1623 913 1708 μήτηρ,
938 1627 1045 1690 contra
1065 1624 1115 1689 bis
1134 1621 1312 1690 adiectum:

138 1731 152 1804 i
180 1734 270 1812 μήτηρ
302 1729 437 1798 διδάσκει
469 1738 502 1796 et
536 1731 552 1806 ἦ
587 1731 686 1809 μήτηρ
712 1729 868 1796 δείκνυσιν.
915 1728 977 1797 sed
999 1731 1135 1795 missum
1160 1728 1314 1794 iaciemus

137 1841 164 1900 et
184 1835 345 1904 Seleucum
369 1841 402 1903 et
426 1838 493 1903 eins
517 1837 626 1912 νιύσιν,
651 1837 709 1902 ubi
733 1857 833 1902 unum
859 1835 1016 1902 addidero.
1066 1835 1103 1901 ln
1121 1837 1210 1902 exitu
1230 1837 1314 1902 eins·

137 1943 199 2008 dem
226 1943 448 2030 disputationis
483 1965 500 2009 e
535 1945 691 2010 contrario
715 1950 804 2029 pater
830 1943 921 2007 matri
943 1941 1050 2008 locum
1074 1942 1165 2009 cedet
1186 1963 1313 2009 necesm

137 2055 188 2114 est
228 2051 440 2140 Porphyrius,
485 2049 611 2118 Seleuci
645 2049 856 2137 explicet-ione
889 2070 952 2116 non
987 2053 1170 2133 contentus,
1211 2047 1314 2136 (ἀλλὰ

137 2177 162 2221 ιι.
196 2155 282 2231 circo
313 2158 437 2241 ζητοῦσι
465 2157 513 2230 τῖε
546 2158 560 2224 t
593 2163 659 2231 νσῦι
691 2173 765 2224 κτλ.
797 2160 919 2224 immo:
951 2155 1163 2244 ζητοῦμεν),
1196 2155 1313 2234 detrec
1402 2234 1406 2242 Ι

136 2263 347 2350 interpretetus
371 2269 420 2331 est
441 2267 480 2336 tc
505 2264 577 2344 πρὸς
601 2265 656 2340 τὴν
680 2265 773 2339 decio
797 2262 973 2330 ἐπίστευσε.
1020 2261 1140 2343 Quodsi
1161 2265 1209 2329 ite
1234 2263 1314 2329 scoi-

136 2372 244 2454 pimus,
276 2373 401 2460 pergit,
433 2369 521 2436 ἔστιιι
552 2371 566 2436 δ
598 2370 710 2449 λόγος,
739 2370 881 2450 talene
904 2368 962 2447 μέν
986 2371 1173 2456 (necessario
1197 2367 1313 2434 eddon·

135 2475 199 2543 dum
221 2479 270 2562 μ’)
296 2478 358 2558 ἔφη
382 2477 494 2542 ἐκείνου
518 2472 612 2556 εἶνιιι,
637 2477 697 2555 ἐγὼ
722 2476 747 2542 δ’
771 2477 825 2542 οὐκ
849 2471 939 2542 elic·
963 2477 996 2541 οὐ
1021 2474 1084 2555 γάρ
1108 2498 1154 2547 τις
1180 2472 1218 2570 δι’
1242 2473 1312 2538 ἕσιν·

135 2590 176 2650 τσῦ
204 2584 309 2666 παρὰ
332 2589 386 2651 τοῦ
410 2585 519 2650 ἑαυτοῦ
544 2584 659 2663 πατρὸς
682 2583 738 2658 rto
761 2584 864 2648 πίστιν
888 2581 990 2663 ἔσχεν.
1016 2581 1120 2649 ἐνδσὶδε
1146 2579 1194 2648 δεῖ
1214 2578 1311 2646 πάλιν

135 2689 267 2770 σἰιιῖισιιι,
299 2692 325 2756 εἴ
357 2692 401 2769 μὴ
425 2690 511 2770 πσρὰ
536 2693 689 2770 πατρὸς
711 2691 834 2758 πύδνιτσ
857 2691 908 2756 ecl
934 2689 1128 2768 σεβαστικῶς
1154 2685 1310 2764 ἒνδέξιιιτι

135 2796 176 2860 τὸν
196 2798 296 2877 reor.
321 2797 556 2881 Buttmannus,
581 2799 763 2863 acutissime
783 2803 825 2862 ut
843 2817 987 2884 semper,
1008 2796 1092 2864 vidit
1110 2795 1312 2862 sombsndum

136 2924 190 2971 esse
210 2913 242 2972 ot
261 2905 351 2985 περὶ
375 2910 428 2970 τσῦ
452 2905 563 2971 iceret
589 2905 706 2984 πιιτρδς
727 2909 759 2970 et
777 2905 803 2969 si
823 2905 867 2982 pt
890 2903 977 2984 πσιριδ
1002 2903 1155 2982 μητρὸς
1180 2901 1314 2968 πύθοιτο.

136 3007 215 3078 Prior
244 3011 438 3080 Herleienus
468 3017 577 3098 postea
600 3011 732 3077 demum
757 3031 907 3078 exeussus
930 3011 1092 3096 probavit;
1121 3008 1313 3083 seeundum.

137 3121 207 3201 qnod
234 3121 319 3188 idem
352 3119 451 3186 codex
481 3139 544 3185 non
573 3120 705 3206 prebere
735 3119 882 3197 videtur,
911 3118 1043 3206 indigne
1074 3123 1218 3204 spretum
1249 3121 1315 3193 est.

136 3221 199 3292 lieet
227 3231 268 3293 sit
299 3228 505 3295 venseimum
535 3232 569 3291 et
598 3227 774 3291 sententiae
809 3226 902 3290 unice
931 3230 1064 3310 aptum,
1088 3223 1159 3290 ideo
1183 3223 1315 3290 tortasse

137 3333 207 3416 quod
227 3333 411 3400 dubitanter
433 3336 559 3397 tantum
584 3331 800 3397 Buttmannus
824 3331 859 3397 id
881 3333 1061 3418 proposuit,
1081 3329 1159 3396 been
1179 3329 1314 3396 addens:

138 3439 201 3512 „scd
221 3441 316 3505 nimis
339 3437 496 3524 impedita
519 3439 618 3502 totius
640 3436 736 3524 hujus
755 3436 817 3503 loci
838 3439 1074 3525 argumentatio
1095 3443 1134 3502 ut
1151 3455 1208 3524 pro
1228 3439 1313 3503 carto

136 3545 289 3632 quicquam
312 3542 545 3631 pronuntiem.''
568 3541 671 3609 Miror
690 3545 797 3608 virum
818 3545 1061 3631 sagacissimum
1079 3545 1126 3608 ite
1145 3542 1312 3618 indicasse,

137 3669 199 3715 uem
220 3654 299 3718 mihi
322 3651 419 3728 hsce,
444 3649 483 3715 de
507 3649 622 3736 quibus
644 3671 727 3715 nune
751 3653 898 3738 agimus,
917 3651 1066 3716 intricata
1097 3649 1229 3734 quidem
1264 3650 1312 3715 vi·

138 3754 236 3823 dentur
268 3766 300 3824 et
335 3756 549 3823 multifarium
585 3763 748 3841 corrupte.
787 3759 918 3822 caeteris
959 3774 1066 3822 temen
1101 3755 1316 3823 solutionibus

136 3858 316 3950 longioribus
340 3861 423 3930 nihil
446 3882 638 3950 magnopere
666 3861 879 3948 impeditiore.
927 3859 990 3928 Sed
1022 3867 1097 3928 utut
1120 3862 1198 3928 haec
1221 3866 1317 3939 eunt,

137 3965 309 4036 Buttmeuni
334 3971 500 4037 oenmime
523 3968 719 4047 emendatio,
744 3987 840 4054 quem
864 3969 992 4035 iuturus
1011 3968 1125 4044 editor,
1148 3985 1259 4054 spero,
1283 3970 1318 4034 in

137 4079 246 4142 textum
281 4078 431 4164 recipiet,
468 4074 651 4161 plenissime
681 4074 888 4143 confirmetur
919 4078 960 4141 iis
989 4095 1069 4161 quse
1092 4076 1243 4141 continuo
1267 4095 1314 4142 se·

138 4189 277 4265 qnuntnr:
299 4181 395 4255 ιύδεδσ
416 4183 479 4262 γὰρ
501 4180 596 4246 αὐτοῦ
620 4181 656 4263 (l.
681 4182 727 4249 δι’
751 4183 836 4270 atr.)
863 4185 915 4248 τὸν
935 4181 1058 4263 πσιτέρσι
1077 4181 1245 4264 ἆνεζνίτιρσε
1259 4182 1312 4248 eal

138 4285 335 4369 δνιρρεύνιρσεν,
368 4291 393 4355 ri
424 4287 515 4362 ὅντως
540 4286 585 4364 sin
610 4288 623 4354 i
645 4288 833 4376 λεγόμενοι,
856 4289 1038 4370 nepote„
1062 4288 1102 4354 δὲ
1125 4297 1171 4372 τῇ
1188 4287 1316 4371 μητρὶ

138 4399 192 4468 τῖις
209 4397 409 4463 πεπίστευκεν
429 4393 502 4461 ἄνευ
523 4391 674 4475 ζητήσεως
694 4397 745 4463 διὰ
764 4397 799 4462 τὸ
819 4395 919 4475 σέβας
938 4396 972 4462 τὸ
985 4395 1058 4475 πρὸς
1073 4395 1144 4468 τοὺς
1157 4393 1316 4467 τεκόντας.

176 4499 253 4568 Setis
280 4502 378 4592 longe
408 4522 427 4568 e
454 4500 594 4591 Cyclope
627 4501 865 4582 aberremus,
890 4501 931 4570 ed
952 4521 1047 4588 quem
1070 4499 1224 4570 mdenndi
1247 4501 1314 4568 iem
