3330 5144
766 328 831 408 217

196 521 356 606 νουμίοον
387 527 513 602 οἰκεῖος,
546 529 631 593 ἀλλ’
662 531 748 612 (οὐχ
776 532 847 614 ins.)
872 529 1054 611 ἑτωίρος,
1080 533 1118 604 ὥς
1144 535 1170 599 ol
1203 531 1312 600 πολλοὶ
1336 533 1394 597 σῶν

197 633 462 715 γλωσσογράφον.
494 632 645 718 Inprimis
668 633 841 700 ridiculum
865 643 914 700 est
938 637 1091 703 mendum
1119 642 1190 704 νοντ’
1216 641 1391 716 ἐσωνυμίνιν

196 761 253 825 pro
276 739 350 804 νοντ’
375 741 569 823 ἐσινωμίων,
593 747 732 818 caetera,
759 748 794 805 ut
818 741 903 819 dixi,
925 741 1014 808 nullo
1045 748 1175 833 negotio
1208 751 1241 812 et
1262 747 1393 812 caeteris

198 848 347 912 omnibus
380 855 412 912 et
447 847 515 932 ipso
545 845 678 912 Homeri
712 853 801 912 textu
837 849 870 912 in
902 849 1061 915 auxilium
1100 859 1211 918 vocato
1246 858 1278 918 et
1300 853 1394 918 resti-

198 959 333 1018 tuuntur
367 958 399 1018 et
433 953 614 1038 probantur.
662 955 705 1018 ht
740 955 840 1038 ipsius
871 954 985 1022 acholii
1017 961 1154 1024 auctoris
1183 980 1219 1025 ea
1249 959 1392 1025 confusio

199 1066 247 1126 eat
281 1081 377 1146 quam
412 1058 589 1137 sustulisti,
621 1079 683 1124 non
716 1061 908 1134 scribarum,
941 1061 1057 1126 dixerit
1092 1057 1264 1148 quispiam.
1319 1065 1390 1130 Non

199 1173 318 1254 poteat;
344 1169 488 1252 sequitur
511 1169 597 1232 enim
621 1169 787 1232 continuos
812 1167 949 1249 ἐπιφέρει
975 1173 1049 1246 γοῦν
1073 1169 1262 1256 (Homerus)
1284 1172 1393 1236 οίνσι-

200 1275 458 1340 διαστέλλων
494 1273 531 1357 „rl
556 1274 614 1338 πού
638 1298 684 1346 τις
709 1273 760 1338 κοοί
786 1274 902 1354 ἑσωῖρος
929 1276 1040 1359 οίνιίρ,”
1069 1277 1239 1357 ὁρισμὸν
1263 1285 1392 1344 ποιῶν.

200 1382 253 1447 Ad
282 1383 379 1448 verba
411 1383 429 1458 ἢ
460 1380 553 1462 φίλος
580 1379 664 1466 quod
687 1383 819 1458 attinet,
845 1401 882 1446 eo
906 1382 974 1448 loeo
997 1402 1060 1468 quo
1084 1405 1167 1449 nuno
1191 1391 1282 1464 sunt,
1307 1395 1390 1451 stare

200 1489 289 1556 nullo
324 1488 417 1555 modo
452 1494 601 1574 possunt,
637 1492 745 1574 itaque
783 1495 839 1553 aut
878 1487 1009 1554 delenda
1052 1499 1143 1568 eunt,
1182 1491 1279 1577 (quod
1314 1490 1393 1558 olim

201 1597 364 1675 volebam,
398 1593 486 1662 Ohes.
523 1617 554 1681 p.
586 1593 654 1681 97.)
687 1601 744 1660 aut
769 1631 808 1642 -
834 1594 917 1679 quod
941 1594 1071 1673 malim,
1096 1617 1170 1662 nam
1196 1598 1268 1684 quis
1290 1617 1393 1685 quove

201 1703 331 1770 oonsilio
364 1699 605 1788 interpolaaaetl
629 1737 670 1750 -
695 1707 766 1787 post
794 1701 910 1781 ὲτωίροο
942 1702 1109 1788 ponenda,
1142 1709 1179 1769 ut
1203 1709 1307 1770 totum
1332 1707 1393 1770 sit:

201 1809 247 1876 ὅτι
271 1813 346 1886 πηὸς
370 1811 384 1874 ί
408 1807 483 1874 κιοσ’
509 1808 686 1887 ἐπιγαμίαν
712 1809 827 1886 οίκείος,
844 1805 929 1874 ’ἀλλ’
953 1810 1053 1896 (οὐχ)
1077 1808 1195 1890 ἑτοιίρος
1216 1811 1233 1886 ἢ
1258 1813 1395 1895 Φίλος,

201 1917 284 2002 qnod
315 1936 377 1984 non
408 1936 522 2002 parum
546 1915 833 1982 commendationis
856 1918 971 2002 aooipit
995 1938 1035 1982 ex
1057 1919 1116 2002 iis,
1139 1937 1220 2004 quae
1243 1921 1393 1984 continuo

201 2029 395 2109 sequuntur:
433 2023 450 2098 ἡ
485 2022 609 2104 Φιλίου
641 2023 705 2102 γὰρ
736 2017 810 2087 ὅσον
840 2047 888 2096 τις
919 2029 977 2088 σῶν
1008 2024 1110 2088 αὐτῶν
1142 2024 1396 2102 ἐπιτηδευμάτων

202 2127 338 2209 ζηλωτὴς
368 2131 470 2213 τύχῃ,
503 2126 576 2209 ὅπερ
601 2129 688 2204 δνλοί
709 2129 760 2194 διίι
782 2133 835 2194 σοῦ
862 2129 1114 2209 ηκεχοιρισμίνω”
1137 2131 1302 2206 σροίττοιν·
1328 2132 1395 2196 οὐκ

201 2235 312 2302 ἄλλοι
344 2235 392 2314 δέ,
425 2236 467 2301 διὸ
502 2235 664 2316 ποοσέίνκε
695 2235 730 2302 τὸ
757 2234 912 2320 „troade”
954 2237 1060 2302 Nihili
1084 2244 1132 2302 set
1155 2237 1209 2301 οὐκ
1233 2237 1321 2302 ἄλλο
1345 2237 1394 2316 δέ,

201 2343 284 2428 quod
305 2345 443 2410 sentiens
462 2341 623 2410 Prallerua
646 2342 683 2426 ,ἢ
704 2342 832 2421 οίνωίίι”
853 2342 961 2408 addita
979 2343 1118 2409 volebat.
1147 2341 1258 2408 Potest
1270 2347 1392 2410 minore

201 2449 369 2516 molimine
398 2469 447 2516 rea
476 2449 622 2516 restitui:
647 2445 719 2529 ὅπερ
742 2450 832 2525 δηλοῖ
851 2449 904 2514 tre
933 2454 987 2514 τοῦ
1013 2451 1269 2533 ,κνχοιρισμίνοθ
1297 2450 1393 2532 προίσ-

200 2579 281 2622 σειν·
308 2558 347 2622 οὐ
371 2557 480 2624 κοινὰ
502 2557 551 2641 δέ,
576 2557 619 2622 διδ
642 2558 805 2636 σροσέίνκο
827 2556 862 2621 οδ
887 2556 1049 2634 „inludo”

247 2797 274 2849 ι,
300 2769 354 2836 33.
389 2770 523 2835 Amavit
547 2792 617 2848 me,
643 2809 685 2820 -
708 2769 821 2837 Ulixes
849 2773 971 2857 inquit,
998 2809 1039 2821 -
1065 2771 1173 2856 (lirae,
1197 2774 1319 2838 amavit
1342 2791 1392 2838 me

200 2876 356 2964 Calypso,
393 2883 503 2978 atque¹
523 2878 605 2943 mihi
638 2877 916 2944 immortalitatem
949 2876 1094 2964 pollicita
1126 2884 1193 2963 est,
1218 2876 1295 2943 ἄνοι’
1322 2879 1394 2956 ἐμὸν

201 2985 311 3051 οὔποτε
341 2984 434 3062 ίυμδν
466 2984 506 3049 ε’νί
539 2987 698 3060 στήθεσσιν
726 2983 851 3050 ἔπειίον.
897 2983 943 3049 At
973 3005 1030 3051 our
1051 2982 1178 3052 noluit?
1203 2984 1335 3071 Saepius
1358 2987 1392 3050 in
1509 3055 1511 3060 ,

200 3091 330 3156 scholiis
363 3092 422 3158 har
457 3092 496 3158 de
530 3113 564 3158 re
598 3103 707 3158 uotum
739 3099 803 3170 est,
836 3092 872 3178 (i.
904 3113 932 3156 a.
966 3092 1006 3157 ad
1041 3115 1056 3154 ε
1092 3091 1156 3156 211
1192 3098 1224 3157 et
1257 3090 1392 3178 ν257.)

200 3203 306 3263 nostro
341 3203 450 3264 eutem
472 3197 542 3265 loeo
565 3201 623 3264 sio:
651 3195 722 3272 ίσως
749 3200 806 3274 μὲν
830 3197 919 3264 κατ’
943 3194 1040 3264 ἄλλον
1064 3199 1215 3276 λογισμὸν
1239 3200 1292 3262 οὒκ
1315 3198 1398 3263 ἐπεί-

201 3307 268 3370 ίεσο
298 3305 311 3369 ί
336 3303 522 3383 Ὀδυσσεύς,
547 3306 631 3377 aitte
660 3306 731 3378 τοὺς
756 3307 885 3385 ε’ρῶνσοος
912 3304 1020 3371 ποίντοο
1044 3307 1101 3382 μὲν
1122 3305 1393 3387 ὑπισχνουμένους,

200 3413 235 3478 rh
260 3413 291 3476 δὲ
315 3421 371 3488 τῆς
391 3413 562 3486 οίίοονωσίοις
583 3413 622 3485 ὥς
641 3412 792 3477 ιίδίνοντον
811 3412 953 3494 οίνίριίσῳ
973 3413 1084 3478 δυῡνοοι·
1104 3414 1176 3493 πρὸς
1197 3412 1301 3489 μέντοι
1324 3413 1394 3486 τοὺς

202 3519 346 3590 Φοιίωκοις
376 3519 436 3601 οὐχ
465 3521 503 3591 ὡς
528 3516 699 3583 ἄπιστον
722 3519 830 3595 λέγει,
858 3521 929 3584 δοιοί
953 3521 992 3589 cir
1016 3519 1069 3583 arti
1093 3519 1269 3590 οίίωνωσίοις
1294 3541 1392 3584 mra-

201 3625 355 3708 φοοννίσοος
386 3625 466 3706 milo
488 3632 550 3700 ’τῆς
582 3624 738 3704 συνωρίδος·
770 3629 859 3690 τοῦτο
882 3626 945 3704 rep
969 3620 1056 3707 εἶχεν
1080 3627 1204 3690 αὐτοῦ
1229 3629 1282 3690 τοῦ
1308 3627 1391 3702 »ilaue

202 3734 273 3817 [τῆς
297 3733 455 3817 σωτρίδος]
480 3731 641 3798 ου’στωσιν.
665 3731 717 3818 (Τ)
743 3730 958 3797 Multilariam
980 3732 1058 3797 haee
1077 3737 1226 3817 norrupta
1249 3741 1341 3814 sunt,
1360 3739 1396 3797 nt

201 3840 266 3906 fere
288 3842 321 3904 in
344 3840 404 3906 hoo
430 3839 552 3917 codiee,
574 3843 621 3905 ita
638 3845 746 3904 tamen
765 3845 802 3903 ut
819 3859 902 3903 nuno
922 3838 1052 3924 quidem
1079 3838 1211 3904 vulnera
1235 3840 1389 3906 sanabilia

201 3947 275 4010 sint.
322 3949 369 4012 ho
388 3950 531 4032 primum
549 3945 616 4012 aina
636 3948 848 4012 controversie
867 3947 1014 4030 spurium
1033 3951 1082 4009 eet
1106 3953 1161 4020 τῆς
1186 3947 1331 4026 narniae
1354 3967 1394 4013 ex

201 4051 418 4140 dittographia
441 4061 564 4130 natum,
584 4072 646 4138 quo
665 4059 786 4118 retento
810 4051 893 4117 nihil
915 4053 989 4147 sani
1008 4073 1047 4118 ex
1071 4051 1141 4117 loeo
1161 4053 1333 4132 extundas,
1350 4089 1390 4104 -

187 4159 278 4244 ,quid
302 4159 388 4226 enim
412 4161 473 4225 sibi
497 4159 568 4226 vult
592 4155 657 4234 ἦίος
681 4167 735 4235 τῆς
759 4155 927 4239 serpitur?
941 4195 983 4208 --
996 4161 1096 4224 eieoto
1114 4157 1196 4223 nihil
1216 4161 1393 4226 remanebit

200 4265 408 4333 difficultatis.
456 4266 559 4332 Verba
590 4269 676 4332 enim
707 4269 754 4332 ita
784 4265 1021 4354 coniungenda:
1044 4269 1134 4330 τοῦτο
1163 4267 1226 4346 γὰρ
1250 4261 1320 4347 εἶχε
1344 4268 1396 4334 σιί-
1448 4278 1450 4288 “

200 4396 312 4439 στοιοιν
332 4378 385 4439 τοῦ
406 4375 489 4450 ἥίονς
511 4375 623 4450 αὐτοῦ,
642 4379 674 4437 et
693 4375 741 4439 ita
760 4373 1013 4459 interpretanda:
1034 4373 1111 4438 haee
1131 4375 1218 4439 enim
1233 4375 1395 4442 resbouae

200 4480 317 4549 indolis
336 4479 646 4548 commandationem
667 4477 759 4546 Ulixi
778 4479 978 4547 conciliabat.
1003 4477 1124 4546 Eadem
1144 4479 1209 4548 fere
1227 4482 1262 4547 in
1281 4481 1393 4548 eodem
