3318 5138
827 328 870 407 90

172 549 175 556 ·
253 537 357 598 tenter
392 543 636 616 proponentem,
662 531 752 616 quasi
776 551 850 596 vero
874 531 912 595 de
936 550 972 594 ee
995 550 1029 595 re
1053 529 1120 596 ulls
1144 530 1242 616 possit
1265 553 1331 597 esse
1353 526 1446 594 dnbi-

254 640 343 710 tatio,
375 645 441 702 tum
473 641 577 724 magis
609 640 706 702 etiem
739 636 920 702 Bekkerum
953 640 1098 722 ineptum
1130 637 1263 716 λέγομεν
1287 638 1354 702 sine
1377 634 1446 700 ulle

255 743 525 809 animadversione
567 747 765 808 retinentem.
803 780 844 791 -
881 767 915 816 τ,
955 741 1009 807 64.
1052 744 1165 817 νήνσαν
1199 743 1282 820 ξύλα
1318 741 1443 818 πολλοί,

255 850 338 932 φθως
371 847 454 928 ἔμεν’
490 851 539 925 tte
570 850 715 927 θέρεσθαι.
752 849 803 914 Ad
826 850 902 914 hoec
926 849 976 913 H:
1002 850 1102 914 λείπει
1127 849 1170 915 τὺ
1193 852 1251 924 είς
1276 857 1341 930 φῶς
1366 843 1444 913 εἶναι

255 958 307 1022 καί
331 957 551 1035 θερμαίνεσθαι.
584 956 673 1021 Hneo
696 958 741 1022 sie
765 955 910 1042 intellegi
935 965 1103 1042 nequeunt.
1130 961 1196 1022 Aut
1222 957 1444 1024 seribendum:

255 1066 356 1130 λείπει
387 1063 429 1128 τὸ
460 1066 498 1134 ὡς
523 1070 588 1143 φῶς
614 1059 708 1142 εἶναι,
734 1062 787 1128 vel
809 1067 908 1127 λείπει
934 1063 996 1128 πθ·
1023 1065 1079 1137 είς
1105 1065 1175 1150 (τὸ)
1198 1071 1264 1147 φῶς
1289 1059 1365 1128 εἶναι
1391 1063 1444 1127 καί

257 1171 480 1250 θερμαίνεσθαι.
517 1207 558 1220 -·
595 1169 738 1256 Denique
775 1172 813 1240 oe
849 1169 933 1236 mele
971 1171 1077 1236 obesse
1113 1173 1248 1238 arbitror
1283 1173 1317 1236 in
1351 1170 1447 1235 initio

255 1278 493 1364 Porphyrienae
524 1276 747 1362 disputationis
778 1277 817 1342 ad
848 1301 879 1352 ε,
916 1275 991 1360 118,
1024 1299 1062 1342 ex
1089 1276 1207 1357 HPQ'P
1232 1278 1351 1342 editoe:
1377 1277 1445 1340 ἐπι-

257 1385 479 1462 λαμβοίνινταί
502 1408 579 1456 τινες
603 1391 658 1458 τής
684 1388 851 1462 Καλυψοῦς
877 1385 909 1469 (d
920 1383 947 1467 ς)
973 1383 1129 1464 διαρρήδην
1159 1383 1445 1464 οὶναισχυντούσής,

257 1493 340 1557 unde
370 1489 458 1558 aliud
491 1490 589 1556 simul
619 1491 723 1556 levius
754 1489 908 1555 mendum
940 1493 1078 1556 eximere
1101 1491 1183 1556 nihil
1206 1492 1320 1557 obstet.
1367 1491 1447 1556 Post

257 1618 357 1684 pauca
379 1596 515 1686 legitur:
544 1597 766 1672 ὑπομιμνήσκει
792 1597 822 1661 δὲ
851 1594 1012 1683 (Calypso)
1037 1595 1098 1673 ὅτι,
1124 1598 1184 1674 ἐγὼ
1206 1598 1256 1662 δια
1275 1599 1449 1678 φιλανθρω-

259 1704 334 1768 πίαν
367 1705 519 1766 σπείσασα
543 1711 709 1781 κατεῖχον,
735 1704 764 1767 εί
790 1704 841 1767 καί
867 1703 879 1767 ὑ
906 1703 981 1768 Ζεὺο
1006 1712 1063 1788 νῆα
1087 1705 1152 1777 θοήν
1175 1705 1289 1784 οίργήτι
1314 1705 1447 1784 κεραυνῷ

258 1812 366 1890 βαλὼν
397 1807 520 1873 ἐκίασεν
553 1810 582 1872 ἕν
614 1809 697 1889 μέσῳ
729 1808 839 1888 πόντῳ.
886 1808 991 1874 Immo
1015 1831 1107 1876 vero:
1137 1810 1224 1875 ἐπεὶ
1251 1811 1302 1874 καί
1328 1811 1341 1874 θ
1367 1809 1445 1881 Ζεὺς

259 1925 325 1992 νῆα·
340 1952 360 1967 -
374 1953 393 1966 ·
409 1952 428 1965 -
452 1916 589 1992 ε’κίασεν,
615 1922 650 1980 ut
674 1916 757 2000 apud
779 1914 957 1981 Homerum
984 1922 1033 1982 est
1055 1923 1087 1982 et
1111 1917 1266 1982 sententie
1286 1915 1447 2001 postulet,

258 2045 332 2088 nam
363 2025 410 2088 ite
440 2023 569 2088 demum
602 2043 714 2088 verum
747 2043 813 2088 esse
838 2029 957 2107 potest:
982 2024 1130 2104 Φαίνεται
1154 2025 1185 2088 δὲ
1209 2022 1255 2089 ίτι
1279 2027 1312 2089 σύ
1336 2022 1386 2086 δια
1410 2025 1448 2088 τὸ

259 2131 428 2196 κωλύεσθαι
464 2129 643 2210 εύνιίζεσθαι
679 2129 875 2211 σχετλιαζει,
908 2131 996 2194 enno
1028 2130 1078 2194 διίι
1111 2132 1144 2196 τί
1174 2130 1377 2207 εὐλαβεῖσθαι
1401 2131 1447 2205 μή

258 2237 340 2319 ζήλῳ
362 2239 403 2314 τῷ
428 2240 497 2314 πρὸς
523 2237 619 2310 αὑτήν
642 2237 842 2301 ἀποκτείνωσι
867 2235 918 2300 τὸν
943 2235 1108 2302 Ὀδυσσέα.

304 2335 423 2411 Contra
442 2344 472 2422 δ,
493 2343 575 2408 143:
598 2343 725 2408 πλείονα
744 2344 806 2423 γὰρ
819 2343 928 2423 φιλίαν
943 2347 993 2408 καί
1008 2346 1160 2424 προσοχήν
1172 2339 1258 2424 εἶχον
1271 2343 1450 2429 (Menelaus

259 2459 292 2518 et
311 2449 447 2535 Helena)
460 2451 532 2531 πρὸς
546 2450 597 2514 τδν
610 2449 764 2516 Ὀδυσσέα
779 2450 857 2530 παρὸ
870 2454 941 2530 πρὸς
955 2451 1005 2514 ndu
1019 2450 1169 2530 Νέστορα,
1191 2451 1259 2514 καί
1279 2453 1324 2522 ὡς
1338 2451 1449 2526 οίκμοί-

260 2559 350 2640 ζοντα
364 2558 415 2622 καί
429 2565 610 2640 σφριγῶντα
623 2557 688 2642 (Ε),
702 2563 757 2622 eut
770 2557 822 2622 καί
835 2557 919 2623 male
931 2559 1079 2641 abundet,
1093 2564 1149 2622 eut
1166 2583 1185 2621 κ
1195 2559 1237 2623 αθ
1247 2559 1267 2622 ὑ
1279 2583 1293 2630 ς
1312 2559 1450 2624 seriben-

259 2667 338 2732 dum
358 2673 422 2742 est,
448 2665 531 2749 quod
550 2667 632 2729 inter
650 2663 729 2744 παρδ
749 2669 781 2729 et
797 2665 952 2730 κατίθυνον]
974 2665 1126 2730 obsonum
1148 2667 1264 2750 poterit
1283 2666 1449 2740 siderion

258 2776 379 2861 legitur
403 2794 432 2837 v.
447 2793 474 2836 o.
498 2772 581 2836 infra
604 2771 643 2836 ad
667 2797 700 2848 ε,
727 2771 810 2835 432:
836 2772 959 2842 καθὼς
985 2771 1017 2836 δὲ
1040 2773 1074 2836 ε’κ
1099 2771 1256 2846 θαλοίσσής
1277 2771 1448 2844 πολύποδος

258 2879 421 2958 ἑλκομένου
456 2877 559 2942 πυκνοὶ
591 2903 619 2942 κ.
639 2901 668 2942 σ.
700 2877 775 2943 λίθοι
808 2877 879 2958 πρὸς
912 2879 1131 2972 ταςαοτύλας
1156 2881 1348 2960 συνέχονται,
1372 2877 1449 2965 (Τ),

259 2985 528 3072 quemadmodum
569 2984 737 3070 Apollonio
771 2981 909 3071 Dyscolo
943 2988 978 3049 in
1012 2984 1134 3050 deliciis
1169 2991 1235 3063 est,
1271 3007 1328 3050 neo
1362 2987 1449 3072 apud

258 3091 445 3158 Strabonem
469 3089 609 3176 aliosque
633 3090 684 3155 vel
707 3090 740 3154 id
765 3093 878 3156 aetatis
902 3097 1045 3156 auctores
1065 3113 1181 3156 rerum.
1230 3091 1386 3157 Similiter
1407 3095 1448 3164 ὥς

259 3199 450 3264 eliciendum
485 3203 532 3262 est
567 3218 583 3262 e
615 3197 832 3284 dittographie
862 3211 969 3262 ortum
1002 3223 1035 3282 κ,
1063 3197 1117 3282 34,
1150 3200 1184 3262 in
1207 3201 1385 3264 narratione
1408 3197 1449 3264 de

257 3307 349 3372 sociis
377 3303 467 3369 Ulixi
490 3305 530 3370 ob
553 3303 644 3369 Aeoli
667 3309 773 3370 utrem
797 3303 1037 3380 insidiantibus,
1063 3307 1117 3388 qni
1142 3305 1182 3370 iis
1205 3324 1282 3370 euro
1303 3309 1450 3391 urgento·

257 3435 318 3500 que
353 3413 486 3478 refertus
517 3431 584 3477 esse
614 3410 791 3477 videbatur.
826 3413 889 3476 Διίι
923 3412 955 3475 τί
976 3412 1008 3475 οὑ
1030 3419 1178 3490 προεῖπεν·
1195 3412 1315 3488 aureum
1343 3410 1449 3486 ἐπειδή

257 3523 311 3586 ούκ
346 3518 473 3596 ήλπιζεν
508 3519 749 3591 ὑπονοήσαντας
788 3519 824 3602 [ὑ
836 3521 865 3601 ς]
901 3526 1122 3594 κακουργήσας.
1155 3517 1206 3581 καί
1238 3519 1300 3597 γὰρ
1330 3523 1388 3580 τῶν
1417 3519 1449 3582 ἐν

260 3625 395 3706 Ἰσμιίρω
413 3624 558 3704 λαφύρων
578 3628 632 3696 τήν
653 3625 719 3696 ίσήν
737 3633 844 3702 μοῖραν
865 3623 956 3689 ἔδωκε
976 3624 1027 3689 καί
1050 3631 1108 3689 τῶν
1132 3624 1246 3702 σίγρίων
1270 3626 1368 3702 αίγῶν
1393 3625 1447 3689 καί

258 3735 300 3800 τίι
324 3733 390 3812 περί
416 3731 611 3802 Κύκλωπας.
638 3728 689 3814 (Τ)
716 3729 851 3798 Credam
876 3752 987 3796 verum
1012 3753 1095 3796 esso:
1121 3731 1224 3806 ἐπειδή
1248 3733 1301 3796 οὐκ
1319 3732 1449 3812 ήλπιζεν

259 3841 485 3916 ὑπονοήσαντας
502 3842 723 3914 -κακουργήσαι
749 3875 789 3886 -
815 3837 846 3902 id
873 3847 938 3914 est,
963 3835 996 3912 ἐξ
1022 3837 1160 3910 ὑπονοίας
1184 3838 1296 3910 αὐτοὺς
1322 3843 1447 3918 κακὺυρ·

258 3955 356 4028 γήσαι
374 3985 409 3996 —
425 3952 457 4011 et
476 3951 549 4008 τῶν
572 3943 637 4022 περί
664 3943 798 4007 Κύκλωπ
807 3968 839 4008 α.
866 3981 907 3992 ·-
933 3943 1070 4010 Unicum
1092 3945 1220 4011 tandem
1240 3945 1347 4010 looum
1368 3945 1449 4030 vidi,

146 4101 152 4114 ι
259 4057 315 4120 nbi
352 4053 402 4118 καί
438 4054 477 4124 cte
508 4051 600 4116 ambo
630 4049 855 4115 desiderentur.
888 4051 938 4116 Ad
967 4077 1002 4126 ο,
1028 4051 1113 4116 214:
1139 4047 1217 4116 θστα
1242 4076 1281 4130 γε
1306 4053 1341 4126 δή
1367 4049 1446 4128 ξύμ-

260 4185 367 4226 παντα
398 4163 468 4224 θεῶν
491 4159 587 4232 ίθτήτι
611 4157 741 4234 μόγησα
766 4158 825 4223 hoe
849 4157 1042 4242 (Nicanoris)
1068 4157 1215 4224 Soholiou
1245 4167 1292 4223 est
1315 4159 1348 4222 in
1372 4157 1446 4222 Bu:

260 4273 349 4332 τοῦτο
373 4267 431 4346 αφ’
455 4265 560 4342 ἑτέρας
584 4267 684 4343 ἀρχῆς
709 4264 739 4327 ἕν
763 4265 937 4344 θαυμασμῷ
963 4265 1172 4345 οίνεφςίνήσεν·
1198 4247 1374 4350 (hueusque
1398 4265 1446 4344 133

261 4371 446 4460 Tperglt:)
482 4368 540 4451 „de
571 4371 600 4440 κ’
633 4371 688 4448 ἐμὲ
711 4369 762 4434 τὸν
785 4369 927 4442 δύστανον
952 4371 1027 4448 ε’μής
1049 4372 1218 4448 ἐπιβήσετε
1243 4370 1361 4450 ποίπρής
1392 4407 1448 4422 ··-

262 4479 380 4562 δύμα.”
404 4485 463 4568 (ve.
489 4477 693 4561 223-225.)
717 4479 856 4561 Apparet
879 4478 956 4543 hese
981 4479 1025 4542 ita
1049 4479 1238 4543 conectende
1260 4499 1342 4545 esse:
1359 4515 1378 4528 -
1393 4515 1412 4530 -
1427 4517 1447 4530 -
