3318 5138
752 307 796 387 85

175 505 274 576 dubie
304 509 482 576 Aristarchi
512 510 804 596 interpretationem
828 516 969 586 secutus,
995 515 1031 576 ut
1054 507 1286 577 Aristonieeam
1312 530 1365 576 no·

176 625 246 684 tam
270 620 441 682 conterenti
460 619 601 703 patebit,
622 617 765 684 confudit
781 619 818 683 de
838 639 925 684 more
946 615 1127 705 Hesychius
1140 625 1179 699 (s.
1192 639 1223 683 v.
1238 617 1363 705 κλητός)

173 727 388 790 recentiorum
417 726 675 810 pronunciatione
698 725 731 788 in
754 745 891 790 errorem
914 725 1074 790 inductus.
1101 722 1126 809 ¹)
1151 761 1193 774 -
1217 751 1257 803 μ,
1286 723 1363 792 279.

176 835 230 918 (ex
249 831 318 919 BQ)
343 832 506 911 σχέτλιιςι
533 831 717 912 καρτερικός,
743 833 906 904 dulciora.
932 835 998 897 cal
1023 832 1053 896 ἐν
1072 829 1180 896 Ἰλιάδι
1195 830 1363 914 „exiruis

175 940 260 1016 ἐσσι,
293 939 419 1017 γεραιέ,
451 937 489 1002 σὺ
521 938 578 1015 μὲν
610 938 699 1004 πόνου
730 939 840 1004 οὔποτε
872 938 1009 1017 λήγεις.”
1033 945 1088 1018 (K,
1120 937 1210 1020 164.)
1238 975 1278 986 -
1305 937 1364 1003 Est

174 1053 283 1111 tamen
308 1045 361 1111 vel
383 1046 417 1110 in
442 1045 491 1112 his
519 1047 598 1112 locis
621 1067 703 1112 unus
726 1052 759 1111 et
782 1045 879 1123 alter,
904 1047 961 1111 ubi
983 1047 1021 1118 ὥς
1042 1066 1136 1133 aegre
1160 1047 1267 1110 abesse
1291 1065 1363 1111 sen·

173 1155 277 1217 timus
320 1158 352 1217 et
387 1150 542 1218 Codicum
559 1165 561 1170 '
578 1154 737 1219 dissensus
772 1154 995 1218 auctoritatem
1031 1172 1140 1218 eorum
1176 1150 1363 1226 labetactet,

174 1258 261 1343 quod
284 1264 317 1324 et
342 1261 376 1322 in
400 1279 435 1324 eo
459 1263 649 1344 usuvenit,
675 1281 768 1345 quem
793 1261 935 1346 primum
959 1259 1182 1332 exhibuimus,
1208 1271 1240 1323 et
1259 1259 1364 1345 magis

174 1367 275 1430 etiam
305 1367 340 1428 in
369 1385 423 1442 eo,
456 1366 494 1431 de
527 1387 590 1452 quo
620 1388 704 1432 nunc
732 1387 842 1431 sumus
867 1369 977 1432 acturi.
1025 1365 1078 1430 Ad
1102 1366 1136 1450 δ,
1162 1363 1244 1442 692,
1269 1362 1364 1430 ἄλλον

174 1473 204 1536 κ’
239 1471 396 1550 ἐχθαίρῃσι
427 1473 555 1550 βροτῶν,
589 1471 684 1538 ἄλλον
716 1496 749 1536 κε
773 1474 878 1550 Φιλιιίι
904 1483 950 1538 est
974 1475 1006 1536 in
1029 1472 1156 1552 BhPQ:
1182 1469 1306 1548 βέλτιον
1330 1471 1364 1534 τὸ

176 1580 231 1656 ,,ε’ν
255 1578 357 1658 lipsa?
382 1580 478 1664 (quod
497 1579 696 1664 praecedenti
718 1600 809 1644 versu
829 1579 962 1666 legitur)
980 1587 1041 1652 τοῖς
1062 1577 1123 1644 ἄνω
1145 1579 1363 1660 πρισδίδισθιιι.

174 1687 211 1750 τὸ
245 1686 276 1750 δὲ
310 1685 521 1766 ,,ἕχθιιι’ριισιν”
553 1687 588 1772 (-
608 1689 685 1767 oper)
720 1685 786 1749 olari
811 1693 864 1752 τοῦ
890 1686 1079 1768 ἐχθαίρῃ,
1105 1688 1171 1751 aul
1196 1687 1229 1750 rb
1256 1685 1365 1765 „legibs

174 1789 208 1862 ὃς
240 1817 275 1856 κε
306 1791 453 1872 thalme?
483 1795 533 1878 (Φ,
561 1791 650 1880 12¹7),
684 1793 753 1856 clari
789 1797 841 1857 τοῦ
866 1791 994 1874 dalye.
1041 1792 1188 1857 Primum
1212 1813 1287 1858 cum
1311 1811 1367 1876 pro

176 1900 245 1964 sai
282 1899 317 1964 τὸ
353 1899 407 1964 ΒΡ
438 1901 607 1987 praebeant
640 1899 731 1979 πρὸς
764 1899 820 1976 ri,
853 1900 936 1984 quod
966 1900 1018 1964 hic
1042 1920 1102 1965 non
1127 1901 1232 1985 magis
1255 1905 1367 1984 aptum

175 2015 241 2082 est,
277 2010 312 2070 in
335 2008 450 2072 horum
474 2011 620 2072 omnium
644 2007 816 2092 archetypo
841 2005 925 2093 sigla
948 2005 1044 2084 luisse
1069 2012 1216 2092 apparet,
1239 2027 1279 2070 ex
1303 2025 1366 2090 qua

176 2133 254 2178 cum
285 2133 348 2178 non
377 2115 542 2181 commode
573 2115 638 2202 legi
671 2120 794 2200 poterat
824 2133 896 2197 pars
927 2112 1101 2178 scribarum
1131 2114 1182 2176 aei
1207 2112 1364 2189 fecerunt,

175 2239 251 2306 pars
275 2221 389 2304 πρὸς,
413 2241 487 2298 nos,
512 2229 617 2286 nostro
640 2221 709 2285 iure
733 2218 881 2306 copulam
905 2225 989 2284 certe
1012 2219 1244 2305 improbantes,
1275 2220 1368 2283 unice

176 2328 393 2393 necessarium
415 2328 461 2397 ὥς
481 2347 637 2392 eruemus.
664 2325 730 2392 Gur
747 2333 856 2393 autem
877 2328 969 2391 unice
992 2321 1223 2392 necessarium?
1243 2324 1366 2389 Dicam.

176 2433 274 2498 Prior
304 2430 426 2498 Scholii
460 2453 531 2518 pars
568 2433 705 2516 (βέλτιον
735 2468 787 2482 --
803 2469 822 2482 -
846 2432 1068 2518 coustituetur)
1101 2431 1267 2496 Nicanoris
1301 2450 1369 2494 esse

177 2538 288 2626 palam
319 2546 375 2604 est.
424 2537 511 2620 Quae
542 2548 734 2626 sequuntur:
765 2541 800 2604 rt
832 2541 864 2604 δὲ
896 2537 1074 2619 »ἐχθαίρῃσι
1104 2551 1172 2601 κτλ.
1198 2537 1368 2602 Aristonici

176 2651 256 2712 sunt
291 2651 496 2730 spectantque
532 2646 638 2732 diplen
674 2646 863 2712 Aristarchi.
910 2645 1001 2710 Unde
1035 2645 1094 2711 hoc
1137 2646 1210 2709 sciri
1252 2645 1367 2728 possit,

175 2756 292 2819 statim
329 2753 503 2837 apparebit.
540 2751 601 2818 Sed
636 2755 725 2838 prius
756 2773 891 2838 quaero,
926 2773 982 2818 our
1010 2751 1138 2838 tandem
1162 2753 1188 2816 si
1213 2740 1369 2830 ἕχθιιίιῃσι

176 2857 287 2924 valeat
323 2859 448 2940 ἐχθαίρῃ
484 2859 689 2924 Aristarchus
724 2881 791 2925 rem
834 2858 1150 2946 pervulgatissimam
1183 2857 1370 2942 explicuerit

175 2965 320 3049 adeoque
343 2965 490 3050 exemplo
514 2965 758 3032 confirmaverit.
807 2965 936 3031 Poterat
956 2971 1102 3030 sexcenta
1125 2963 1202 3030 talia
1222 2963 1369 3028 excitare.

174 3072 242 3138 Sed
272 3074 400 3158 scripsit
427 3072 628 3139 Aristonicus
658 3074 740 3159 quod
765 3069 967 3138 Aristarchus
989 3073 1152 3138 voluerat:
1177 3072 1212 3135 rb
1238 3071 1268 3135 a
1294 3071 1369 3151 „ix-

174 3179 316 3260 tetrae?
347 3181 415 3244 eluci
448 3184 501 3244 τοῦ
527 3181 731 3258 ἕχθιιίριι,
756 3183 802 3251 ὡς
826 3183 860 3245 τὸ
887 3179 996 3260 »ἰχθὺς
1022 3175 1052 3250 dc
1077 3203 1111 3242 κε
1134 3178 1276 3261 molyns?
1299 3177 1367 3242 riori

174 3292 232 3352 τοῦ
258 3286 407 3369 osser,
433 3289 466 3352 in
489 3287 698 3373 quibuscum
722 3286 888 3352 Palatinus
912 3287 1059 3372 praebeat
1082 3287 1227 3369 ἑχθιιίροι,
1248 3305 1371 3352 omncs·

174 3413 240 3479 que
264 3399 303 3457 ot
325 3392 453 3457 videtur
476 3392 596 3470 φάγοι,
617 3393 849 3470 Buttmannus,
871 3396 931 3459 etsi
949 3393 1140 3468 dubitanter,
1159 3391 1241 3476 quod
1256 3412 1368 3456 verum

174 3507 227 3566 est
264 3500 413 3575 retinuit,
450 3497 632 3564 Dindorhus
664 3503 697 3564 in
728 3501 817 3585 peius
849 3503 999 3564 mutavit.
1047 3499 1252 3563 Aristarchus
1283 3501 1369 3562 enim

174 3603 373 3691 quibusdam
409 3607 442 3668 in
476 3604 555 3669 locis
589 3605 794 3671 Homericam
829 3606 975 3692 linguam
1005 3629 1038 3668 κε
1068 3626 1141 3670 oum
1166 3607 1368 3670 coniunctivo

173 3713 295 3777 habere
331 3711 386 3776 ubi
421 3713 575 3777 recentior
615 3711 726 3799 lingua
766 3716 944 3798 optativum
986 3733 1058 3776 cum
1098 3709 1134 3774 siv
1178 3711 1369 3780 desideraret

174 3819 360 3903 contendit,
396 3837 433 3883 eo
468 3820 652 3904 praesertim
688 3818 818 3884 consilio
853 3825 889 3884 ut
919 3818 993 3883 hine
1024 3816 1182 3882 stabiliret
1213 3837 1303 3880 suam
1329 3815 1367 3880 ds

177 4007 352 4020 --—-
577 3997 584 4026 i

212 4137 238 4196 l)
257 4134 368 4184 Plotius:
388 4129 509 4188 ssa-osor
522 4133 580 4192 (sic)·
596 4126 668 4192 δόξα,
682 4133 711 4180 ad
726 4147 785 4196 quae
795 4131 917 4180 Naberus:
936 4132 1031 4182 „Glosee
1041 4131 1137 4181 mutila:
1150 4131 1208 4180 latet
1217 4125 1368 4196 κλυτοτόξῳ,

174 4219 215 4268 sel
240 4217 318 4266 simile
335 4215 419 4280 qnid''.
456 4215 511 4264 ihil
527 4231 581 4264 eum
599 4216 767 4280 huncquoque
785 4215 886 4278 glossam
905 4216 933 4264 ad
950 4231 977 4264 ea
996 4215 1129 4271 traherem,
1147 4216 1176 4262 ds
1194 4215 1281 4278 quibua
1298 4232 1369 4282 snpra

174 4311 323 4374 disputatur.
360 4307 431 4354 Nunc
454 4305 622 4371 simpliciorem
639 4305 780 4356 medicinam
798 4307 917 4371 praefero:
936 4303 1072 4360 κλυτός·
1091 4299 1235 4364 iudaice,
1254 4312 1281 4354 ut
1298 4323 1368 4370 expo-

176 4399 246 4448 nitur
269 4397 293 4445 in
320 4395 504 4460 etymologiae,
531 4400 665 4462 spectatque
693 4397 749 4446 haec
775 4397 852 4462 glossa
878 4397 1006 4446 Homerica
1028 4395 1079 4444 illa:
1100 4395 1188 4452 κλυτὸς
1208 4393 1371 4458 ‘irradiasse

175 4487 219 4548 (B,
240 4483 299 4548 lii)
318 4489 342 4532 et
359 4485 450 4541 κλυτὸς
471 4479 622 4548 Ἀμφιτρίτη
644 4485 683 4548 (r,
700 4487 767 4546 422),
787 4485 825 4534 ubi
844 4487 943 4535 videmia
962 4485 1062 4535 Scholia.
