3318 5138
774 361 839 434 149

213 560 412 639 Τριτογένεια
448 561 578 627 haecce:
613 560 813 640 Τριτογένεια
846 561 863 635 »3
895 558 1056 640 Φρθνιροιο,
1088 555 1163 622 καθὸ
1193 561 1291 638 τρθτιν
1315 555 1411 650 γένος,

211 667 296 743 ἤτοι
319 668 449 733 cartauc
472 675 527 743 τῆς
551 671 678 752 ψυχῆς,
703 667 842 747 τριμερὴς
867 666 930 744 γὰρ
954 668 971 741 »3
991 665 1094 747 ψυχή.
1114 665 1131 741 »3
1152 665 1229 731 οὶτθ
1251 672 1303 733 τοῦ
1323 675 1403 748 τρεῖν

97 856 98 864 ¹
211 774 264 838 καὶ
298 774 465 855 φοβεῖσθαι
498 783 560 847 τοῖς
592 774 735 846 ἐναντίοις
768 771 1033 852 παρέχοντα·
1066 773 1083 848 3
1109 772 1161 838 διὰ
1184 774 1256 853 τρθα
1278 780 1404 852 ταῦτα,

210 880 262 946 διὸ
274 881 309 946 τὸ
322 881 535 963 εὐλογθζεοθαι
555 881 793 969 (‚,scribsndum
806 877 838 947 εὖ
850 878 1055 959 λογίζεσθαι”,
1076 878 1174 945 Dind.
1186 879 1289 947 Praaf.
1302 903 1331 968 p.
1346 881 1405 968 In),

210 988 261 1052 διὰ
295 990 330 1052 τὸ
364 990 469 1067 λέγειν
501 995 622 1065 καλῶς,
654 989 706 1053 καὶ
737 986 789 1054 θιοὶ
819 987 853 1050 τὸ
885 986 1034 1067 τροθττειν
1056 982 1078 1052 »i
1103 985 1158 1053 δεῖ.
1204 986 1276 1054 Non
1299 986 1404 1054 mulia

210 1094 279 1160 vidi
301 1093 428 1161 Scholia
451 1098 542 1181 peius
566 1101 723 1181 excerpta.
772 1093 868 1159 Mitto
891 1093 974 1179 quod
996 1093 1171 1159 necessario
1200 1095 1403 1160 scribendum

209 1207 258 1266 est
283 1204 300 1278 »3
323 1203 466 1283 Φρθνκοις
491 1203 565 1267 καθὸ
588 1203 687 1283 τρίτον
710 1201 797 1280 γένος
819 1201 905 1266 έοτθ
927 1201 1056 1266 καθόλου
1081 1208 1136 1276 τῆς
1156 1206 1284 1282 ψυχῆς,
1306 1203 1401 1267 mitto

209 1309 293 1393 quod
313 1307 437 1375 exitum
460 1330 524 1375 non
545 1311 670 1375 invenit
692 1307 767 1374 talis
786 1309 997 1374 constructio:
1022 1307 1038 1382 »3
1063 1306 1142 1371 ατο
1155 1313 1235 1396 τοῦ
1257 1315 1336 1390 τρεῖν
1348 1308 1401 1374 καὶ

208 1415 376 1494 Φοβεῑοθαι
401 1423 463 1488 τοῖς
489 1416 633 1488 έναντθοιι
659 1409 920 1498 παρέχουσα,
945 1434 1024 1499 quae
1046 1415 1144 1481 verba
1163 1418 1270 1481 autin
1290 1415 1306 1489 »3
1325 1416 1401 1481 ἀπὸ

209 1526 280 1586 τοῦ
309 1532 388 1603 τρεῖν
420 1558 440 1572 -
454 1557 474 1574 -
488 1559 510 1572 -
540 1523 625 1599 παρέ
635 1545 729 1602 χειν
757 1520 910 1586 mutanda
938 1526 1012 1586 sunt
1045 1521 1104 1608 (ita
1127 1521 1191 1588 fere
1215 1517 1403 1608 Apollonius
1483 1514 1486 1527 '

210 1624 361 1721 Sophista
381 1632 403 1694 i.
417 1629 475 1715 a),
495 1635 551 1695 aut
570 1631 605 1693 in
626 1631 642 1692 »3
663 1627 727 1716 (Ἡ)
749 1630 802 1692 τοῦ
820 1635 932 1708 τρεῖν·
947 1662 967 1676 -
981 1661 1001 1677 ·
1015 1628 1186 1716 (αἰτίαν)
1206 1627 1402 1711 παρέχοντα.

206 1731 271 1799 Sed
295 1735 496 1823 intellegisne
516 1757 572 1800 cur
595 1735 740 1801 Minerva
757 1734 957 1815 Τριτογένεια
977 1734 1103 1800 dicatur
1122 1735 1172 1800 δια
1192 1737 1263 1815 τρθα
1283 1741 1401 1821 ταῦτα,

204 1839 258 1906 διὰ
282 1842 317 1906 τὸ
341 1839 374 1908 εὖ
398 1842 576 1924 λογίζεσθαι
600 1839 691 1908 aral
715 1841 876 1908 Haeccine
898 1843 1001 1929 igitur
1022 1863 1097 1928 prae
1120 1845 1253 1909 caeteris
1276 1843 1398 1910 Miner·

203 1968 266 2014 raa
289 1952 446 2014 munera?
470 1949 543 2015 Non
567 1952 685 2035 opinor.
711 1948 774 2014 Sed
797 1947 873 2014 haec
897 1950 998 2014 nostri
1021 1947 1142 2015 Scholii
1160 1971 1232 2036 pars
1254 1957 1401 2037 excerpta

203 2061 316 2121 estex
340 2056 451 2122 eodem
475 2061 621 2136 auctore,
646 2056 730 2121 unde
753 2053 913 2120 fluxerunt
937 2075 1018 2140 qnae
1041 2054 1158 2121 melius
1182 2056 1222 2121 ad
1250 2057 1342 2122 Iliad.
1374 2067 1400 2124 Θ

206 2160 250 2226 39
285 2165 318 2226 in
354 2161 474 2228 Veneto
505 2161 549 2240 B,
581 2164 616 2226 in
650 2160 851 2246 Victoriano,
885 2164 919 2226 in
942 2161 1100 2246 lipsiensi
1123 2161 1293 2250 leguntur,
1318 2164 1402 2249 quod

205 2288 308 2354 neque
336 2265 537 2333 Dindorfinm
566 2289 667 2353 neque
695 2267 931 2332 Buttmannum
961 2271 1123 2334 monuisse
1151 2272 1266 2334 miror:
1291 2268 1399 2348 Δνιμθ-
1473 2320 1476 2338 .

206 2399 305 2457 κριτος
339 2375 369 2440 δέ
394 2375 588 2453 ἐτυμολογῶν
612 2379 647 2439 τὸ
675 2373 771 2452 ὄνομα
795 2376 890 2456 φασιν
914 2371 960 2438 ὅτι
985 2376 1015 2462 (ἡ
1041 2375 1126 2459 add.)
1149 2376 1291 2456 Φρθνιροθς
1317 2378 1399 2443 έττιν

206 2484 269 2565 ἀφ’
292 2479 325 2559 ἧς
348 2481 516 2560 ονριβαθνει
540 2481 611 2562 τρθοι
634 2482 863 2559 απογεννῖισθαι
885 2480 1014 2559 οὶγαθιθ,
1036 2477 1069 2546 εὖ
1087 2482 1277 2564 λογίζεσθαι,
1294 2484 1398 2563 λέγειν

206 2595 330 2666 καλῶς,
363 2589 510 2669 τριθττειν
537 2585 559 2653 θ
584 2587 639 2653 δεῖ.
685 2587 756 2652 Iar'n
780 2592 911 2673 apparet
933 2589 966 2652 in
990 2594 1097 2653 nostro
1121 2588 1247 2655 Scholio
1271 2591 1400 2679 singula

206 2699 255 2762 ita
277 2717 344 2762 esse
367 2695 597 2762 connectenda:
622 2693 822 2773 Τριτογένεια
847 2697 864 2768 »3
888 2692 1050 2775 Φρθνιισιο,
1077 2695 1163 2771 ἤτοι
1195 2697 1269 2760 καθὸ
1299 2699 1399 2778 τρίτον

208 2803 295 2884 γένος
328 2805 417 2868 ἐστὶ
447 2803 577 2869 καθόλου
606 2811 662 2876 τῆς
693 2808 822 2882 ψυχῆς·
854 2825 939 2881 τριμ.
968 2826 1002 2879 γ,
1030 2803 1048 2878 »3
1072 2805 1183 2884 ψυχή·
1211 2805 1228 2879 »3
1253 2805 1303 2871 tri
1329 2807 1399 2888 τρθα

206 2915 332 2989 ταῦτα,
354 2910 405 2976 διὰ
427 2910 462 2973 τὸ
487 2907 521 2976 εὖ
544 2907 722 2990 λογίζεσθαι
750 2921 833 2982 κτλ.ς
858 2914 954 2994 atque
977 2911 1024 2974 ita
1046 2910 1097 2974 tra
1120 2916 1226 2977 ταῦτα
1248 2933 1312 2979 non
1335 2933 1401 2980 am·

206 3017 294 3104 plius
320 3017 474 3084 referetur
505 3016 545 3083 ad
580 3037 690 3082 rocem
726 3015 945 3100 Τριτογένεια,
980 3051 1020 3065 -—
1054 3022 1135 3083 esset
1170 3021 1256 3084 enim
1293 3021 1402 3086 absur-

207 3125 287 3190 dum
311 3162 354 3206 .-
379 3125 434 3190 sed
456 3123 497 3190 sd
519 3123 672 3205 Φρθννιιιν.
697 3123 803 3189 Simul
831 3129 864 3189 et
892 3123 953 3189 hoc
984 3129 1088 3208 patet,
1121 3125 1217 3192 verba
1247 3127 1264 3202 »3
1297 3131 1314 3204 ἡ
1346 3133 1400 3194 τοῦ

207 3240 288 3312 τρεῖν
320 3268 340 3282 -
353 3265 373 3281 -
404 3232 587 3312 παρέχουσα
620 3229 903 3316 (quemadmodum
935 3230 1169 3295 emendandum
1197 3235 1358 3324 proposui)
1381 3256 1402 3324 c

207 3341 316 3406 medio
350 3359 460 3406 eorum
496 3359 577 3424 quae
607 3338 796 3403 conturbant
827 3336 953 3401 sublata
984 3342 1056 3422 post
1087 3338 1184 3404 verbe
1208 3339 1400 3418 »retraetari

208 3446 258 3513 iri
288 3445 469 3513 collocanda
509 3465 593 3522 esse,
631 3451 669 3510 ut
701 3463 817 3510 noram
848 3445 985 3508 nominis
1017 3446 1174 3531 originem
1209 3455 1402 3533 proponant,

209 3555 280 3628 cni,
317 3553 401 3638 quod
432 3555 466 3616 in
497 3557 681 3617 transcursu
712 3569 841 3627 moneo,
873 3551 987 3614 acriter
1018 3549 1202 3635 obloquitur
1236 3553 1401 3641 Etymolo·

207 3662 320 3747 gicum
350 3657 510 3746 Magnum
540 3660 563 3723 i.
576 3681 619 3741 n,
651 3662 779 3723 auctore
810 3676 906 3721 usum
938 3652 1170 3736 (lhoerobosco,
1203 3659 1259 3744 qui
1282 3681 1340 3726 sua
1363 3663 1402 3730 da

208 3786 298 3832 more
320 3765 502 3832 Herodiano
525 3764 628 3830 debet.
652 3763 741 3829 Haeo
768 3782 848 3847 qnae
869 3763 902 3826 in
926 3783 1020 3826 suum
1045 3761 1152 3828 locum
1176 3765 1301 3852 regredi
1323 3771 1404 3834 iussi

208 3878 319 3938 utrum
339 3871 541 3956 descriptoris
570 3891 610 3936 an
637 3871 828 3954 excerptoris
859 3871 940 3934 ritio
970 3868 1107 3934 alienam
1140 3870 1246 3936 sedem
1271 3892 1402 3960 occupa-

209 3981 314 4048 verint
341 3979 477 4044 nuncin
497 3977 602 4044 medio
622 3976 776 4061 relinquo.
801 3975 994 4063 Pergamus:
1019 3979 1190 4042 nonenim
1214 3977 1403 4048 dilucidiora

207 4092 284 4152 sunt
302 4105 383 4170 qnae
402 4086 436 4149 in
455 4090 561 4150 nostro
582 4082 710 4150 Scholio
730 4081 879 4148 continuo
898 4089 1083 4167 sequuntur,
1103 4085 1165 4148 nisi
1184 4087 1302 4150 iterum
1315 4108 1401 4154 oom-

206 4199 366 4279 ponantur
389 4213 465 4257 cnm
485 4190 613 4257 Scholio
633 4190 732 4256 Iliaco
753 4211 847 4275 snpra
869 4195 1054 4254 memorato.
1079 4189 1196 4256 Nostra
1215 4190 1291 4258 haec
1311 4215 1401 4280 prae-

208 4301 286 4366 bent
312 4297 554 4384 (Τριτογένεια);
584 4297 601 4373 »3
630 4300 668 4369 ὥς
693 4298 726 4360 ἕκ
750 4303 835 4377 τριῶν
859 4296 1099 4373 οννανξνθεΐοοι,
1123 4296 1302 4378 βροντῆς,
1328 4303 1401 4376 Διὸς

208 4405 277 4471 καὶ
302 4404 464 4484 Τρίτωνος.
487 4404 673 4489 Quicunque
693 4401 894 4489 explicuerit,
917 4423 957 4468 ne
985 4403 1212 4468 obscuritatem
1239 4426 1277 4470 ex
1301 4411 1403 4478 nimia

209 4513 397 4599 excerpendi
427 4514 583 4582 brevitate
611 4516 721 4578 natam
751 4530 1016 4586 commemorem,
1050 4529 1112 4596 quo
1147 4511 1275 4579 tandem
1309 4523 1402 4603 paeto
