3330 5144
831 341 897 412 234

270 530 369 602 lumie
393 535 593 612 revertisset,
618 555 651 601 ee
673 534 787 600 urbem
811 538 844 607 in
869 533 1024 622 Argolide
1050 537 1079 600 ei
1098 535 1249 602 daturum
1271 535 1370 603 fuisse
1387 555 1462 621 prae

270 641 373 710 sterili
396 642 454 709 illa
476 643 587 708 Ithaca
609 641 817 730 florentem·

361 751 416 814 καί
439 750 472 814 κέ
496 751 521 814 υἱ
542 752 658 829 ”Apye'i
681 747 781 813 νάσσα
806 746 893 812 πθλνν
917 747 969 812 καὶ
995 747 1114 824 δώματ’
1140 747 1268 828 ἔτευξα,
1283 786 1302 799 -
1317 785 1337 800 -
1351 785 1370 798 -

308 914 310 918 ,
361 858 416 922 καθ
439 880 473 921 κε
497 855 572 933 θάμ’
596 855 695 920 ἐνθάδ’
720 853 818 927 ἐόντες
844 854 1025 933 ἐμισγόμεθ’
1049 855 1115 921 οὐδὲ
1139 879 1190 922 κεν
1216 855 1316 936 ἡμέας

361 961 602 1042 arrotrebarum
627 959 770 1043 φιλέοντέ
793 985 829 1025 τε
853 961 1027 1041 τερπομένω
1052 986 1106 1041 τε,

361 1069 429 1150 πρθν
454 1065 540 1146 siu
565 1069 599 1143 dd
625 1067 777 1134 Θανάτοιο
801 1069 903 1144 μέλαν
929 1069 1019 1149 νέφος
1043 1068 1288 1152 ἀμφεκάλυψεν.

270 1176 398 1242 Scholia
429 1176 491 1242 duo
521 1176 561 1242 ad
591 1175 648 1241 hos
678 1195 804 1260 versus,
829 1177 863 1239 in
887 1173 953 1249 MQ
979 1181 1120 1254 servata,
1144 1179 1179 1241 in
1201 1183 1335 1262 utroque
1357 1176 1462 1242 codice

270 1283 446 1349 ridiculum
469 1283 503 1347 in
528 1281 659 1347 modum
681 1284 729 1346 ita
753 1281 883 1346 confusa
907 1287 999 1365 sunt,
1025 1287 1062 1347 ut
1085 1302 1157 1368 pars
1177 1303 1299 1360 eorum,
1323 1303 1402 1369 quae
1422 1281 1462 1348 ad

271 1393 413 1477 primum
445 1392 655 1475 pertinerent,
686 1389 792 1454 medio
824 1387 916 1454 alteri
943 1401 1062 1477 magno
1094 1411 1168 1455 cum
1200 1391 1365 1474 utriusque
1394 1408 1463 1454 een·

271 1501 390 1563 tentiae
424 1496 615 1563 detrimento
644 1493 736 1560 illata
767 1494 923 1582 legantur.
971 1494 1065 1561 Prius
1097 1496 1239 1562 ennolion
1269 1501 1314 1564 cic
1338 1496 1461 1562 editur:

272 1603 339 1670 real
371 1626 422 1668 ara
446 1601 564 1677 induc:
589 1603 642 1666 οὐκ
667 1601 697 1664 ἕν
720 1609 758 1683 τῇ
784 1601 933 1685 Σπάρτῃ,
956 1601 1032 1666 άλλ’
1058 1602 1087 1666 ἐν
1111 1597 1166 1683 dap
1190 1613 1228 1684 τῇ
1253 1603 1358 1687 χώρα,
1381 1602 1462 1668 alte·

272 1731 346 1775 rum
380 1712 442 1774 sic:
475 1706 554 1774 άλλυ
583 1707 721 1787 δνέκρννει
753 1708 835 1772 οὐδὲν
868 1708 939 1784 ἡμῖν
966 1706 1099 1789 διέζευξε
1122 1715 1177 1782 τῆς
1201 1709 1313 1788 Φιλίας
1338 1709 1392 1783 τὴν
1416 1709 1462 1774 εὖ·

273 1814 440 1898 φρασθνὴν,
463 1816 480 1891 ἡ
506 1811 605 1879 ἴθυνε
630 1814 737 1878 κατά
761 1813 958 1894 dialexim
984 1811 1095 1889 ἡαενν
1120 1815 1218 1894 πρὸς
1241 1817 1460 1892 άλλὴλυυς,

272 1924 354 1997 αλὴν
377 1921 518 1994 θάνατος.
564 1921 630 1986 Nec
653 1921 889 1986 Buttmannum
911 1941 969 1985 nec
991 1920 1191 1987 Dindorfinm
1218 1923 1352 2000 vidisse,
1367 1943 1462 2009 quam
1525 1923 1526 1928 ’

272 2027 454 2094 ioculariter
483 2029 559 2094 haec
590 2030 742 2113 permista
765 2028 844 2092 sint!
870 2026 974 2092 Nemo
997 2029 1083 2093 enim
1107 2032 1292 2115 praesertim
1317 2029 1462 2096 admoni-

271 2141 324 2201 tus
344 2156 406 2201 non
427 2135 532 2218 ridet,
553 2155 633 2220 quae
657 2135 795 2198 diductis
818 2131 920 2198 literis
943 2132 1139 2220 significavi,
1155 2142 1340 2224 —excepto
1359 2140 1462 2224 primo

273 2243 370 2310 verbo
403 2244 438 2326 ἡ,
464 2279 507 2291 -
530 2241 612 2306 nibil
643 2241 682 2306 ad
714 2239 888 2306 secundum
919 2239 1059 2305 scholion
1088 2245 1263 2328 pertinere,
1288 2244 1398 2310 sedin
1421 2243 1462 2308 iis

274 2351 429 2416 contineri
459 2351 573 2434 prioris
604 2350 746 2422 exitum,
776 2347 860 2432 quod
889 2349 998 2432 itaque
1021 2350 1066 2413 sio
1089 2370 1146 2415 ena
1168 2352 1382 2436 recuperabit:
1408 2353 1461 2418 οὐκ

272 2459 301 2522 ἐν
333 2465 372 2539 αὴ
398 2456 547 2536 Σπάρτῃ,
572 2455 647 2518 άλλ’
670 2454 699 2517 ἓν
726 2447 781 2535 dap
804 2463 842 2535 τῇ
866 2454 969 2537 χώρᾳ,
996 2451 1096 2518 ὥστε
1127 2459 1234 2523 κατά
1265 2456 1461 2537 δναθοχὴν

271 2561 385 2640 ἡκενν
417 2562 511 2640 πρὸς
539 2562 760 2637 ἀλλήλους.
807 2559 875 2626 Nec
897 2560 957 2626 hoc
980 2580 1172 2648 quemquam
1196 2563 1317 2650 fugiet,
1340 2562 1461 2628 lemma

270 2671 322 2736 hie
356 2671 587 2755 praescriptum
621 2666 738 2732 falsum
773 2688 855 2733 esse:
893 2668 944 2732 οὐκ
980 2669 1010 2731 ἐν
1042 2677 1079 2750 τῇ
1113 2669 1245 2749 Σπάρτῃ
1276 2704 1328 2720 --
1343 2705 1362 2721 -
1387 2675 1460 2750 πρὸς

270 2777 427 2850 errarem
451 2795 514 2840 non
533 2776 711 2840 inserviunt
731 2773 926 2860 explicandis
947 2773 1013 2838 οὐδὲ
1036 2799 1086 2838 κεν
1109 2777 1300 2868 ἡμέας,“υυν1
1319 2777 1360 2842 iis
1380 2798 1460 2863 quae

271 2885 365 2948 initio
395 2881 539 2947 eiusdem
564 2901 674 2946 versus
696 2879 866 2969 leguntur:
891 2881 946 2945 καθ
969 2905 1002 2944 κε
1027 2881 1101 2958 θάμ’
1125 2880 1223 2946 ἐνθάδ’
1250 2883 1346 2956 ἕθννες
1371 2884 1460 2960 ἔμνα-

271 2989 389 3069 νθμεθ,
423 3009 458 3054 ac
482 2989 521 3052 de
544 2988 594 3054 his
617 2989 793 3053 rectissime
823 2987 941 3052 dicitur
964 2988 1018 3053 oda
1043 2989 1073 3052 θν
1096 2998 1134 3070 τῇ
1161 2987 1303 3072 Σπάρτῃ,
1330 2992 1406 3055 ἀλλ’
1430 2991 1460 3055 ἐν

271 3093 326 3177 θ’λὴ
357 3105 394 3176 τῇ
426 3095 513 3178 χώρᾳ
545 3100 577 3160 et
608 3115 688 3179 quae
711 3095 856 3178 deinceps
879 3096 969 3179 sequi
993 3095 1104 3160 debere
1129 3094 1206 3162 dixi.
1253 3093 1371 3162 Contra
1394 3097 1459 3163 oter

270 3228 321 3267 κεν
351 3201 451 3280 ἡμέας
484 3201 739 3288 coniungendam
763 3204 810 3265 eet
833 3221 907 3265 cum
931 3197 1010 3265 άλλα
1035 3201 1171 3281 διέκρινε,
1202 3209 1240 3268 ut
1264 3205 1459 3270 coniunctim
1491 3187 1498 3203 ⁸

270 3309 347 3375 haec
374 3308 495 3374 lemma
517 3307 655 3373 efficiant
676 3309 858 3392 posterioris
881 3306 1011 3384 scholii,
1035 3309 1117 3393 quod
1142 3312 1248 3395 ipsum
1272 3331 1396 3396 quoque
1420 3330 1460 3376 ne

270 3417 379 3482 eiectis
409 3415 537 3500 quidem
561 3415 618 3493 iis,
643 3434 722 3498 quae
747 3431 910 3498 perperam
933 3413 995 3478 huc
1027 3413 1179 3481 translata
1211 3437 1278 3482 esee
1309 3422 1456 3502 apparet,

269 3527 472 3609 perornatum
510 3527 567 3586 est.
614 3521 823 3585 Pereanatum
860 3519 935 3597 erit,
971 3525 997 3585 si
1030 3523 1075 3586 sic
1106 3525 1279 3590 scribatur:
1312 3525 1378 3589 οὐδέ
1409 3548 1460 3588 κεν

271 3629 369 3708 ἡμέας
406 3627 486 3694 άλλυ
520 3627 660 3706 διέκρινεε
697 3625 778 3691 οὐδὲν
809 3623 879 3709 (άν)
913 3630 985 3702 ἡμῖν
1017 3625 1147 3709 διέζευξε
1177 3635 1231 3702 rie
1261 3630 1374 3709 Φιλίας
1405 3633 1460 3703 τὴν

268 3735 472 3816 εὐφροσύνην,
505 3737 608 3807 πλὴν
638 3734 656 3808 ἡ
690 3734 757 3818 (pro
781 3733 798 3807 ἡ
823 3733 919 3816 oraio)
943 3733 1083 3806 θάνατος.
1129 3735 1254 3801 Ultima
1278 3736 1341 3802 duo
1364 3737 1460 3803 verba

269 3842 364 3930 (αλὴν
398 3841 477 3923 θάν.)
507 3841 620 3906 desunt
644 3844 677 3905 in
700 3840 752 3904 M:
778 3838 928 3905 videlicet
952 3842 1072 3918 scriba,
1097 3841 1238 3926 lepidum
1263 3851 1378 3929 caput,
1402 3841 1462 3908 illa

270 3948 288 4025 ἡ
312 3946 391 4013 ὥστε
416 3983 435 3996 -
450 3983 502 3998 --
527 3948 608 4026 ἡκενν
633 3947 703 4026 πρὸς
729 3945 885 4019 άλλὴλνυς
911 3945 1056 4013 sufficere
1079 3955 1166 4013 ratus
1189 3953 1237 4013 est
1260 3951 1299 4015 ad
1323 3950 1459 4016 alterum

269 4058 515 4142 comparationis
540 4055 721 4118 membrum
745 4052 946 4137 explendum.
996 4053 1079 4134 Quid
1103 4076 1142 4121 ex
1164 4055 1216 4120 his
1239 4057 1403 4134 omnibus,
1422 4079 1462 4122 ex

269 4166 388 4230 omisso
419 4165 522 4246 priore
553 4159 721 4242 lemmate,
753 4179 792 4224 er
825 4159 982 4245 discerpto
1006 4160 1158 4238 secundo,
1184 4182 1222 4226 ex
1245 4163 1351 4229 verbis
1373 4165 1462 4231 scho-

270 4269 387 4335 liorum
416 4269 500 4332 inter
529 4285 563 4330 ee
593 4264 730 4330 confusis
753 4271 786 4330 et
808 4267 1021 4342 intermixtis,
1048 4269 1086 4332 de
1111 4268 1254 4334 codicum
1280 4277 1459 4336 nostrorum

270 4375 449 4440 conditione
472 4394 508 4438 ac
532 4373 719 4458 cognatione
742 4371 920 4446 discamus,
947 4373 985 4440 de
1005 4374 1056 4438 hie
1074 4374 1109 4438 in
1130 4373 1230 4442 eltera
1250 4384 1340 4460 perte
1359 4381 1462 4463 aptior

270 4481 452 4566 disputandi
478 4478 566 4545 locus
588 4479 725 4543 dabitur.
