3318 5138
863 293 967 404 ου’

289 530 370 600 iilos
382 530 497 597 τούτων
510 534 693 609 κοιτιιμομῖν.
711 564 730 578 -
744 563 762 578 -
778 530 825 594 -ἕ
845 529 904 601 ooo
916 530 980 608 γὰρ
992 533 1098 594 τοῦτον
1112 531 1176 612 περὶ
1192 529 1309 596 ἐκείνων
1323 529 1395 618 (τῶν
1405 555 1480 608 μνκ-

291 641 406 722 στύρων
418 639 519 725 puta),
528 635 611 715 μετὰ
625 639 679 710 τῖον
692 636 831 716 διήγησιν
843 636 896 701 sol
912 635 1053 713 ἐπίδειξιν
1065 644 1118 704 τοῦ
1131 633 1176 704 ύτι
1189 635 1297 712 ποιῖδές
1310 639 1368 704 clos
1380 639 1440 704 τῶν
1452 639 1481 704 ἐν

292 746 396 828 ’Italica
417 746 557 826 οῖούστων,
578 741 740 808 οὶκύλουύον
760 742 794 806 τὸ
814 752 868 818 τῆς
890 744 1068 815 κοινοποιῖσις
1091 743 1240 822 ε’πιὶμοιγε
1254 745 1480 822 ,νεμεσσύύκτε

292 847 352 919 κού
366 851 473 928 οιύτού,
494 849 608 922 ἄλλους
628 849 857 934 τ’.οιῖδε’σύκτε,
878 852 948 915 osas
970 849 996 914 δ’
1018 851 1201 918 ὑποδείσατε
1222 861 1329 937 μιῖνιν,
1350 851 1481 932 σχέσθε,

292 958 408 1042 Φύλοι.”
431 957 478 1030 τίς
503 953 551 1023 ούν
572 958 588 1031 >l
610 957 724 1022 τούτων
752 957 873 1034 οῖδικύοι,
902 957 942 1021 ού
967 955 1085 1034 μόνον
1109 953 1154 1022 ὅτι
1178 960 1231 1024 oda
1255 959 1481 1036 ύμύνοντοιι
1570 1041 1573 1050 1

292 1067 417 1137 τούτους
439 1063 641 1145 ὀτρύνοντες.
667 1069 729 1136 πῶς
753 1058 800 1128 ούν
827 1061 1006 1141 ὀτρύνουσιν,
1033 1059 1093 1129 ύτι
1119 1067 1151 1130 εἷ
1176 1066 1293 1136 ποιῖδοιο
1313 1064 1404 1138 ὄντος
1426 1067 1483 1130 σού-

292 1181 351 1241 τῶν
383 1174 435 1238 ούκ
466 1169 640 1251 ἐπέχουσιν.
676 1165 724 1242 οὓς
757 1169 820 1248 γὰρ
844 1169 938 1240 οιύτύς
960 1193 1007 1242 τις
1032 1170 1158 1236 κωλύειν
1183 1171 1348 1248 δυνάμενος
1373 1171 1425 1238 διὰ
1449 1173 1483 1237 τὸ

293 1276 369 1346 εἶναι
402 1279 498 1358 κύριος
531 1279 568 1362 εὀῖ
601 1285 819 1359 πλημμελεῖν,
852 1279 945 1346 οιύτόο
979 1276 1015 1343 ἂν
1051 1276 1095 1352 cla
1126 1277 1139 1342 ὂ
1170 1278 1237 1350 δοὺς
1268 1281 1323 1354 τῖιν
1347 1279 1484 1356 ἐξουσύοιν

293 1395 348 1462 τῆς
384 1385 517 1456 ἀδικίαι.
564 1383 656 1450 Nihil
690 1386 834 1468 sequitur
868 1388 938 1469 post
972 1384 1005 1449 ού
1040 1382 1148 1462 μόνον,
1183 1385 1267 1470 quod
1302 1390 1410 1451 tamon
1445 1407 1484 1450 cx

292 1495 361 1578 ipsa
390 1492 504 1557 harum
538 1488 767 1576 particularum
802 1495 915 1554 natura
948 1487 1016 1555 ficri
1050 1491 1193 1556 debehat.
1241 1495 1287 1558 Ac
1310 1492 1380 1557 iura
1402 1490 1484 1558 nihil
1572 1469 1578 1482 ⁶

294 1601 455 1685 sequitur,
491 1618 566 1663 nam
600 1617 640 1662 ne
674 1596 757 1662 illud
791 1597 918 1682 quidem
955 1599 1008 1664 οὐκ
1043 1599 1210 1674 ἀμύνονται
1248 1606 1279 1666 ct
1314 1599 1482 1680 ὀτρύνοντες

294 1711 380 1772 nocto
403 1712 486 1770 staro
510 1702 575 1769 talc
606 1703 741 1769 videtur.
789 1702 880 1783 Quod
914 1725 986 1769 cum
1021 1725 1059 1770 cx
1095 1710 1162 1771 toto
1197 1705 1483 1792 argumentationis

294 1818 420 1888 tonora,
446 1817 518 1877 tum
542 1809 595 1876 vel
616 1809 662 1875 sic
685 1811 857 1900 apparabit.
882 1811 991 1875 Etiam
1015 1812 1092 1878 hacc
1114 1811 1353 1898 Porphyrianae
1378 1811 1483 1898 dispu-

295 1922 425 1986 tationis
448 1915 605 2006 partioula
627 1917 797 2000 separatim
822 1920 908 1980 sxtat
931 1918 1197 1983 inAmbrosiano
1216 1917 1262 2001 hl,
1283 1917 1484 2002 aliquantum

296 2029 402 2115 magis
435 2026 619 2112 perspicua,
655 2028 692 2086 ut
726 2021 864 2100 adsolet,
902 2043 998 2108 quam
1025 2025 1126 2108 ipsius
1157 2024 1273 2108 optimi
1303 2021 1484 2109 philosophi

296 2133 394 2200 verba
417 2131 482 2198 fers
505 2136 587 2195 suut.
612 2130 688 2208 ούχ
711 2123 771 2192 ὅτι
795 2127 962 2208 ὤτρυνον
987 2130 1135 2202 οιύτοὺς
1158 2131 1216 2203 εἷς
1240 2130 1282 2193 τὸ
1307 2123 1483 2211 panocla

297 2241 465 2316 ἐκεῖνοι,
490 2241 609 2303 τοῦτο
633 2239 812 2314 lyncas?
834 2233 1105 2316 Τηλέμαχος,
1129 2237 1204 2300 ἀλλ’
1229 2229 1274 2301 ύτι
1300 2237 1418 2310 acidae
1442 2235 1484 2302 ύν·

295 2371 354 2420 τοις
391 2346 491 2410 οιύτοῖν
528 2343 597 2416 τοὺς
632 2349 807 2420 μνιιττιῖμοιο
842 2341 897 2406 ούκ
932 2342 1068 2422 ἐπεῖχον.
1100 2337 1149 2416 οὓς
1184 2340 1247 2423 γάρ
1278 2366 1325 2414 τις
1357 2344 1485 2409 κωλύειν

186 2507 189 2514 .
295 2451 479 2534 δυνάμενος,
511 2451 562 2516 διὰ
593 2449 627 2514 τὸ
660 2443 737 2518 ύνοιι
768 2447 863 2525 κύριος
888 2449 1006 2525 οιύτιῖν,
1031 2448 1068 2532 ἐᾷ
1092 2457 1310 2528 πλημμελεῖν,
1336 2446 1420 2533 οὖτος
1445 2447 1483 2515 οόν

295 2560 340 2636 εἴη
371 2559 511 2640 ἄντικρὺς
540 2557 553 2621 ὃ
586 2558 641 2631 τῖον
671 2563 725 2629 τοῖς
757 2554 879 2626 οῖδικύοις
912 2553 1049 2632 ἕξουσύοον
1073 2557 1179 2627 οιύτοῖο
1203 2556 1347 2628 δεδωκώς.
1394 2555 1486 2623 Satin

295 2673 419 2734 cantum
454 2685 538 2731 nuno
574 2668 621 2729 ast
652 2660 872 2750 corrigendum
905 2681 986 2727 essa:
1019 2661 1066 2734 τῖς
1098 2658 1146 2728 ούν
1177 2663 1333 2738 ἡπούτων
1361 2663 1484 2743 ἀδικίη

296 2777 416 2839 τοῦτο
447 2770 537 2851 μόνον
563 2765 609 2834 ύτι
632 2769 685 2832 ούκ
709 2766 907 2845 ύμύνονΤΘί
931 2766 1056 2840 τούτους
1081 2769 1326 2848 ὀτούΝΟΊὍΙΝ.
1351 2777 1414 2842 πῶς
1437 2765 1488 2836 οὖν

295 2884 480 2964 ύτρύνουσιν;
504 2877 592 2944 ἐπεὶ
617 2875 733 2948 παῖδος
753 2873 843 2947 ύντοις
864 2877 965 2940 τούτων
985 2877 1039 2941 ούκ
1060 2875 1233 2956 ἐπέχουσιν.
1259 2873 1446 2944 Νυιιιὶτιύτι
1460 2879 1486 2942 cl

295 2995 351 3055 aut
380 2987 572 3054 alterutrum
601 2983 759 3067 abundat,
783 3019 825 3030 -
849 2981 958 3047 nullus
990 3003 1075 3048 nunc
1098 2984 1310 3050 coniunctioni
1334 2984 1488 3050 conditio·

294 3095 361 3162 nali
383 3095 472 3160 locus
494 3097 557 3174 cst,
583 3128 623 3139 -
649 3091 757 3174 itaquo
780 3091 805 3154 εἱ
830 3092 891 3154 erit
922 3089 1187 3176 expungendum,
1221 3096 1259 3156 ut
1289 3091 1365 3156 lacit
1395 3091 1489 3157 Butt-

295 3223 431 3268 manuus
460 3199 499 3264 ad
530 3197 572 3275 β,
600 3194 642 3260 63
674 3197 717 3282 (p.
751 3194 804 3274 83,
833 3193 865 3274 8,
897 3195 954 3284 ubi
984 3199 1053 3262 sius
1076 3201 1150 3262 uota
1173 3197 1385 3283 consulatur),
1412 3203 1487 3276 aut,

296 3307 380 3393 quod
402 3306 533 3383 malim,
559 3305 605 3368 ita
628 3304 704 3370 hacc
728 3302 791 3368 duo
811 3300 966 3368 vocabula
984 3303 1203 3390 coniungenda
1221 3308 1312 3388 sunt,
1332 3309 1370 3368 ut
1386 3325 1488 3369 unum

295 3414 378 3482 illud
406 3413 519 3480 euadat
543 3410 627 3496 quod
650 3411 881 3495 proposuimus.
929 3407 966 3474 In
989 3409 1107 3475 unciali
1130 3412 1286 3496 scriptura
1311 3417 1428 3476 OTlet
1457 3413 1490 3476 ct

298 3531 394 3588 ΕΠΕΙ
418 3521 551 3586 minimo
578 3523 704 3584 tantum
729 3515 912 3581 discrimine
935 3515 1076 3600 differre,
1101 3517 1206 3601 quivis
1229 3519 1339 3582 statim
1368 3518 1487 3584 videat.

294 3629 344 3695 lta
367 3626 576 3694 Telemachus
599 3625 641 3706 τῷ
664 3621 787 3702 μεταξύ
812 3623 935 3702 διαιρεῖν
959 3647 994 3688 τε
1018 3623 1070 3689 κού
1096 3632 1267 3690 κοινοποιεῖν
1291 3625 1326 3688 τὸ
1347 3623 1488 3703 ollium

295 3735 346 3800 κοιῖ
371 3732 523 3816 ποιρμισύμ
549 3729 699 3812 κέχρηται
723 3730 875 3813 βοισιλικῇ
900 3730 951 3795 κού
975 3731 1075 3804 δεήσει
1099 3728 1196 3797 πάλιν
1218 3730 1355 3796 τοιπεινύι
1386 3729 1486 3812 προύτ-

294 3865 397 3914 τοντος
429 3839 481 3904 κού
513 3817 603 3903 aas?
617 3838 673 3915 μὲν
705 3838 739 3903 τὸ
769 3837 882 3902 δύκοιιον
914 3837 1138 3915 ὑπομιμνήσκει
1172 3837 1223 3903 κού
1250 3838 1388 3924 νέμεσιν,
1413 3837 1488 3906 ποτὲ

295 3947 321 4014 δ’
357 3943 397 4013 οιύ
433 3945 484 4010 aci
518 3942 669 4025 οῖσχύνυν
699 3949 758 4007 τῶν
794 3941 899 4006 ἄλλων
927 3945 1086 4024 ἀνθρώπων
1095 3989 1104 4021 ,
1136 3943 1189 4009 nal
1220 3943 1275 4019 τῖον
1307 3945 1394 4026 πονρύο
1417 3948 1488 4011 ύειῖν

295 4061 395 4132 μῆνιν,
417 4053 470 4118 nol
492 4049 584 4122 τοὺς
605 4048 788 4129 ποτέρως
811 4049 1135 4136 [ύπομιμνύσκει].
1159 4049 1258 4116 Recta
1278 4049 1308 4116 D
1333 4049 1488 4118 ultimum

294 4158 487 4228 vocabulum
511 4157 635 4222 omittit
655 4174 730 4222 sono
749 4158 913 4243 ingratum
934 4161 966 4222 ct
985 4177 1078 4222 sensu
1099 4176 1330 4242 supervacuum
1341 4203 1349 4236 ‚
1370 4159 1488 4223 rectius

295 4266 394 4332 simul
418 4284 515 4350 quom
538 4261 573 4328 H
595 4261 690 4328 hahet
714 4267 767 4327 τοῦ
788 4262 921 4343 πατρὸς,
950 4262 1034 4348 quod
1058 4262 1313 4345 adsciscendum,
1335 4263 1390 4329 sad
1413 4265 1489 4329 arti·

297 4371 370 4439 culo
402 4373 538 4444 adiecto:
571 4371 623 4436 κοιῖ
659 4371 713 4445 nico
746 4370 832 4450 ποιοῖ
857 4370 1133 4455 decipiamini
1160 4371 1256 4456 (τὴν)
1279 4373 1332 4435 τοῦ
1357 4369 1486 4451 ποοτρύο.

295 4479 438 4566 Respicit
472 4481 558 4544 euim
593 4477 821 4544 Homericum:
854 4477 886 4541 ού
917 4477 980 4558 γὰρ
1012 4475 1060 4542 ἔπ’
1091 4476 1163 4558 οὶνύρ
1185 4475 1201 4552 ΙΙ
1223 4473 1280 4552 ούος
1318 4475 1489 4552 Ὀδυσσεὺς
