3330 5144
858 324 924 396 258

294 519 327 582 et
349 535 459 584 omnes
482 522 604 585 veteres
626 520 798 606 magistros
820 517 885 586 elie
907 521 1013 584 omnis
1033 517 1219 586 audivimus
1237 519 1480 606 praecipientes,

294 642 352 688 neo
382 643 576 709 quemquem
611 623 665 692 rel
694 623 810 692 leviter
839 627 874 690 in
896 625 1037 692 Homero
1059 630 1224 694 versutum
1247 623 1356 694 fellere
1379 632 1484 712 potest
1562 627 1566 632 “

295 733 384 794 τοῦτο
415 729 450 796 πθ
486 727 547 804 ἔθος
579 730 615 796 πθ
645 735 699 797 τοῦ
722 736 856 806 ποιητοῦ.
904 729 967 800 eeu
989 732 1103 818 homo,
1128 732 1163 796 ni
1185 729 1294 812 fallor,
1319 735 1488 818 scripserat

248 859 250 866 ⁴
294 836 437 922 quisquis
463 837 544 904 fuit:
567 835 665 904 οὕτω
689 837 753 918 γάρ
775 839 950 920 προτίθεται
974 839 988 904 θ
1010 838 1084 919 γάρ.
1114 837 1244 906 —Neo
1268 841 1377 906 minus
1399 844 1487 908 eertu

294 962 345 1008 res
375 948 423 1010 eet
452 943 492 1010 ud
523 967 532 1008 ι
557 942 643 1023 353,
673 941 711 1018 ὣς
736 945 884 1028 ἐφάμην,
908 947 922 1012 3
948 945 979 1010 δὲ
1004 943 1091 1011 δέκτο
1116 945 1169 1012 καὶ
1194 942 1316 1024 ἔκπιεν,
1340 945 1378 1012 ed
1405 966 1487 1032 quoe

293 1049 391 1115 verbe
425 1048 488 1116 duo
517 1051 638 1118 soholie
667 1073 707 1118 ex
738 1051 764 1118 Τ
797 1051 909 1118 retulit
931 1049 1115 1118 Dindorfius
1138 1053 1234 1118 umbo
1256 1051 1411 1120 lemmate
1435 1072 1488 1120 ee·

220 1149 225 1160 ’
293 1157 405 1224 reneis
452 1155 547 1222 Prius
577 1160 741 1247 integrum
773 1165 838 1224 est:
870 1159 953 1225 οὐδὲν
982 1159 1148 1233 θπονοιὶσας
1180 1157 1306 1238 ἐδέξατο
1339 1160 1398 1225 θπθ
1429 1166 1486 1234 τῆς

294 1262 421 1338 ιθωδθας
441 1266 619 1345 κρατηθείς,
640 1260 674 1340 ἣν
693 1266 938 1348 προοικονθμησεν
958 1267 973 1332 θ
997 1266 1134 1344 ποιητής,
1148 1264 1285 1333 alierum
1297 1267 1488 1352 iteooueep

295 1376 384 1436 tum:
406 1370 466 1412 θ’*
486 1372 561 1436 πιθιν
580 1373 594 1438 θ
612 1378 790 1448 τηλικοῦτος
813 1375 853 1438 οὐ
874 1371 1079 1454 κεκράτηται,
1104 1370 1181 1440 άλλ’
1207 1372 1289 1440 ἐστὶν
1313 1373 1406 1450 άιθθης
1431 1377 1487 1440 τοῦ

294 1475 370 1545 οἴνοιο
394 1483 448 1544 τοῦ
472 1479 616 1545 τοιούτου.
640 1479 729 1546 άλλά
752 1479 805 1545 καὶ
830 1482 866 1546 τὸ
889 1461 1224 1560 κισσθβιονριθηισπιν.
1272 1478 1380 1546 Meroe
1400 1482 1485 1546 tene·

292 1585 385 1662 brae.
418 1584 589 1670 inquibus
611 1585 672 1653 hoo
694 1591 802 1652 temen
825 1587 908 1654 olere
931 1587 1158 1672 perspicimus,
1183 1589 1335 1653 vitiosum
1361 1605 1429 1652 esse
1450 1589 1485 1654 οὗ

294 1690 492 1772 κεκράτηται.
540 1691 625 1758 Nem
654 1694 724 1760 eive
752 1695 889 1761 verbum
917 1692 971 1760 hie
1002 1690 1161 1780 signifioet
1185 1692 1299 1770 „odore
1322 1699 1356 1760 et
1377 1691 1486 1760 dulue-

296 1799 369 1864 dine
401 1796 546 1882 vietus‚”
571 1834 614 1846 -
637 1806 676 1864 ut
706 1819 802 1886 supre
833 1801 891 1866 θτθ
918 1807 975 1874 τῆς
999 1799 1125 1873 εὐωδίας
1149 1799 1324 1880 κρατηθείς,
1349 1836 1390 1850 --
1415 1800 1484 1866 sive

296 1904 380 1990 quod
410 1903 496 1972 melo
528 1906 625 1982 „vino
653 1925 820 1992 oppressus
850 1911 882 1973 et
912 1906 1018 1973 ebrius
1039 1905 1183 1984 feotue,’'
1205 1913 1340 1992 utroque
1363 1907 1486 1972 ratione

293 2013 423 2100 negotio
456 2010 536 2078 fuleo
570 2017 628 2078 eet.
674 2008 812 2099 Cyclope
849 2019 882 2078 et
916 2011 1081 2098 volupeste
1114 2019 1282 2098 superetur
1312 2017 1345 2078 et
1375 2011 1485 2078 ebrius

293 2139 390 2205 quem
414 2120 553 2184 maxime
577 2116 623 2184 fit.
670 2116 780 2204 lisque
804 2119 864 2185 hoo
887 2121 1030 2204 primum
1053 2125 1235 2194 teneamus,
1259 2116 1484 2206 corrigendum

296 2243 379 2292 esee:
412 2223 509 2291 οθτιι
544 2223 750 2303 κεκράτηται,
781 2245 844 2310 quo
866 2225 949 2292 sueto
972 2223 1095 2312 relique
1117 2244 1180 2290 non
1202 2222 1373 2290 difficulter
1395 2244 1485 2290 sens·

294 2317 425 2400 bunturss
469 2331 594 2417 Nempe
627 2335 673 2398 est
709 2332 851 2417 quaestio
887 2337 920 2396 ei
954 2333 1115 2417 responsio
1152 2331 1294 2408 brevior,
1334 2333 1381 2398 its
1410 2351 1485 2418 sup-

251 2420 258 2430 *
295 2436 411 2524 pleude
432 2441 465 2504 et
487 2436 673 2525 digerendo:
697 2437 803 2522 (πῶς)
824 2435 900 2504 πιθν
920 2437 935 2502 θ
955 2441 1134 2512 τηλικοῦτος
1155 2434 1253 2503 οθτιι
1274 2437 1481 2519 κεκράτηται,

295 2545 372 2610 άλλ·
395 2543 478 2610 ἐστὶν
500 2544 595 2618 άιθθης
619 2548 673 2609 τοῦ
695 2541 772 2608 oreae
795 2549 849 2610 τοῦ
873 2542 1027 2622 τοιούτου,
1055 2542 1174 2630 [άλλά]
1195 2541 1247 2610 ιιαθ
1268 2544 1303 2608 τὸ
1324 2543 1484 2622 κισσύβιον

295 2651 454 2730 μέγιστον.
491 2648 611 2716 Eodem
636 2648 761 2717 dicendi
784 2651 887 2717 formu
908 2652 1048 2716 eeruiiur
1070 2671 1100 2715 ν.
1126 2671 1154 2716 o.
1178 2651 1213 2715 iu
1236 2649 1357 2717 seholio
1376 2671 1415 2718 ex
1436 2649 1483 2728 Η,

295 2757 380 2844 opud
410 2753 609 2824 Diodorfium
640 2756 680 2822 ed
714 2770 735 2822 λ
759 2754 823 2822 391
856 2755 974 2841 teleto,
998 2755 1038 2824 de
1061 2758 1152 2823 ouius
1174 2776 1249 2822 vero
1272 2777 1368 2843 quem
1392 2777 1484 2824 oeou·

294 2884 370 2950 pere
393 2862 487 2931 debet
509 2860 578 2929 loeo
601 2861 679 2928 olim
692 2867 740 2952 ¹iu
767 2860 946 2930 Observato
967 2883 998 2948 p.
1018 2859 1154 2928 28-30
1174 2863 1277 2930 fusius
1301 2863 1479 2950 disputaris

295 2975 358 3042 πῶς
395 2971 439 3047 ihi
474 2968 547 3034 πιθον
575 2969 609 3034 πθ
641 2963 725 3045 αθμα
755 2971 915 3048 γινώσκει,
956 2968 1079 3040 πάντως
1120 2968 1271 3057 (πάντες
1309 2969 1482 3058 legendum

296 3095 363 3142 esse
385 3074 506 3142 ibidem
528 3076 595 3141 iem
618 3073 698 3161 dixi)
719 3071 799 3142 οὗτοι
825 3077 856 3140 ἐν
877 3078 918 3157 τῷ
939 3078 999 3142 τῶν
1020 3075 1155 3158 άτάφοιν
1177 3075 1235 3142 εἰσ)
1258 3076 1360 3158 πθπρι,
1380 3078 1407 3144 σθ
1426 3078 1485 3156 μθν

295 3181 487 3266 δικάζοντες,
518 3181 545 3247 σθ
577 3181 609 3247 δὲ
645 3179 853 3262 δικαζθμενοι·
887 3182 932 3262 μθη
955 3183 1133 3255 πεπωκότες
1159 3182 1211 3270 (δὲ
1234 3188 1303 3250 τοῦ
1326 3184 1405 3268 ine.)
1427 3188 1484 3258 τῆς

295 3289 397 3364 Λήθης
429 3286 538 3361 ὕδατος
569 3286 763 3367 Φθέννονται
788 3286 841 3352 καὶ
866 3289 922 3368 πρὸ
945 3292 999 3354 τοῦ
1023 3297 1114 3354 πιεῖν.
1161 3287 1215 3356 Ad
1237 3309 1306 3356 rem
1330 3289 1416 3376 quod
1438 3296 1482 3356 et·

294 3399 393 3475 tinet,
429 3395 527 3484 digne
560 3399 635 3459 sunt
665 3413 745 3478 quoe
775 3393 993 3473 miserentur,
1025 3415 1105 3481 qsree
1136 3395 1176 3462 ud
1206 3393 1306 3462 1209
1338 3399 1373 3462 in
1393 3395 1493 3482 HQ?

293 3503 335 3572 ed
364 3501 538 3570 Homerios
566 3495 597 3565 ἓν
625 3498 721 3570 θθπας
745 3500 911 3578 ἐμπλήσας
936 3499 1045 3576 ὕδατος
1068 3502 1129 3566 άνά
1154 3500 1247 3568 εθιιισι
1270 3502 1401 3587 μθτραΙΙ
1411 3503 1484 3586 χεῦ’

294 3611 459 3678 dieuntur:
492 3611 579 3674 τοῦτο
610 3607 871 3687 προιριιονθμηοεν,
899 3605 949 3673 θνα
980 3609 1025 3686 μθη
1057 3605 1194 3690 ζητῶμεν
1225 3615 1301 3682 πῶς
1332 3611 1346 3676 3
1373 3625 1484 3685 τηλι·

295 3721 435 3788 κοῦτος
470 3712 673 3794 θιιορθσθη.
719 3711 790 3780 Hoe
820 3734 945 3800 quoque
975 3714 1078 3781 obiter
1099 3735 1229 3802 moneo,
1253 3735 1334 3801 quse
1356 3717 1484 3784 restitui

294 3821 399 3889 multo
421 3821 537 3888 melius
559 3821 714 3906 pertinere
736 3820 777 3887 ed
800 3839 853 3903 ee,
876 3840 957 3906 quse
979 3819 1074 3906 poulo
1097 3821 1180 3888 infre
1199 3821 1284 3908 opud
1302 3821 1483 3890 Homerum

295 3933 473 4016 sequuntur
505 3928 566 4011 (vs.
590 3924 654 3992 371
680 3927 796 4012 seqq.):
829 3920 919 4000 ἦκαθ
944 3927 1135 3996 άνακλινθεθε
1159 3927 1251 3994 πθσεν
1275 3925 1395 4006 ὕπτιος,
1429 3965 1449 3980 -
1462 3966 1483 3980 ·

296 4035 357 4102 nee
379 4033 412 4100 δέ
435 4058 487 4112 μιν
509 4030 599 4104 θπννς
625 4013 686 4114 ᾕρει
710 4029 938 4113 πανδαμάτωρ,
969 4037 1008 4099 ut
1037 4033 1156 4101 iniuria
1186 4055 1205 4102 e
1236 4035 1353 4102 eodieie
1381 4038 1484 4107 scribo

297 4163 334 4210 eo
364 4141 464 4208 relate
492 4141 572 4223 sint,
602 4159 664 4224 quo
686 4125 770 4204 iuno
793 4137 957 4228 leguntur.
1005 4139 1130 4229 Quippe
1153 4141 1319 4212 lemmatis
1340 4145 1485 4213 absentis

296 4249 460 4316 hominem
494 4245 527 4312 in
550 4264 687 4312 errorem
710 4245 873 4312 induxisse
896 4247 1033 4313 videtur.
1058 4285 1102 4298 -
1124 4247 1245 4316 liudem
1267 4271 1360 4338 porro
1383 4252 1485 4320 medi·

296 4358 367 4422 eine
388 4354 545 4424 utendum
568 4376 588 4416 ο
613 4347 674 4430 19,
698 4353 756 4418 ubi
780 4351 890 4419 Ulixes
912 4354 952 4421 ed
975 4351 1064 4420 irum
1088 4356 1153 4441 ipsi
1175 4355 1391 4426 invidentem:
1416 4357 1484 4426 0333

297 4463 329 4528 τθ
364 4485 398 4526 σε
432 4463 493 4542 χρη
523 4467 542 4541 11
571 4457 739 4540 άλλοπρθοιν
777 4459 926 4544 φθονέειν·
961 4495 981 4510 -
995 4495 1015 4511 ·
1042 4459 1134 4540 θλβιν
1166 4462 1197 4528 ii
1229 4463 1285 4530 θεοὶ
1316 4465 1483 4545 μέλλωσιν
