3220 5144
701 353 764 428 517

135 548 189 615 hic
217 545 361 616 locorum
394 551 490 616 aliam
522 547 657 614 subdent
686 567 842 633 nusquam
877 545 953 612 alibi
983 545 1129 623 obviarn,
1157 555 1191 612 ut
1216 547 1321 612 valeat

136 657 205 721 lecti
229 659 336 734 ίοουα,
361 659 416 721 vix
440 661 488 722 est
512 655 595 741 quod
621 675 777 721 moneam.

180 875 217 947 ψ,
243 866 320 934 328.
358 870 503 942 Σκύλλην
522 869 558 942 δ’,
570 866 604 944 ήυ
617 871 649 933 ού
663 863 781 932 τώποτ’
794 869 911 946 ἀκήριοι
922 863 1026 965 ἀνδρες
1039 865 1170 944 ἄλυξαν,
1195 868 1243 934 Ex
1256 868 1323 937 solo

135 973 354 1060 Manuscripto
371 973 563 1042 Bamesiano
582 973 724 1040 adfertur
742 971 859 1059 duplex
879 975 1117 1060 interpretatio,
1137 977 1226 1039 cuius
1239 976 1324 1060 prior

121 1070 262 1148 'tantum
291 1101 363 1167 pars
393 1085 427 1147 in
455 1077 669 1170 Vulgetorum
690 1079 851 1146 codicibus
875 1082 906 1145 et
930 1077 1123 1145 editionibus
1147 1081 1254 1147 adesse
1276 1085 1325 1147 vi·

136 1189 245 1254 detur:
277 1190 409 1268 ἀκήριοι·
437 1189 531 1270 χωρίς
564 1189 668 1272 κηρύς,
698 1187 791 1267 χωρίς
815 1185 970 1262 ίανάτου.”ζ
983 1184 1037 1273 (V)
1066 1189 1088 1271 ¹)
1114 1187 1166 1252 καί
1191 1189 1324 1267 ἀκήριοι,

135 1296 281 1366 ἀσίενεῖς.
329 1294 414 1362 Luce
445 1295 563 1362 clarius
594 1303 661 1374 est,
685 1293 887 1360 scribendum
912 1311 995 1358 esse:
1016 1291 1059 1358 Ἣ
1084 1295 1210 1373 ἀκήριοι,
1238 1296 1326 1360 ἀτίε-

136 1409 205 1475 νεῖς.
253 1401 344 1468 Prior
374 1407 500 1468 tentum
530 1400 722 1490 significatio
745 1405 886 1465 streete
910 1413 957 1464 est
980 1406 1013 1464 et
1035 1403 1069 1464 in
1092 1399 1226 1468 alterum
1251 1423 1340 1488 quo·

137 1530 198 1596 que
223 1506 382 1594 Odysseae
405 1507 532 1585 locum,
558 1528 619 1594 quc
644 1507 757 1586 ἀκήριοι
784 1507 920 1572 occurrit
942 1507 981 1588 (μ
1001 1505 1055 1578 98.
1076 1505 1131 1570 ubi
1153 1505 1231 1574 HV:
1253 1509 1327 1582 ἀκή-

136 1638 207 1695 ριοι·
244 1615 424 1693 ἀβλαβεῖς,
460 1611 533 1679 ἀνευ
570 1613 676 1692 κηρύς,
713 1609 731 1677 ύ
764 1613 829 1676 ε’στι
866 1613 1012 1698 ίανάτου)
1050 1616 1142 1678 unice
1177 1614 1326 1698 quadrat3

137 1724 240 1790 versio
272 1723 407 1793 ἀσίενεῖς
437 1724 470 1786 in
501 1720 601 1787 Iliade
626 1719 693 1788 sols
715 1719 820 1785 locum
847 1719 981 1793 obtinet,
1009 1721 1215 1804 quamobrem
1241 1723 1327 1788 suere

138 1834 220 1896 inter
238 1832 445 1904 recentiores,
468 1828 523 1913 qui
544 1828 701 1894 adiectiva
722 1827 799 1894 haee
812 1831 895 1892 recte
908 1825 1128 1902 disiunnerint,
1142 1834 1178 1892 ut
1190 1827 1327 1894 alterum

138 1935 235 2016 ακήρ
259 1933 433 2002 formatum
458 1937 519 2010 sit,
545 1933 682 2000 aiterum
707 1953 725 1998 a
749 1940 812 2012 κῆρ.

185 2171 223 2223 υ,
252 2145 281 2211 l.
329 2147 365 2211 In
389 2148 491 2213 fronte
515 2119 624 2214 ultiml
648 2147 807 2236 Odysseae
831 2147 906 2214 libri
931 2149 1007 2214 baec
1031 2147 1187 2234 adscripta
1212 2147 1329 2215 habent

140 2249 220 2317 MV:
256 2254 463 2336 Ἀρίσταρχος
495 2255 600 2319 ἀθετεῖ
620 2257 676 2330 τήν
700 2255 833 2320 Νίκαιαν
857 2253 1040 2334 κεφαλαίοις
1066 2263 1127 2328 τοῖς
1152 2277 1331 2322 συιεκτικοο·

140 2357 246 2426 τάτοιο
278 2361 395 2432 reicis·
429 2357 474 2425 ὅτι
505 2363 559 2426 οῦκ
589 2362 654 2426 ἔστι
679 2363 747 2426 καθ’
769 2359 905 2439 Ὅμηρον
929 2363 1141 2443 ψυχοπομπὸς
1165 2363 1179 2428 ί
1203 2363 1328 2442 Ἑρμῆς.

140 2465 208 2530 οὐδὲ
241 2463 293 2530 τίν
324 2465 511 2532 Ἀπίλλιονα
541 2515 639 2532 .....
665 2465 714 2534 ε’πί
740 2476 794 2542 τῆς
820 2477 985 2544 πυκτικιῖε,
1012 2470 1037 2532 εί
1061 2471 1105 2546 μή
1129 2467 1230 2546 ἅπαξ.
1254 2471 1329 2536 ἀλλ’

141 2571 207 2637 οὐδὲ
230 2571 346 2651 χύύνιος
372 2574 385 2637 ί
411 2573 482 2644 ύεύς.
509 2577 562 2640 ούκ
587 2571 691 2645 εύύίιος
716 2577 729 2640 ὁ
754 2576 796 2648 είς
818 2571 923 2640 ‘Arbon
943 2577 1096 2640 κατελθὼν
1115 2575 1325 2656 zuleimen}

141 2675 193 2742 καί
225 2679 338 2754 ’Λίηνά
370 2679 407 2743 δι’
440 2683 618 2760 Ἡρακλέα,
649 2681 700 2746 καί
727 2679 870 2755 ύἊιδης
895 2682 1081 2757 Ὀλύμπιος.
1106 2682 1271 2756 Κυλλήνιος
1296 2682 1326 2747 dl
1354 2675 1355 2680 ¹

141 2785 274 2862 ούάαμοῦ
309 2785 423 2865 είρηται
461 2787 477 2862 ή
513 2785 613 2866 ἀπαξ.
652 2790 704 2856 ούκ
739 2786 794 2866 ἔξω
828 2789 940 2871 λύγου,
973 2788 1024 2852 καί
1050 2795 1163 2874 σῶκος,
1189 2790 1240 2856 καί
1266 2788 1328 2864 ήιός

141 2891 313 2957 Ἀντύλλον.
347 2895 435 2958 ἀλλά
468 2901 530 2966 πῶς
569 2897 601 2959 el
633 2895 739 2977 ψυχαί
765 2897 817 2960 ούκ
842 2895 1021 2970 αύτίμαται
1047 2897 1212 2970 κατίασιν,
1237 2897 1275 2970 ὣς
1296 2897 1327 2960 ἐν

141 3000 267 3077 'tascie
292 3001 373 3066 ούάἒν
396 3005 505 3067 κωλύει
531 3003 583 3067 καί
608 3001 871 3082 παραπέμποντος
898 3001 1112 3075 absolevisse.
1137 3005 1212 3069 ἀλλ’
1231 2999 1326 3068 αὗται

142 3105 193 3171 καί
225 3101 346 3188 ἀταφοι
374 3108 528 3175 κατίασιν.
561 3107 629 3180 icoc
662 3107 712 3175 διά
747 3133 777 3173 τι
809 3108 986 3190 καύάρσιον,
1020 3111 1036 3183 il
1062 3109 1112 3175 ἀιά
1137 3109 1191 3184 τήν
1215 3113 1328 3190 Ἑρμοῦ

142 3213 281 3294 πρίνοιαυ
311 3214 474 3293 κηδομένου
505 3221 559 3281 τοῦ
593 3215 767 3288 Ὀδυσσέως
792 3215 842 3280 ἀιά
866 3217 921 3291 τήν
946 3213 1139 3293 συγγίνεται.
1166 3219 1241 3282 ἀλλ’
1265 3218 1330 3284 οῦδὲ

143 3319 235 3386 ἔοικεν
259 3322 301 3394 είς
324 3318 429 3388 Ἅιδου
452 3324 563 3398 λευκήν
583 3318 661 3388 εἶναι
686 3321 802 3404 πίτραν
825 3323 884 3408 (vs.
903 3323 968 3408 ll).
992 3322 1035 3387 τά
1054 3324 1126 3404 τρίς
1145 3323 1200 3396 τήν
1213 3325 1328 3403 ήμίραυ

143 3428 345 3507 ἐστραμμένα
376 3430 471 3504 αύτής
504 3431 712 3496 λευκαίνεται.
745 3427 869 3510 ἀκαιρος
899 3430 930 3495 δὲ
961 3431 1013 3494 καί
1039 3432 1055 3505 ή
1078 3430 1252 3512 ’Λχιλλίιυς
1275 3432 1327 3499 καί

145 3532 382 3614 Ἀγαμέμνονος
405 3536 530 3614 ίμιλία·
556 3537 607 3603 καί
632 3537 843 3615 Ἀγαμέμνων
866 3538 919 3602 οὐκ
942 3537 1059 3617 ἀγείρει
1083 3540 1138 3614 τήν
1154 3541 1330 3625 στρατείαν,

143 3627 220 3709 ἀλλ’
251 3644 264 3708 d
291 3642 427 3723 Νέστωρ.
456 3647 600 3724 εὐκαίρως
625 3646 800 3726 ἀναπληροῖ
821 3644 864 3708 τά
887 3645 1037 3726 ἀλλαχοῦ
1062 3643 1328 3726 παραλειφύίντα.

143 3747 233 3816 Haeo
263 3752 328 3815 ium
360 3751 517 3838 exscripto
548 3751 704 3818 sufficient
736 3752 776 3817 ad
799 3749 938 3817 indolem
962 3749 1059 3816 huius
1081 3751 1253 3839 fragmenti
1275 3754 1330 3822 de·

144 3847 341 3929 elitandum,
367 3878 461 3944 quam
487 3859 607 3946 optime
630 3863 662 3925 et
685 3860 783 3926 sensit
801 3857 879 3923 clim
900 3864 932 3922 et
950 3857 1101 3943 patefecit
1112 3856 1328 3926 Buttmannus

144 3964 207 4028 sio:
232 3961 307 4042 „bio
330 3965 362 4027 et
384 3964 418 4027 in
437 3965 676 4050 insequentibus
693 3966 806 4050 cuique
826 3963 1103 4030 Aristercbearum
1116 3964 1328 4052 objectionum

144 4070 303 4154 responsio
334 4069 386 4136 vel
416 4069 532 4136 solutio
563 4071 731 4158 subjicitur
761 4069 987 4150 brevissimis‚”
1008 4070 1224 4156 hebemusque
1248 4075 1330 4138 eius·

145 4175 218 4240 dem
252 4175 345 4261 plane
380 4177 505 4263 generis
539 4175 757 4266 fragmentum
789 4197 883 4264 supra
913 4177 952 4244 ad
983 4175 1105 4256 λ385,
1135 4177 1173 4243 de
1204 4197 1266 4264 quo
1297 4187 1330 4246 et
1347 4209 1361 4226 κ

145 4279 361 4348 Buttmannus
379 4282 493 4349 itidem
513 4283 691 4370 disputarit
709 4289 741 4350 et
759 4283 827 4372 ipse
841 4285 894 4372 egi
905 4285 939 4348 in
951 4280 1130 4350 Observatt.
1143 4305 1172 4370 p.
1189 4281 1233 4349 28
1245 4305 1330 4373 seqq,

149 4431 313 4445 *—

181 4529 207 4587 ll
227 4529 255 4577 ln
274 4531 351 4576 vetere
369 4528 471 4576 editione
491 4525 648 4588 vulgatorum
666 4526 712 4572 est:
732 4519 806 4585 χειρίς
827 4518 924 4584 κήρυκος
942 4520 1022 4584 (sicil,
1042 4518 1116 4582 χειρίς
1137 4517 1247 4569 ίανοίτου,
