3318 5138
881 309 946 400 ido

318 559 359 573 -
382 543 440 590 nec
471 541 527 587 cur
556 527 754 605 postremum
777 525 903 588 tautum
928 521 1112 610 exemplum
1137 515 1344 608 explicuerit,
1367 541 1426 587 nec
1449 527 1508 586 cur

316 629 351 696 id
377 650 433 716 per
457 627 689 694 adversativam
714 629 856 694 maxime
880 628 1070 714 particulam
1094 629 1292 715 expresserit.
1316 627 1509 714 Saepissime

318 735 448 822 quidem
481 735 525 807 δίς
561 735 675 799 ταῦτδν
706 735 778 813 ἡμῖν
809 731 893 800 είπεν
923 737 937 800 ί
970 737 1063 817 σοφὸς
1095 734 1281 815 ΠορΦιίριος,
1310 734 1428 812 fateor,
1454 733 1511 799 aed

318 863 443 928 semper
472 843 533 919 ita,
566 846 604 906 ut
634 847 702 908 erte
724 841 859 927 quadam
884 841 1005 908 factum
1028 843 1250 927 conspiciatur.
1297 839 1393 906 Ponit
1416 861 1512 926 regu·

317 948 400 1027 lam,
441 949 589 1034 proponit
631 948 791 1034 exempla,
831 953 926 1034 atque
961 949 999 1014 ad
1036 947 1284 1033 unumquodque
1324 945 1522 1031 exemplum*

319 1056 425 1122 verbis
448 1057 569 1120 curiose
593 1053 821 1140 artificioseque
846 1058 976 1121 variatis
996 1054 1141 1142 regulam
1162 1075 1253 1120 suam
1275 1075 1311 1119 eo
1333 1051 1514 1118 confirmari
1630 1109 1631 1140 p

320 1161 467 1229 ostendit.
515 1159 721 1228 Conferamus
752 1183 832 1247 quae
862 1183 957 1248 supra
986 1163 1136 1246 exscripsi
1167 1182 1240 1226 cum
1264 1161 1408 1248 'genuino
1431 1157 1514 1224 Por·
1630 1145 1631 1178 ¹

318 1269 452 1356 physio,
484 1287 580 1352 quem
609 1269 643 1332 in
673 1274 779 1335 vetere
809 1268 946 1335 editione
977 1269 1148 1344 habemus,
1172 1274 1204 1332 ct
1228 1267 1391 1352 apparebit
1414 1285 1514 1351 quam

318 1397 403 1441 nuno
426 1394 550 1460 quoque
572 1395 685 1440 verum
709 1376 752 1440 sit
776 1375 859 1460 quod
884 1375 962 1440 dixi.
998 1373 1103 1452 Θομὸς
1129 1373 1159 1438 δὲ
1183 1373 1234 1438 καί
1258 1375 1353 1453 χόλος
1376 1387 1514 1453 προσλα-
1630 1389 1631 1404 ’

258 1555 261 1560 ,
319 1482 384 1561 βίον
408 1483 464 1556 τίιν
489 1481 539 1544 ἐπί
563 1478 597 1544 τὸ
623 1480 732 1555 δράσαι
757 1481 850 1546 κακὸν
874 1481 1110 1564 ἀγανάκτνσιν,
1134 1480 1269 1562 χάεσθαι
1293 1478 1437 1556 λέγεται,
1459 1478 1513 1543 καί

321 1591 335 1654 ί
360 1589 390 1652 ἕν
414 1589 456 1668 τῷ
481 1588 604 1669 τοιούτῳ
628 1587 719 1652 πάθει
747 1587 919 1671 ἣχωίμενος
945 1588 1026 1668 κῦμ’,
1051 1589 1109 1673 (A,
1136 1587 1210 1672 44)·
1230 1586 1346 1652 αὐτίκα
1365 1589 1441 1664 γοῦν
1462 1587 1515 1652 τθν
1630 1667 1631 1676 ¹

321 1695 427 1772 λοιμδν
455 1693 581 1772 ἕτοίγει.
612 1693 665 1758 καί
699 1693 865 1771 δράσαντοτ
899 1694 1062 1772 ἐρωτῶσιν,
1091 1689 1142 1778 „dr
1166 1696 1194 1758 κ’
1218 1692 1288 1776 einp
1312 1689 1330 1758 ί
1350 1717 1379 1759 τι
1403 1697 1514 1758 τθσοον

321 1801 464 1884 ἐχώσατο
498 1799 608 1878 Φοῖβος
638 1799 833 1865 ’Λπόλλυν.”
866 1803 927 1885 (Α,
954 1799 1022 1887 64.)
1046 1802 1090 1868 διὸ
1114 1802 1166 1867 καί
1192 1800 1242 1865 ε’πί
1266 1805 1320 1866 τοῦ
1344 1800 1459 1880 δράσαί
1483 1825 1512 1866 τι

321 1907 415 1972 κακὸν
440 1901 607 1984 δυναμίνου
631 1906 668 1971 δι’
692 1908 783 1987 tactu
806 1906 962 1985 βασιλέως
986 1905 1120 1987 είρνται·
1147 1906 1311 1988 ,,κρείτσαν
1334 1906 1396 1989 γάρ
1418 1908 1515 1984 βασι-

320 2013 393 2087 λεὺς
429 2011 480 2079 ὅτε
513 2013 652 2092 χώσεται
685 2013 766 2093 ἀνδρί
798 2013 916 2095 χίρνϊ.”’
947 2014 1010 2099 (A,
1036 2012 1105 2092 80.)
1138 2010 1230 2086 οὕτως
1268 2013 1365 2096 είρνκε
1398 2014 1452 2079 καί
1479 2017 1514 2079 τὸ

323 2121 381 2201 ,,σὺ
414 2121 442 2186 δ’
473 2117 562 2186 ἔνδοθι
595 2119 687 2198 θυμὸν
710 2118 841 2198 ἀμύξεις
865 2117 1053 2202 χαθμενορ,”
1076 2114 1265 2194 δκλῶντδ
1290 2121 1514 2201 δραστικὸν

321 2227 367 2294 δι’
391 2225 684 2306 ἀγανάκτησιν
708 2229 915 2309 περιέχειν
935 2227 975 2292 τδ
994 2228 1184 2309 χιθεσθαι,
1211 2229 1256 2314 (in
1276 2226 1513 2294 horumlooum
1630 2219 1631 2256 ³

320 2341 532 2422 pervenerunt
555 2337 589 2400 in
611 2339 734 2401 nostros
758 2335 899 2420 codices,
922 2336 1027 2401 nescio
1052 2334 1153 2410 unde,
1174 2355 1210 2402 eo
1232 2355 1311 2418 quae
1331 2355 1427 2420 supra
1446 2337 1514 2400 iam
1630 2395 1631 2414 ἶ

320 2447 358 2509 ut
381 2441 484 2508 olisna
507 2442 704 2508 notavimus:
733 2440 826 2519 ἤγουν
850 2477 869 2490 -
883 2476 903 2489 -
928 2438 1115 2523 σπαράσσαν
1137 2441 1191 2515 τὴν
1214 2442 1338 2526 ψυχήν,
1359 2463 1395 2508 ac
1415 2441 1515 2508 simul

319 2550 524 2636 perspicuum
555 2545 592 2612 fit
622 2547 707 2612 unde
736 2569 798 2614 non
830 2547 937 2612 minue
960 2546 1099 2614 alienum
1124 2546 1211 2620 δηλοῖ
1232 2547 1263 2613 δὲ
1287 2550 1436 2632 venerit.)
1460 2548 1513 2613 καὶ
1630 2597 1631 2624 p

320 2656 417 2722 τοίνυν
454 2654 503 2720 τί·
523 2652 699 2734 »χωόμενος
731 2653 757 2718 δ’
789 2654 803 2719 θ
833 2652 927 2733 γε’ρινν
959 2653 1056 2719 πάλιν
1089 2652 1206 2744 ᾤχετο”Ι
1235 2655 1429 2733 ἀκουσόμεθα
1454 2657 1515 2734 οὐχ
1630 2667 1631 2742 ᾗ

321 2760 430 2834 ἀπλῶρ
466 2759 674 2842 θργιζθμενορ,
710 2760 797 2826 ἀλλά
834 2763 922 2837 μετ’
957 2761 1200 2838 ἀγανακτήσεως
1235 2763 1426 2839 ἀμυντικῆς·
1470 2761 1513 2828 διὸ
1630 2767 1631 2844 ζ

321 2870 501 2948 καταρᾶται
527 2867 596 2932 καὶ
622 2865 741 2939 οὕτως
767 2866 897 2945 ἀμυνθ
905 2891 1034 2945 μενος.
1059 2867 1153 2934 Nunc
1166 2868 1296 2953 quidem
1309 2874 1401 2934 vetus
1414 2868 1514 2934 editio
1630 2909 1631 2934 ι

321 2994 418 3062 parvo
453 2973 569 3040 mendo
602 2973 725 3040 loborat
759 2978 939 3040 nostrorum
975 2995 1033 3060 cpe
1066 2973 1222 3054 tollendo,
1257 2974 1332 3040 licet
1369 2980 1401 3041 et
1436 2975 1515 3041 haec
1630 3031 1631 3040 ,

322 3102 446 3168 quoque
470 3100 573 3146 errore
596 3099 660 3145 non
683 3085 805 3146 vacent.
829 3079 1040 3166 Participium
1062 3080 1250 3160 ἀμυνόμενος
1273 3085 1382 3148 miuus
1401 3083 1515 3168 eptu'm

321 3193 370 3255 est
394 3193 426 3254 ct
445 3189 607 3273 scripsisse
626 3187 824 3274 Porphyrius
844 3186 972 3253 videtur
992 3188 1075 3273 quod
1095 3191 1194 3254 nostri
1213 3190 1335 3256 codices
1351 3190 1517 3275 praebent,

320 3295 383 3360 nisi
406 3293 489 3380 quod
514 3293 622 3359 κατὰ
649 3299 768 3358 τοῦτο
791 3314 810 3358 a
833 3295 995 3379 scriptoris
1018 3299 1124 3360 mente
1149 3295 1313 3380 abhorret,
1337 3318 1433 3382 quem
1459 3302 1515 3363 aut

321 3421 396 3468 oum
420 3399 559 3467 editione
582 3396 675 3472 οὕτως
700 3406 756 3466 aut
781 3399 845 3465 διά
870 3399 1015 3465 τούτου
1037 3400 1159 3468 dedisse
1178 3405 1334 3486 suspicor:
1356 3403 1399 3468 διὸ
1418 3403 1514 3488 (καὶ)

320 3510 498 3586 καταρῖοται
532 3506 585 3572 καί
616 3508 681 3573 διά
714 3507 862 3574 τούτου
895 3507 1111 3586 ἀμύνεται.
1159 3508 1272 3597 Pergit
1294 3508 1514 3597 Porphyrius,

319 3615 420 3680 otiam
453 3615 487 3679 in
520 3613 596 3697 El),
633 3614 692 3680 Καὶ
731 3612 907 3696 »χωόμενος
944 3615 1029 3680 κατά
1061 3615 1152 3694 θυμὸν
1184 3590 1317 3696 είίζοίνοιο
1349 3613 1514 3695 poteret?

321 3721 380 3810 (A,
405 3717 485 3807 429)
510 3718 685 3800 Ἀχιλλεὺς
707 3731 746 3804 τῇ
769 3722 845 3804 ἀργῇ
869 3721 1033 3796 δηλοῦσθαι
1058 3730 1141 3789 ποιεί
1158 3724 1213 3799 τίον
1236 3727 1515 3806 τιμιιριρτικίιν

323 3825 676 3926 διαγανάιιτνσιν·
713 3827 982 3906 ἐπιβουλεύει
1016 3833 1090 3908 γοῦν
1126 3831 1176 3896 διά
1211 3838 1266 3906 τῆς
1301 3831 1415 3912 μητρὸς
1450 3837 1512 3902 τοῖς

319 3933 464 4010 Ἔλλνσι.
511 3934 666 4002 Extrema
694 3934 799 4000 multo
830 3939 1020 4020 exquisitius
1050 3937 1147 4001 simul
1173 3944 1205 4004 et
1225 3940 1361 4024 rectius,
1387 3977 1427 3988 —
1452 3957 1513 4003 non

321 4047 407 4111 enim
437 4041 583 4110 Achilles
611 4039 741 4108 Graecis
771 4042 950 4121 insidiator,
977 4079 1018 4092 -
1043 4044 1172 4129 praebet
1196 4045 1309 4111 editio:
1342 4045 1511 4124 Ἀχιλλεὺς

321 4159 360 4233 τῇ
383 4149 457 4232 θργῦ
482 4149 645 4224 δηλοῦσθαι
670 4155 752 4212 ποιεί
770 4150 824 4224 τίρν
848 4151 1124 4230 τιμαρντιιιίιν
1149 4151 1194 4216 δι’
1220 4153 1513 4229 ἀγανάκτησιν

323 4253 500 4333 ἀμυναν·
525 4253 807 4336 ἐπεξέρχεται
833 4249 897 4320 οὖν
920 4255 1018 4340 (recte
1041 4258 1142 4323 nostri
1164 4263 1273 4341 γοῦν)
1298 4258 1347 4326 διά
1371 4267 1427 4335 τῆς
1455 4282 1514 4338 μοι·

323 4360 390 4438 τρδς
412 4369 475 4432 τοῖς
494 4361 628 4435 Ἕλλνσι
648 4361 715 4427 καί
736 4362 811 4444 οὐχ
833 4361 972 4432 error
993 4361 1214 4442 ὀργίζεται.
1240 4366 1317 4431 Post
1335 4364 1513 4452 haoosequi

323 4465 479 4538 debebant
510 4488 589 4554 quae
612 4470 809 4553 epitomator
832 4470 981 4554 imperite
1005 4469 1044 4535 ad
1069 4470 1242 4558 fragmenti
1268 4470 1362 4537 finem
1386 4475 1510 4552 reiecit,
