3232 5136
743 337 786 413 53

215 528 287 598 Alie
316 532 420 620 igitur
449 531 513 598 init
544 553 655 613 cause,
690 571 731 582 -
762 535 962 624 Porphyrius
992 537 1113 624 pergit,
1140 555 1262 602 -cur
1292 531 1360 599 llus

170 635 257 702 Ulixi
288 659 448 706 venenum
478 643 664 728 negaverit,
697 641 873 708 Anchialus
897 643 1055 708 tribuerit.
1102 642 1230 708 Etenim
1256 641 1361 726 hic‚ei

171 745 291 810 amicus
319 751 407 823 eret,
430 746 486 813 ille
509 768 572 812 non
596 756 673 814 erat.
699 743 736 812 ὧν
759 750 824 828 γὰρ
849 754 864 824 si
890 758 997 825 κτῆσις
1022 751 1075 815 οὐκ
1103 749 1267 825 ἄδηλος,
1293 746 1360 811 οὐδὲ

172 851 189 923 ή
218 853 331 918 τούτων
362 853 528 930 μετάδοσις
560 856 774 940 πλημμελής,
806 856 831 920 ei
857 859 943 935 Φίλοι
968 851 1047 921 εἶεν
1072 857 1097 921 ol
1123 857 1361 934 λαμβάνοντες·

170 958 221 1022 eei
253 955 291 1024 ὦν
323 962 340 1034 ή
373 967 479 1035 κπήοις
512 962 555 1032 εἷς
587 963 646 1033 τοὶς
670 961 816 1039 οὶιιίγκοις
842 963 896 1026 οὐκ
920 964 1060 1047 ἀσεβής,
1084 962 1196 1027 τούτων
1222 965 1239 1035 ή
1262 959 1360 1038 μετά·

169 1065 248 1135 torro
279 1074 341 1138 τοῖς
376 1064 463 1144 οἶμαι
492 1066 595 1146 φίλοις
626 1069 659 1131 οὐ
692 1069 855 1144 νεμεσητή.
903 1068 1074 1134 Monilesto
1098 1068 1286 1133 mendosum
1312 1071 1361 1131 est

170 1175 186 1245 ή
219 1181 325 1246 κτῆσις
357 1175 410 1238 οὐκ
440 1173 614 1258 ἄδηλος,
646 1195 726 1260 quae
749 1196 850 1260 neque
875 1175 938 1240 dici
963 1195 1064 1260 nequo
1088 1177 1222 1263 cogitari
1246 1179 1358 1260 potest.
1418 1247 1426 1266 ρ

168 1265 251 1344 Nam
276 1281 404 1344 etiamsi
427 1279 504 1354 δήλη
528 1290 560 1346 et
583 1279 695 1356 ἄδηλος
722 1287 828 1354 κτῆσις
849 1281 935 1347 idem
956 1279 1172 1369 significarent
1192 1281 1360 1360 aconensis

169 1389 200 1449 et
234 1386 378 1464 ὶφιινής,
413 1423 454 1435 -
487 1407 524 1452 eo
556 1385 738 1475 significatu
769 1408 831 1472 quo
855 1388 938 1473 apud
962 1387 1173 1454 Athenienses
1196 1387 1362 1452 dicebatur

106 1501 110 1514 ·
170 1493 292 1572 φανεροὶ
311 1494 400 1557 odoia
422 1501 454 1557 et
473 1495 616 1573 οὶφοινής,
632 1495 772 1579 -quod
791 1515 852 1559 non
871 1501 992 1580 potest,
1017 1493 1069 1560 vel
1090 1497 1134 1560 sic
1158 1501 1264 1560 tamen
1278 1492 1361 1578 quod

169 1597 274 1664 editur
308 1593 391 1664 nunc
427 1600 562 1666 absurde
593 1600 716 1666 dictum
748 1601 843 1678 foret,
878 1603 1078 1687 ineptissima
1108 1599 1307 1685 copulatione
1330 1607 1362 1665 st

170 1709 406 1791 comparatione
424 1708 574 1772 instituta
592 1709 676 1772 inter
695 1716 799 1782 κτῆσιν
824 1709 892 1772 οὐκ
916 1709 1064 1783 ἄδηλον
1083 1715 1115 1773 et
1134 1707 1300 1785 μετάδοσιν
1320 1707 1361 1771 οὐ

168 1821 406 1890 πλημμελή.
454 1811 542 1893 Quae
575 1816 646 1898 quis
673 1815 735 1879 sibi
751 1816 874 1898 paloor,
900 1835 961 1880 non
984 1817 1058 1878 olom
1081 1815 1258 1900 paraverit,
1281 1835 1360 1878 num

167 1937 277 1984 eorum
313 1941 386 1984 cum
422 1922 526 1984 emico
556 1923 804 1986 communicatio
836 1924 1009 1988 necessario
1041 1922 1121 1984 εἰιειο
1135 1927 1198 1985 0est
1216 1941 1265 1984 sac
1281 1917 1361 2003 pia?

168 2025 444 2112 Argumentorum
469 2033 560 2092 tenor
583 2025 647 2092 alie
667 2029 775 2092 omnic
797 2029 915 2112 requiri
935 2027 1082 2093 ostendit.
1108 2025 1195 2106 Quae
1213 2028 1360 2111 cuiquam

167 2133 228 2216 ipsi
253 2151 365 2217 parare
389 2133 472 2209 licet,
501 2153 538 2197 ee
564 2153 637 2198 cum
662 2135 766 2197 emico
790 2137 1025 2198 communicare
1043 2135 1130 2198 nefas
1151 2153 1218 2198 esse
1238 2135 1357 2216 nequit.

167 2235 280 2322 ltaque
303 2241 519 2326 corrigemus:
544 2233 581 2301 ὧν
606 2240 668 2318 γὰρ
694 2242 711 2314 ή
736 2247 841 2312 κτῆσις
866 2241 920 2303 οὐκ
940 2239 1098 2336 ἴοδικος,
1120 2240 1186 2303 οὐδὲ
1209 2239 1224 2311 ή
1246 2239 1359 2302 τούτων

167 2343 334 2420 μεποὶδοοις
360 2347 571 2422 πλημμελής,
597 2346 621 2408 εἰ
641 2346 727 2424 ΦΙλοι
750 2346 856 2410 εἰσὶν
871 2383 907 2394 -
924 2367 998 2410 uem
1019 2349 1065 2410 slc
1085 2366 1141 2430 pro
1165 2341 1200 2409 εἶ
1205 2369 1243 2409 εν
1264 2344 1359 2408 scribi

167 2457 292 2536 oportet
317 2487 358 2499 -
383 2453 408 2514 oi
432 2449 671 2528 sculteticum,
698 2457 730 2516 et
752 2458 919 2528 notemus,
945 2453 961 2526 ή
986 2460 1091 2526 κτῆσις
1120 2454 1170 2515 οὐκ
1196 2449 1298 2519 ἄδικος
1327 2455 1359 2514 et

165 2557 230 2622 οὐδὲ
256 2561 273 2632 si
296 2556 462 2634 μετάδοσις
487 2555 681 2634 πλημμελής
705 2559 751 2624 ita
773 2559 835 2622 sibi
859 2559 996 2623 inuicem
1023 2557 1227 2642 respondere,
1258 2561 1296 2620 ut
1325 2557 1359 2619 in

165 2667 312 2750 sequenti
345 2665 490 2746 membro
525 2667 542 2740 ή
575 2671 681 2737 κτῆσις
712 2665 766 2729 οὐκ
797 2663 917 2742 sterilia
951 2664 1167 2729 adamussim
1194 2661 1360 2747 respondet

164 2769 368 2836 bistrodrnv
398 2770 660 2848 inscriberent
686 2772 849 2848 οεμεοητή.
897 2769 1037 2835 Eandem
1063 2772 1253 2835 sententiam
1273 2790 1358 2834 nunc
1418 2849 1422 2862 ‚

165 2879 308 2962 quoque
330 2878 379 2943 bis
414 2897 595 2962 expressam
627 2897 693 2942 esse
725 2884 855 2962 epperet
887 2878 992 2942 verbis
1028 2876 1196 2962 paululum
1231 2882 1358 2940 tantum

165 2985 350 3049 immutatis
373 3005 412 3047 ex
437 2986 593 3048 constanti
617 2983 789 3070 Porphyrii
812 2983 1059 3067 consuetudine,

371 3092 426 3175 qui
450 3091 573 3157 venere
596 3093 686 3175 oupit
710 3110 775 3156 rem
798 3090 1007 3172 prodiqtols'ter
1030 3109 1138 3154 unam.

209 3325 250 3386 οι,
276 3298 352 3365 262.
376 3299 476 3365 Plura
500 3300 781 3366 animadvertenda
804 3307 880 3365 sunt
902 3301 935 3364 in
959 3299 1023 3365 alia
1046 3299 1217 3387 Porphyrii
1242 3321 1353 3385 quaes-

165 3407 268 3485 tione,
292 3426 387 3492 quem
415 3412 607 3472 contractam
633 3406 813 3492 complures
836 3403 968 3471 Codices
993 3405 1176 3492 (llHMQD)
1196 3406 1357 3482 exhibent,

166 3625 320 3690 repetendum
329 3628 384 3674 ente
392 3625 439 3682 τήν
447 3628 541 3682 πτήσει.
552 3625 581 3674 ld
592 3622 670 3690 ipsum
679 3623 731 3672 deri
739 3626 834 3688 oportet
843 3623 868 3672 in
877 3623 972 3673 Scholio
979 3623 1042 3672 mele
1050 3625 1079 3672 sd
1088 3623 1111 3682 t.
1119 3625 1168 3672 824
1175 3624 1258 3682 relato.
1265 3642 1319 3676 cum
1325 3655 1358 3664 -

165 3707 212 3765 iem
228 3708 378 3756 Buttmenno
392 3707 514 3758 verissime
522 3707 669 3766 observente,
679 3733 712 3744 -
722 3705 751 3754 ed
765 3722 799 3754 vs.
809 3707 858 3754 880
872 3706 998 3771 pertineat,
1013 3705 1053 3756 ubi
1068 3707 1188 3756 Homerus
1202 3708 1231 3756 de
1240 3707 1357 3776 Penelope

166 3799 298 3846 somnieute
307 3797 481 3862 imaginemque
489 3799 578 3848 sororis
587 3797 739 3862 ndloquente:
760 3795 822 3854 'ruis
835 3790 857 3843 δ’
867 3791 928 3844 αὖτε
936 3793 1063 3858 προσέειπε
1072 3795 1188 3859 περίφρον
1197 3799 1356 3854 Πηνελόπεια.

165 3880 201 3930 Ad
218 3880 276 3929 heec
289 3880 366 3944 igitur
379 3879 450 3929 verbe
464 3881 609 3947 edscriptum
617 3885 660 3940 est,
672 3909 698 3918 --
712 3879 748 3928 vel
759 3880 838 3945 potius
846 3879 1025 3929 edseribendum
1034 3884 1077 3938 est,
1086 3907 1119 3915 -
1128 3879 1233 3929 scholion
1242 3881 1266 3929 in
1277 3883 1354 3934 llP'I':

166 3967 196 4018 rt
214 3967 241 4018 tl
264 3961 339 4030 ιτήε”
358 3969 389 4028 ὥς
409 3971 468 4034 πρὸς
487 3972 532 4030 τήν
551 3967 667 4034 φανεῖσαν
684 3965 751 4030 lide,
771 3963 830 4018 den*
850 3969 934 4032 prodit.
953 3985 981 4018 ex
998 3969 1029 4034 Τ)
1048 3967 1075 4018 ot
1093 3969 1123 4018 πὸ
1142 3967 1245 4018 ereans.
1265 3971 1353 4022 lmmo:

166 4055 224 4108 bne*
252 4057 278 4109 et
302 4057 333 4124 (π
340 4059 404 4124 ptr)
429 4061 461 4110 πὸ
484 4057 590 4110 ε’ίδειλον.
625 4063 733 4110 Notatur
754 4059 819 4108 enim
835 4060 980 4108 conetnrctio
998 4060 1065 4108 κατὰ
1082 4057 1184 4108 σύνεσιν.
1220 4060 1310 4108 Contra
1327 4060 1356 4109 ed

167 4163 198 4198 re.
222 4152 282 4202 888:
307 4151 338 4209 oc
364 4151 454 4202 eloris
479 4149 597 4212 σταθμοῖο
615 4151 682 4213 παρὰ
699 4145 789 4207 κληῖδα
807 4147 894 4205 λιάσθη
914 4142 930 4214 Η
950 4144 974 4206 ἧς
993 4150 1076 4207 πνοιὰς
1095 4149 1186 4212 ἀνίμων
1202 4150 1299 4208 dicitur.
1316 4153 1356 4202 sed

167 4254 228 4290 nune
236 4242 320 4292 incolo
329 4244 360 4294 P:
376 4241 414 4292 lira
428 4245 466 4292 νῦν
476 4241 530 4305 περὶ
539 4244 604 4302 (τοῦ
614 4243 678 4302 edd.)
687 4237 784 4289 elde'seov
794 4237 808 4287 d
818 4239 905 4298 λόγος,
914 4253 974 4301 quse
981 4240 1038 4286 eunt
1046 4237 1127 4286 ambae
1138 4239 1266 4288 Aristonici
1276 4243 1353 4292 notae.

167 4329 258 4384 lterum
279 4331 338 4395 πρὸς
361 4332 448 4382 excidit
471 4333 500 4381 sd
523 4341 557 4391 κ,
582 4333 642 4381 236ε
667 4333 729 4381 rore
757 4329 861 4390 λέγεται
889 4324 947 4376 εἶναι
971 4322 1102 4389 ἑτεραλκὴς
1123 4325 1137 4382 si
1157 4327 1223 4386 νίκη,
1242 4325 1302 4376 ὅταν
1319 4327 1357 4376 τὸ

167 4420 276 4484 hesper
305 4427 463 4488 μετατροπῇ.
487 4423 533 4483 (Η)
555 4423 740 4487 corrigendum:
766 4417 826 4469 liras
851 4413 952 4483 (reple)
977 4413 1057 4478 πδήι)
1082 4417 1163 4481 ’ἕτερον
1191 4424 1355 4484 μετατραπῇ,

166 4505 228 4568 qnod
245 4521 275 4556 ue
292 4506 437 4570 sicquidem
454 4504 544 4572 optime
561 4505 693 4569 expositum
711 4508 753 4552 eet.
