3242 5140
768 315 834 384 403

252 527 278 583 ι,
303 503 358 571 84.
403 505 495 572 Dixit
529 504 568 570 de
602 504 798 592 Lotophagis
833 505 1013 574 Homerus:
1044 504 1075 571 οἵ
1100 509 1130 570 τ’
1160 505 1273 573 οὑνθινον
1306 473 1394 592 είδοιρ

205 610 328 681 ἔδουσιν.
374 612 570 678 Adnotatur:
595 611 666 680 ίδιον
689 607 789 690 εἶπεν,
814 614 852 685 ὡς
876 597 1011 678 τοιυὺτὺυ
1035 612 1116 688 ὄντος
1142 619 1196 681 τοῦ
1218 621 1315 681 λωτοῦ
1336 612 1395 683 οἷον

204 717 308 792 ιἰνθους
332 718 421 789 τινθς.
448 718 513 806 (Τ.)
539 717 703 786 Usitatum
728 724 775 784 est
799 718 908 793 ἰδίως
933 715 1029 786 εἶπεν.

250 953 277 1007 ι,
302 928 356 994 92.
394 930 514 995 Δίιιωιοι
538 929 621 1004 θντες
646 926 749 1010 ἄνδρες
771 929 974 1018 (Lotophagi)
995 929 1054 1014 βίοι
1074 930 1154 996 τινί
1176 931 1208 994 οὑ
1230 939 1392 1012 κατεῖχον,

204 1037 293 1102 οὶλλὺ
337 1040 443 1102 πειθοῖ.
486 1036 522 1102 τὸ
558 1037 589 1102 δὲ
607 1034 792 1118 ,,,μήδοντο”
829 1036 916 1112 δηλοῖ
947 1034 994 1102 ὑτι
1028 1040 1105 1117 οὑχ
1141 1037 1322 1110 ἑκούσιος
1360 1034 1393 1112 ἦν

204 1143 322 1208 ἐκείνων
352 1145 366 1208 θ
397 1141 559 1222 ρενθμενος
590 1141 715 1223 ὄλεθρος.
748 1144 799 1206 ιιοοί
824 1145 888 1224 γὰρ
914 1146 938 1208 ei
963 1145 1153 1224 Aorotpeiyor
1178 1145 1285 1210 δίκοιιοι
1311 1145 1393 1217 ὄντες

203 1249 262 1333 βίςι
296 1250 402 1316 οὑδένοι
438 1260 604 1335 κατεῖχον,
636 1249 723 1315 οὑλλίι
752 1253 794 1330 τῷ
826 1250 910 1332 λόγῳ
941 1251 1022 1332 μὺνιρ
1052 1249 1187 1328 ἔθελριον.
1212 1251 1265 1338 (Q)
1290 1251 1394 1337 Stipes

203 1356 253 1422 bis
286 1357 374 1422 idem
410 1359 573 1444 apposuit,
611 1359 700 1442 prius
735 1358 945 1435 contractius,
976 1363 1046 1422 tum
1079 1357 1203 1443 plenius
1235 1363 1267 1423 et
1290 1359 1395 1432 verbis

205 1463 397 1546 quibusdum
432 1464 528 1550 poulo
563 1463 756 1528 immutatis.
803 1461 865 1529 sed
897 1465 959 1529 nisi
990 1467 1133 1551 scripsit,
1164 1467 1288 1530 invenit
1310 1472 1395 1530 oerte

205 1573 360 1656 scriptum
396 1571 454 1656 βίᾳ
485 1571 578 1638 τινὰ
609 1573 642 1636 οὐ
674 1577 837 1650 κοιτεῖχον,
865 1570 949 1656 quod
978 1592 1054 1636 mox
1082 1571 1199 1636 meiius
1222 1572 1312 1636 audit
1335 1571 1394 1654 βίρι

203 1676 348 1743 οὐδένα
371 1688 531 1760 κατεῖχον.
579 1677 622 1742 ut
645 1679 672 1742 si
697 1676 877 1764 Lotophagi
903 1679 1024 1743 nemini
1047 1681 1115 1742 vim
1141 1678 1333 1756 inferebant,
1357 1684 1395 1742 ut

205 1782 271 1849 loto
306 1791 502 1868 vesceretur,
534 1783 602 1850 fieri
633 1785 743 1868 nequit
776 1791 812 1848 ut
843 1805 956 1850 verum
985 1787 1027 1848 sit
1050 1781 1096 1848 ὅτι
1121 1786 1180 1864 οὐχ
1204 1785 1335 1856 ἑκούσιος
1360 1779 1393 1860 ἦν

203 1890 320 1956 ἐκείνων
356 1892 370 1955 o‘
401 1890 563 1969 γενόμενος
593 1889 719 1967 θλεθρος.
768 1889 874 1955 Immo
905 1897 961 1954 sut
990 1891 1206 1956 inducendum
1230 1893 1292 1955 orit
1314 1893 1392 1975 οὐχ,

202 2001 277 2080 eut,
301 1999 385 2082 quod
408 1999 472 2064 fero
496 1996 627 2076 malim,
652 1995 875 2062 scribendum?
899 1998 967 2060 οὐκ
991 1997 1193 2068 ἀκούσιος.

246 2235 273 2287 ι,
300 2209 376 2276 106.
423 2215 595 2275 Κυκλώπων
625 2210 652 2273 δ’
685 2211 715 2282 ἐς
745 2217 844 2287 ροιῖων
876 2210 1091 2290 ὑπερφιάλων,
1115 2211 1305 2289 οθθεμίστων,
1330 2211 1391 2276 ίκιί·
1471 2193 1476 2202 ’

200 2319 281 2396 μεθ’.
327 2317 518 2392 Quaesitum
542 2325 590 2383 est
613 2317 651 2384 de
675 2315 909 2404 significatione
930 2318 1161 2382 sdieotivorum
1182 2317 1390 2398 ὑπερφιάλων,

200 2424 389 2502 ἀθεμίστων,
403 2444 483 2508 quae
495 2425 548 2489 hio
560 2461 603 2472 -··
615 2425 767 2510 inquiunt
780 2461 820 2469 —
835 2427 895 2488 etsi
914 2432 961 2488 est
974 2423 1033 2488 hoo
1047 2426 1215 2499 usitatius,
1228 2427 1260 2488 in
1272 2425 1393 2490 malam

200 2539 324 2616 partem
349 2533 449 2615 eooipi
472 2537 642 2615 nequount.
688 2531 726 2592 Ei
750 2529 813 2606 γὰρ
839 2525 872 2602 ἦν
898 2531 1071 2606 ἀθεμίστων
1096 2529 1164 2593 ἀντὶ
1189 2535 1242 2593 τοῦ
1266 2531 1389 2608 ἀδίκων,

200 2643 262 2730 πῶς
295 2636 383 2714 λέγει
416 2634 467 2716 ,οἵ
486 2641 523 2718 ρον
549 2638 637 2701 θεοῖσι
663 2635 879 2728 πεποιθότες;”
912 2636 1019 2722 Igitur
1043 2636 1267 2721 (ὑπερφιάλων)
1291 2641 1308 2714 ἢ
1331 2641 1390 2704 τῶν

199 2749 411 2822 μεγαλοφυιὺν
445 2745 487 2822 τῷ
523 2744 663 2820 σὺμοιτι,
696 2746 753 2806 τῶν
787 2742 921 2818 δισθμων
951 2742 1014 2821 γὰρ
1049 2739 1192 2827 ὑλὲξις,
1216 2746 1389 2821 οὑθεμίστων

200 2849 250 2934 δέ,
286 2856 344 2914 τῶν
374 2849 473 2928 νόμοις
505 2850 550 2926 μὴ
583 2849 756 2930 χρωμένων.
792 2847 851 2934 (Η)
889 2846 961 2912 Non
991 2851 1077 2932 optio
1101 2849 1195 2914 datur
1218 2851 1273 2916 sed
1295 2855 1391 2917 iuter·

199 2959 334 3042 protetio
341 2977 350 3034 ;
385 2957 585 3022 scribendum
609 2956 717 3042 itaquo
743 2961 778 3020 ut
802 2953 940 3020 adsolet:
966 2953 1071 3041 ἥ(τοι)
1097 2961 1154 3018 τῶν
1178 2963 1390 3038 μερολοφυῶν

199 3065 240 3146 τῷ
277 3067 398 3140 σώματι
426 3060 463 3148 ¹).
509 3063 657 3128 Pleniore
691 3063 769 3128 hseo
805 3061 915 3126 eadem
952 3065 1024 3126 sunt
1060 3063 1094 3126 iu
1129 3061 1155 3126 Τ
1188 3083 1225 3128 so
1261 3064 1389 3130 solitam

199 3173 421 3256 quaestionum
456 3169 593 3235 formam
628 3169 733 3256 magis
772 3170 940 3234 servantia.
989 3173 1056 3238 Πῶς
1092 3167 1300 3248 ὑπερφιάλους
1336 3171 1389 3235 κιιὶ

198 3277 383 3354 ἀθεμίστους
419 3277 471 3340 nai
507 3275 700 3355 ποιροινθμους
737 3276 827 3338 εἰπὼν
857 3275 927 3344 τοὺς
958 3273 1133 3344 Κὺκλωποις
1157 3272 1278 3340 ἄφθονοι
1303 3276 1389 3356 ποιροὺ

598 3381 684 3457 λέγει
709 3381 752 3444 τοὶ
776 3379 903 3458 οὶγοιθοί;
925 3379 1025 3454 οἰρτέον
1042 3373 1093 3444 ὀὑν
1112 3377 1158 3444 ὑτι
1179 3381 1387 3462 ὑπερφιάλους

198 3491 255 3567 μὲν
289 3491 338 3554 διὰ
361 3489 414 3562 rto
440 3490 590 3570 ὑπεροχὴν
616 3494 667 3554 τοὺ
693 3491 857 3565 σώματος,
882 3487 1065 3563 ἀθεμίστους
1092 3485 1123 3550 δὲ
1147 3489 1216 3558 τοὺς
1240 3491 1285 3566 μὴ
1309 3487 1399 3570 νόμιμ’

198 3596 371 3678 χρωμένους
406 3596 559 3676 ἐγγράφῳ
590 3596 640 3660 διὰ
671 3597 705 3658 τὸ
739 3591 869 3660 ἕκαστον
893 3593 993 3657 ἴδιον
1016 3591 1238 3672 ἄρχεσθοιι·
1263 3597 1388 3672 ,θεμισ-

197 3705 279 3769 τεὺει
304 3705 335 3768 δὲ
359 3699 487 3774 ἕιιοιστος
512 3704 629 3774 ποιίδων
654 3702 696 3775 ἡδ’
721 3700 876 3780 οίλθχου,”
894 3699 966 3779 ὅπερ
988 3701 1117 3776 νίνομίοις
1136 3709 1270 3776 σημεῖον.
1295 3701 1389 3768 Prae·

199 3814 273 3880 tulit
304 3808 485 3876 Diodorfius
509 3809 609 3888 νθμοις
633 3810 809 3888 ἐγγράφοις
833 3811 928 3894 (App.
953 3829 983 3891 p.
1011 3807 1107 3890 777),
1132 3808 1215 3892 quod
1239 3809 1387 3894 praeferri

202 3997 372 4008 --——-—-=·

232 4109 258 4176 1)
282 4110 351 4175 Apud
374 4107 540 4172 grammaticos
558 4106 667 4171 inprimis
685 4106 804 4168 sequiores
822 4099 877 4160 ὶίτοι
895 4087 941 4152 nori
960 4105 1038 4152 miuus
1055 4121 1126 4169 quom
1143 4101 1218 4164 ίίγουν
1235 4105 1313 4155 valere
1330 4123 1387 4155 που·

197 4199 286 4258 πίστι,
309 4201 347 4248 vol
368 4201 412 4248 hoc
438 4215 511 4247 onum
529 4215 555 4246 ex
574 4199 673 4246 infinitis
692 4196 804 4260 exemplis
822 4191 943 4259 probabit:
962 4211 971 4240 ι
989 4197 1044 4245 loo.
1064 4194 1186 4255 Αθγιινέως
1207 4192 1385 4259 δολιχαύλους·

197 4289 298 4338 ἀκόντιον
334 4285 457 4349 ἔτιμήιιιις
486 4289 543 4344 τοὺς
572 4285 659 4343 οιὺλοὺς
690 4283 799 4349 ίχοντοι,
828 4283 899 4338 tn·
929 4285 969 4332 τὰ
998 4283 1138 4346 σιδιὶριοι.
1177 4286 1218 4336 Sic
1236 4289 1285 4338 uu,
1303 4293 1336 4340 At
1354 4293 1383 4341 P:

196 4379 298 4430 ἀκόντια
316 4379 396 4442 μινυιρίι
414 4377 564 4440 ὑλοσιδθρους
583 4377 672 4434 ιιὺλυὺς
693 4375 801 4441 igme,
820 4375 985 4424 τουτέστι
1005 4377 1040 4423 τίν
1057 4393 1074 4424 σ
1095 4373 1195 4440 tuipsa.
1214 4379 1386 4447 Corrigendum

197 4473 269 4523 simui
286 4473 427 4534 μπιιροὺς
448 4497 478 4506 --
502 4469 591 4527 ωὑλοὺς
606 4467 650 4532 ix.
