<?xml version="1.0" encoding="UTF-8"?>
<!DOCTYPE html PUBLIC "-//W3C//DTD XHTML 1.0 Transitional//EN"
    "http://www.w3.org/TR/xhtml1/DTD/xhtml1-transitional.dtd">
<html xmlns="http://www.w3.org/1999/xhtml" xml:lang="en" lang="en">
 <head>
  <title>
</title>
<meta http-equiv="Content-Type" content="text/html;charset=utf-8" />
  <meta name='ocr-system' content='tesseract 3.04.00' />
  <meta name='ocr-capabilities' content='ocr_page ocr_carea ocr_par ocr_line ocrx_word'/>
</head>
<body>
  <div class='ocr_page' id='page_1' title='image "./adodysseameiusq01polagoog_0442.png"; bbox 0 0 3242 5140; ppageno 0'>
   <div class='ocr_carea' id='block_1_1' title="bbox 710 339 776 406">
    <p class='ocr_par' dir='ltr' id='par_1_1' title="bbox 710 339 776 406">
     <span class='ocr_line' id='line_1_1' title="bbox 710 339 776 406; baseline -0.015 0"><span class='ocrx_word' id='word_1_1' title='bbox 710 339 776 406; x_wconf 73' lang='grc'>427</span> 
     </span>
    </p>
   </div>
   <div class='ocr_carea' id='block_1_2' title="bbox 146 531 1342 1260">
    <p class='ocr_par' dir='ltr' id='par_1_2' title="bbox 146 531 1342 1260">
     <span class='ocr_line' id='line_1_2' title="bbox 151 531 1342 614; baseline -0.003 -14"><span class='ocrx_word' id='word_1_2' title='bbox 151 537 165 600; x_wconf 85' lang='grc' dir='ltr'><strong><em>ἰ</em></strong></span> <span class='ocrx_word' id='word_1_3' title='bbox 199 535 373 611; x_wconf 72' lang='grc' dir='ltr'><strong><em>Ἡλιόδωρος</em></strong></span> <span class='ocrx_word' id='word_1_4' title='bbox 397 531 486 610; x_wconf 72' lang='grc' dir='ltr'><strong><em>μέγα</em></strong></span> <span class='ocrx_word' id='word_1_5' title='bbox 510 531 605 610; x_wconf 82' lang='grc' dir='ltr'><strong><em>βάροο</em></strong></span> <span class='ocrx_word' id='word_1_6' title='bbox 632 533 836 614; x_wconf 75' lang='grc' dir='ltr'><strong><em>παρεχόμενα</em></strong></span> <span class='ocrx_word' id='word_1_7' title='bbox 861 541 924 605; x_wconf 83' lang='grc' dir='ltr'><strong><em>σοῖς</em></strong></span> <span class='ocrx_word' id='word_1_8' title='bbox 948 531 1107 612; x_wconf 83' lang='grc' dir='ltr'><strong><em>ἀνδράσιν,</em></strong></span> <span class='ocrx_word' id='word_1_9' title='bbox 1133 533 1145 596; x_wconf 89' lang='lat' dir='ltr'>c&#39;</span> <span class='ocrx_word' id='word_1_10' title='bbox 1170 531 1201 598; x_wconf 76' lang='grc' dir='ltr'>δὲ</span> <span class='ocrx_word' id='word_1_11' title='bbox 1225 533 1342 598; x_wconf 89' lang='grc' dir='ltr'><strong><em>Ἀπίων</em></strong></span> 
     </span>
     <span class='ocr_line' id='line_1_3' title="bbox 148 634 1340 722; baseline -0.002 -14"><span class='ocrx_word' id='word_1_12' title='bbox 148 651 211 714; x_wconf 80' lang='grc' dir='ltr'><strong><em>τοῖς</em></strong></span> <span class='ocrx_word' id='word_1_13' title='bbox 243 641 345 718; x_wconf 77' lang='grc' dir='ltr'><strong><em>ἀνδρὸς</em></strong></span> <span class='ocrx_word' id='word_1_14' title='bbox 370 639 466 718; x_wconf 86' lang='grc' dir='ltr'><strong><em>βάρος</em></strong></span> <span class='ocrx_word' id='word_1_15' title='bbox 491 639 624 722; x_wconf 79' lang='grc' dir='ltr'><strong><em>ἔχουσιν.</em></strong></span> <span class='ocrx_word' id='word_1_16' title='bbox 648 639 665 716; x_wconf 83' lang='grc' dir='ltr'><strong><em>ή</em></strong></span> <span class='ocrx_word' id='word_1_17' title='bbox 690 634 747 704; x_wconf 89' lang='grc' dir='ltr'><strong><em>οἰον</em></strong></span> <span class='ocrx_word' id='word_1_18' title='bbox 770 639 956 719; x_wconf 77' lang='grc' dir='ltr'><strong><em>ἀνδραχίσιν</em></strong></span> <span class='ocrx_word' id='word_1_19' title='bbox 980 640 1066 706; x_wconf 85' lang='grc' dir='ltr'><strong><em>ιιαπά</em></strong></span> <span class='ocrx_word' id='word_1_20' title='bbox 1089 638 1264 720; x_wconf 83' lang='grc' dir='ltr'><strong><em>παρίνίεσιν</em></strong></span> <span class='ocrx_word' id='word_1_21' title='bbox 1286 642 1340 706; x_wconf 81' lang='grc' dir='ltr'>σοῦ</span> 
     </span>
     <span class='ocr_line' id='line_1_4' title="bbox 146 745 1342 828; baseline 0 -14"><span class='ocrx_word' id='word_1_22' title='bbox 146 752 181 824; x_wconf 82' lang='lat' dir='ltr'>l,</span> <span class='ocrx_word' id='word_1_23' title='bbox 212 746 247 814; x_wconf 79' lang='grc' dir='ltr'>ἵν’</span> <span class='ocrx_word' id='word_1_24' title='bbox 274 745 291 828; x_wconf 71' lang='grc' dir='ltr'><strong><em>ᾖ</em></strong></span> <span class='ocrx_word' id='word_1_25' title='bbox 317 755 379 818; x_wconf 79' lang='grc' dir='ltr'><strong><em>τοῖς</em></strong></span> <span class='ocrx_word' id='word_1_26' title='bbox 404 749 547 826; x_wconf 85' lang='grc' dir='ltr'><strong><em>ἀνδράσιν</em></strong></span> <span class='ocrx_word' id='word_1_27' title='bbox 571 745 652 828; x_wconf 84' lang='grc' dir='ltr'><strong><em>ἀχος</em></strong></span> <span class='ocrx_word' id='word_1_28' title='bbox 677 751 819 812; x_wconf 80' lang='grc' dir='ltr'><strong><em>ποιοῦσιν.</em></strong></span> <span class='ocrx_word' id='word_1_29' title='bbox 868 747 954 812; x_wconf 83' lang='lat' dir='ltr'>llino</span> <span class='ocrx_word' id='word_1_30' title='bbox 977 750 1151 814; x_wconf 81' lang='lat' dir='ltr'>necessario</span> <span class='ocrx_word' id='word_1_31' title='bbox 1174 747 1342 816; x_wconf 84' lang='lat' dir='ltr'>emendan-</span> 
     </span>
     <span class='ocr_line' id='line_1_5' title="bbox 147 853 1342 941; baseline -0.001 -20"><span class='ocrx_word' id='word_1_32' title='bbox 147 857 207 922; x_wconf 89' lang='lat' dir='ltr'>dus</span> <span class='ocrx_word' id='word_1_33' title='bbox 242 854 441 941; x_wconf 86' lang='lat' dir='ltr'>Hesychius:</span> <span class='ocrx_word' id='word_1_34' title='bbox 476 853 763 934; x_wconf 80' lang='grc' dir='ltr'><strong><em>Ἀνδραχίἑσι·</em></strong></span> <span class='ocrx_word' id='word_1_35' title='bbox 799 861 861 926; x_wconf 85' lang='grc' dir='ltr'>ποίς</span> <span class='ocrx_word' id='word_1_36' title='bbox 902 853 1079 930; x_wconf 71' lang='grc' dir='ltr'><strong><em>δυναμένοις</em></strong></span> <span class='ocrx_word' id='word_1_37' title='bbox 1114 855 1167 920; x_wconf 82' lang='grc' dir='ltr'><strong><em>καί</em></strong></span> <span class='ocrx_word' id='word_1_38' title='bbox 1200 854 1342 932; x_wconf 73' lang='grc' dir='ltr'><strong><em>ἀνδράσιν</em></strong></span> 
     </span>
     <span class='ocr_line' id='line_1_6' title="bbox 147 959 1341 1046; baseline -0.003 -18"><span class='ocrx_word' id='word_1_39' title='bbox 147 961 242 1042; x_wconf 79' lang='grc' dir='ltr'><strong><em>ἀχθος</em></strong></span> <span class='ocrx_word' id='word_1_40' title='bbox 265 968 400 1032; x_wconf 82' lang='grc' dir='ltr'><strong><em>ποιήσαι.</em></strong></span> <span class='ocrx_word' id='word_1_41' title='bbox 436 959 539 1026; x_wconf 90' lang='lat' dir='ltr'>lmmo</span> <span class='ocrx_word' id='word_1_42' title='bbox 563 979 652 1044; x_wconf 83' lang='lat' dir='ltr'>vero,</span> <span class='ocrx_word' id='word_1_43' title='bbox 670 967 706 1025; x_wconf 90' lang='lat' dir='ltr'>ut</span> <span class='ocrx_word' id='word_1_44' title='bbox 724 961 808 1046; x_wconf 88' lang='lat' dir='ltr'>apud</span> <span class='ocrx_word' id='word_1_45' title='bbox 826 959 1056 1046; x_wconf 80' lang='lat' dir='ltr'>Apollonium,</span> <span class='ocrx_word' id='word_1_46' title='bbox 1076 959 1097 1024; x_wconf 92' lang='grc' dir='ltr'><strong><em>ἀ</em></strong></span> <span class='ocrx_word' id='word_1_47' title='bbox 1107 983 1179 1042; x_wconf 81' lang='grc' dir='ltr'>χος</span> <span class='ocrx_word' id='word_1_48' title='bbox 1198 967 1341 1044; x_wconf 79' lang='grc' dir='ltr'><strong><em>ποιήσαι,</em></strong></span> 
     </span>
     <span class='ocr_line' id='line_1_7' title="bbox 146 1065 1341 1154; baseline -0.002 -20"><span class='ocrx_word' id='word_1_49' title='bbox 146 1087 220 1134; x_wconf 86' lang='lat' dir='ltr'>nam</span> <span class='ocrx_word' id='word_1_50' title='bbox 251 1069 279 1134; x_wconf 91' lang='lat' dir='ltr'>si</span> <span class='ocrx_word' id='word_1_51' title='bbox 310 1065 407 1148; x_wconf 74' lang='grc' dir='ltr'><strong><em>ἄχθος</em></strong></span> <span class='ocrx_word' id='word_1_52' title='bbox 438 1087 552 1134; x_wconf 81' lang='lat' dir='ltr'>verum</span> <span class='ocrx_word' id='word_1_53' title='bbox 576 1073 677 1151; x_wconf 83' lang='lat' dir='ltr'>esest,</span> <span class='ocrx_word' id='word_1_54' title='bbox 700 1077 757 1134; x_wconf 85' lang='lat' dir='ltr'>ant</span> <span class='ocrx_word' id='word_1_55' title='bbox 780 1073 959 1148; x_wconf 72' lang='grc' dir='ltr'><strong><em>παρασχεῖν</em></strong></span> <span class='ocrx_word' id='word_1_56' title='bbox 983 1069 1195 1154; x_wconf 83' lang='lat' dir='ltr'>requireretur</span> <span class='ocrx_word' id='word_1_57' title='bbox 1217 1073 1274 1134; x_wconf 90' lang='lat' dir='ltr'>aut</span> <span class='ocrx_word' id='word_1_58' title='bbox 1297 1067 1341 1132; x_wconf 93' lang='lat' dir='ltr'>si-</span> 
     </span>
     <span class='ocr_line' id='line_1_8' title="bbox 152 1174 341 1260; baseline -0.011 -20"><span class='ocrx_word' id='word_1_59' title='bbox 152 1174 232 1242; x_wconf 86' lang='lat' dir='ltr'>mile</span> <span class='ocrx_word' id='word_1_60' title='bbox 256 1174 341 1260; x_wconf 87' lang='lat' dir='ltr'>quid.</span> 
     </span>
    </p>
   </div>
   <div class='ocr_carea' id='block_1_3' title="bbox 148 1387 1358 3164">
    <p class='ocr_par' dir='ltr' id='par_1_3' title="bbox 148 1387 1358 3164">
     <span class='ocr_line' id='line_1_9' title="bbox 193 1387 1343 1472; baseline 0.001 -19"><span class='ocrx_word' id='word_1_61' title='bbox 193 1413 230 1472; x_wconf 89' lang='grc' dir='ltr'>ιι,</span> <span class='ocrx_word' id='word_1_62' title='bbox 258 1387 334 1456; x_wconf 84' lang='grc'><strong>137.</strong></span> <span class='ocrx_word' id='word_1_63' title='bbox 379 1389 471 1456; x_wconf 81' lang='lat' dir='ltr'>(lirae</span> <span class='ocrx_word' id='word_1_64' title='bbox 494 1393 626 1455; x_wconf 83' lang='lat' dir='ltr'>vocatur</span> <span class='ocrx_word' id='word_1_65' title='bbox 648 1387 899 1466; x_wconf 71' lang='grc' dir='ltr'><strong><em>αὐτοκασιγνήτη</em></strong></span> <span class='ocrx_word' id='word_1_66' title='bbox 924 1389 1097 1469; x_wconf 75' lang='grc' dir='ltr'><strong><em>ὀλοόφρονος</em></strong></span> <span class='ocrx_word' id='word_1_67' title='bbox 1124 1389 1255 1464; x_wconf 79' lang='grc' dir='ltr'><strong><em>Αἰήταο.</em></strong></span> <span class='ocrx_word' id='word_1_68' title='bbox 1292 1388 1343 1454; x_wconf 84' lang='lat' dir='ltr'>Ad</span> 
     </span>
     <span class='ocr_line' id='line_1_10' title="bbox 150 1493 1343 1578; baseline 0 -18"><span class='ocrx_word' id='word_1_69' title='bbox 150 1495 324 1578; x_wconf 69' lang='grc' dir='ltr'><strong><em>ὀλοόφρονος</em></strong></span> <span class='ocrx_word' id='word_1_70' title='bbox 360 1497 547 1562; x_wconf 84' lang='lat' dir='ltr'>observatur</span> <span class='ocrx_word' id='word_1_71' title='bbox 581 1497 616 1562; x_wconf 87' lang='lat' dir='ltr'>in</span> <span class='ocrx_word' id='word_1_72' title='bbox 651 1493 693 1561; x_wconf 64' lang='grc' dir='ltr'>Τπ</span> <span class='ocrx_word' id='word_1_73' title='bbox 728 1495 796 1560; x_wconf 76' lang='grc' dir='ltr'>ἐπεὶ</span> <span class='ocrx_word' id='word_1_74' title='bbox 826 1495 896 1568; x_wconf 81' lang='grc' dir='ltr'><strong><em>τοὺς</em></strong></span> <span class='ocrx_word' id='word_1_75' title='bbox 930 1499 1014 1573; x_wconf 85' lang='grc' dir='ltr'>μετά</span> <span class='ocrx_word' id='word_1_76' title='bbox 1046 1498 1177 1570; x_wconf 80' lang='grc' dir='ltr'><strong><em>Ἰἀσονυς</em></strong></span> <span class='ocrx_word' id='word_1_77' title='bbox 1208 1499 1343 1576; x_wconf 75' lang='grc' dir='ltr'><strong><em>ἀριστεῖς</em></strong></span> 
     </span>
     <span class='ocr_line' id='line_1_11' title="bbox 148 1595 1343 1683; baseline -0.004 -13"><span class='ocrx_word' id='word_1_78' title='bbox 148 1606 329 1670; x_wconf 74' lang='grc' dir='ltr'><strong><em>ἀποκτεῖναι</em></strong></span> <span class='ocrx_word' id='word_1_79' title='bbox 360 1602 507 1677; x_wconf 78' lang='grc' dir='ltr'><strong><em>ήίἰλησε·</em></strong></span> <span class='ocrx_word' id='word_1_80' title='bbox 542 1609 596 1676; x_wconf 79' lang='grc' dir='ltr'>τῆς</span> <span class='ocrx_word' id='word_1_81' title='bbox 627 1595 691 1681; x_wconf 78' lang='grc' dir='ltr'>γ’ἀρ</span> <span class='ocrx_word' id='word_1_82' title='bbox 723 1601 789 1681; x_wconf 82' lang='grc' dir='ltr'>περί</span> <span class='ocrx_word' id='word_1_83' title='bbox 822 1604 894 1672; x_wconf 81' lang='grc' dir='ltr'><strong><em>τοὺς</em></strong></span> <span class='ocrx_word' id='word_1_84' title='bbox 917 1603 1133 1683; x_wconf 71' lang='grc' dir='ltr'><strong><em>Ἀργοναύτοις</em></strong></span> <span class='ocrx_word' id='word_1_85' title='bbox 1158 1603 1267 1680; x_wconf 67' lang='grc' dir='ltr'><strong><em>Φήμιε</em></strong></span> <span class='ocrx_word' id='word_1_86' title='bbox 1294 1601 1343 1668; x_wconf 83' lang='grc' dir='ltr'>ἰπί</span> 
     </span>
     <span class='ocr_line' id='line_1_12' title="bbox 148 1708 1358 1798; baseline -0.001 -22"><span class='ocrx_word' id='word_1_87' title='bbox 148 1719 211 1784; x_wconf 84' lang='grc' dir='ltr'><strong><em>σοῖς</em></strong></span> <span class='ocrx_word' id='word_1_88' title='bbox 247 1710 409 1789; x_wconf 76' lang='grc' dir='ltr'><strong><em>ἀνθρώποις</em></strong></span> <span class='ocrx_word' id='word_1_89' title='bbox 447 1708 537 1782; x_wconf 90' lang='grc' dir='ltr'><strong><em>οιίσης</em></strong></span> <span class='ocrx_word' id='word_1_90' title='bbox 569 1710 683 1784; x_wconf 87' lang='grc' dir='ltr'><strong><em>ἀδήλου</em></strong></span> <span class='ocrx_word' id='word_1_91' title='bbox 715 1710 765 1774; x_wconf 83' lang='grc' dir='ltr'>ε’πί</span> <span class='ocrx_word' id='word_1_92' title='bbox 796 1710 905 1792; x_wconf 83' lang='grc' dir='ltr'><strong><em>βραχὺ</em></strong></span> <span class='ocrx_word' id='word_1_93' title='bbox 936 1711 1098 1786; x_wconf 81' lang='grc' dir='ltr'><strong><em>ήσίημένος</em></strong></span> <span class='ocrx_word' id='word_1_94' title='bbox 1134 1711 1204 1798; x_wconf 75' lang='lat' dir='ltr'>(sio)</span> <span class='ocrx_word' id='word_1_95' title='bbox 1239 1712 1358 1780; x_wconf 83' lang='grc' dir='ltr'><strong><em>αὐτοῖς·</em></strong></span> 
     </span>
     <span class='ocr_line' id='line_1_13' title="bbox 149 1815 1345 1896; baseline -0.003 -11"><span class='ocrx_word' id='word_1_96' title='bbox 149 1817 255 1896; x_wconf 73' lang='lat' dir='ltr'>ductor</span> <span class='ocrx_word' id='word_1_97' title='bbox 289 1817 365 1884; x_wconf 83' lang='grc' dir='ltr'><strong><em>ἰοιιιε</em></strong></span> <span class='ocrx_word' id='word_1_98' title='bbox 397 1817 452 1889; x_wconf 81' lang='grc' dir='ltr'><strong><em>τήν</em></strong></span> <span class='ocrx_word' id='word_1_99' title='bbox 481 1816 597 1882; x_wconf 87' lang='grc' dir='ltr'><strong><em>Αἰαίαν</em></strong></span> <span class='ocrx_word' id='word_1_100' title='bbox 630 1817 692 1880; x_wconf 81' lang='grc' dir='ltr'>ἀπὸ</span> <span class='ocrx_word' id='word_1_101' title='bbox 725 1821 776 1882; x_wconf 78' lang='grc' dir='ltr'>τοῦ</span> <span class='ocrx_word' id='word_1_102' title='bbox 808 1819 921 1892; x_wconf 88' lang='grc' dir='ltr'><strong><em>Αἰήτου</em></strong></span> <span class='ocrx_word' id='word_1_103' title='bbox 950 1815 1131 1893; x_wconf 82' lang='grc' dir='ltr'><strong><em>ἀνομάσίαι.</em></strong></span> <span class='ocrx_word' id='word_1_104' title='bbox 1179 1815 1345 1882; x_wconf 87' lang='lat' dir='ltr'>Ultimum</span> 
     </span>
     <span class='ocr_line' id='line_1_14' title="bbox 148 1923 1345 2010; baseline -0.007 -16"><span class='ocrx_word' id='word_1_105' title='bbox 148 1926 282 1993; x_wconf 85' lang='lat' dir='ltr'>verbum</span> <span class='ocrx_word' id='word_1_106' title='bbox 306 1923 467 1990; x_wconf 86' lang='lat' dir='ltr'>Prellerus</span> <span class='ocrx_word' id='word_1_107' title='bbox 488 1926 641 2006; x_wconf 80' lang='lat' dir='ltr'>correxit,</span> <span class='ocrx_word' id='word_1_108' title='bbox 659 1944 734 1990; x_wconf 86' lang='lat' dir='ltr'>nam</span> <span class='ocrx_word' id='word_1_109' title='bbox 752 1925 785 1988; x_wconf 91' lang='lat' dir='ltr'>in</span> <span class='ocrx_word' id='word_1_110' title='bbox 806 1924 912 1990; x_wconf 88' lang='lat' dir='ltr'>codice</span> <span class='ocrx_word' id='word_1_111' title='bbox 932 1924 1050 1990; x_wconf 89' lang='lat' dir='ltr'>dieitur</span> <span class='ocrx_word' id='word_1_112' title='bbox 1069 1923 1136 2010; x_wconf 77' lang='lat' dir='ltr'>legi</span> <span class='ocrx_word' id='word_1_113' title='bbox 1156 1923 1345 2000; x_wconf 74' lang='grc' dir='ltr'><strong><em>ὠνόμοσται.</em></strong></span> 
     </span>
     <span class='ocr_line' id='line_1_15' title="bbox 150 2028 1345 2115; baseline -0.008 -16"><span class='ocrx_word' id='word_1_114' title='bbox 150 2029 281 2099; x_wconf 80' lang='lat' dir='ltr'>Caetera</span> <span class='ocrx_word' id='word_1_115' title='bbox 313 2037 454 2097; x_wconf 88' lang='lat' dir='ltr'>monstra</span> <span class='ocrx_word' id='word_1_116' title='bbox 477 2051 534 2096; x_wconf 91' lang='lat' dir='ltr'>nec</span> <span class='ocrx_word' id='word_1_117' title='bbox 557 2033 626 2115; x_wconf 86' lang='lat' dir='ltr'>ipae</span> <span class='ocrx_word' id='word_1_118' title='bbox 648 2032 830 2115; x_wconf 85' lang='lat' dir='ltr'>procurarit</span> <span class='ocrx_word' id='word_1_119' title='bbox 855 2036 887 2094; x_wconf 94' lang='lat' dir='ltr'>et</span> <span class='ocrx_word' id='word_1_120' title='bbox 909 2028 1091 2096; x_wconf 87' lang='lat' dir='ltr'>Dindorfius</span> <span class='ocrx_word' id='word_1_121' title='bbox 1114 2032 1234 2096; x_wconf 89' lang='lat' dir='ltr'>intacta</span> <span class='ocrx_word' id='word_1_122' title='bbox 1257 2030 1345 2096; x_wconf 85' lang='lat' dir='ltr'>sirit.</span> 
     </span>
     <span class='ocr_line' id='line_1_16' title="bbox 149 2133 1344 2224; baseline -0.005 -19"><span class='ocrx_word' id='word_1_123' title='bbox 149 2141 300 2205; x_wconf 75' lang='lat' dir='ltr'>Attamen</span> <span class='ocrx_word' id='word_1_124' title='bbox 324 2138 395 2215; x_wconf 89' lang='lat' dir='ltr'>hic,</span> <span class='ocrx_word' id='word_1_125' title='bbox 419 2137 502 2222; x_wconf 91' lang='lat' dir='ltr'>quod</span> <span class='ocrx_word' id='word_1_126' title='bbox 526 2138 559 2200; x_wconf 91' lang='lat' dir='ltr'>in</span> <span class='ocrx_word' id='word_1_127' title='bbox 583 2137 711 2224; x_wconf 80' lang='lat' dir='ltr'>magnis</span> <span class='ocrx_word' id='word_1_128' title='bbox 734 2134 919 2202; x_wconf 83' lang='lat' dir='ltr'>vulneribus</span> <span class='ocrx_word' id='word_1_129' title='bbox 943 2135 1007 2202; x_wconf 82' lang='lat' dir='ltr'>iere</span> <span class='ocrx_word' id='word_1_130' title='bbox 1031 2157 1092 2201; x_wconf 84' lang='lat' dir='ltr'>neu</span> <span class='ocrx_word' id='word_1_131' title='bbox 1116 2137 1224 2201; x_wconf 84' lang='lat' dir='ltr'>venire</span> <span class='ocrx_word' id='word_1_132' title='bbox 1248 2133 1344 2211; x_wconf 86' lang='lat' dir='ltr'>solet,</span> 
     </span>
     <span class='ocr_line' id='line_1_17' title="bbox 150 2242 1346 2329; baseline -0.005 -17"><span class='ocrx_word' id='word_1_133' title='bbox 150 2243 330 2314; x_wconf 85' lang='lat' dir='ltr'>remedium</span> <span class='ocrx_word' id='word_1_134' title='bbox 361 2247 395 2310; x_wconf 88' lang='lat' dir='ltr'>in</span> <span class='ocrx_word' id='word_1_135' title='bbox 428 2248 579 2329; x_wconf 88' lang='lat' dir='ltr'>promptu</span> <span class='ocrx_word' id='word_1_136' title='bbox 607 2247 667 2308; x_wconf 86' lang='lat' dir='ltr'>eet.</span> <span class='ocrx_word' id='word_1_137' title='bbox 714 2242 896 2309; x_wconf 85' lang='lat' dir='ltr'>Scribetur:</span> <span class='ocrx_word' id='word_1_138' title='bbox 921 2249 975 2315; x_wconf 75' lang='grc' dir='ltr'>τῆς</span> <span class='ocrx_word' id='word_1_139' title='bbox 1001 2242 1064 2320; x_wconf 74' lang='grc' dir='ltr'>γὰρ</span> <span class='ocrx_word' id='word_1_140' title='bbox 1088 2242 1155 2321; x_wconf 73' lang='grc' dir='ltr'><strong><em>περὶ</em></strong></span> <span class='ocrx_word' id='word_1_141' title='bbox 1180 2242 1251 2314; x_wconf 78' lang='grc' dir='ltr'><strong><em>τοὺς</em></strong></span> <span class='ocrx_word' id='word_1_142' title='bbox 1276 2245 1346 2320; x_wconf 85' lang='grc' dir='ltr'>Ἀρ-</span> 
     </span>
     <span class='ocr_line' id='line_1_18' title="bbox 151 2344 1345 2430; baseline -0.008 -10"><span class='ocrx_word' id='word_1_143' title='bbox 151 2353 309 2430; x_wconf 80' lang='grc' dir='ltr'><strong><em>νονοιύσας</em></strong></span> <span class='ocrx_word' id='word_1_144' title='bbox 340 2354 450 2430; x_wconf 83' lang='grc' dir='ltr'><strong><em>Φήμης</em></strong></span> <span class='ocrx_word' id='word_1_145' title='bbox 485 2346 546 2413; x_wconf 80' lang='grc' dir='ltr'>ἔτι</span> <span class='ocrx_word' id='word_1_146' title='bbox 578 2355 640 2422; x_wconf 86' lang='grc' dir='ltr'>τοίς</span> <span class='ocrx_word' id='word_1_147' title='bbox 674 2345 836 2428; x_wconf 77' lang='grc' dir='ltr'><strong><em>ἀνθρώποις</em></strong></span> <span class='ocrx_word' id='word_1_148' title='bbox 869 2347 959 2422; x_wconf 83' lang='grc' dir='ltr'><strong><em>οὔσης</em></strong></span> <span class='ocrx_word' id='word_1_149' title='bbox 991 2348 1127 2426; x_wconf 85' lang='grc' dir='ltr'><strong><em>ἀδήλου,</em></strong></span> <span class='ocrx_word' id='word_1_150' title='bbox 1160 2348 1209 2412; x_wconf 79' lang='grc' dir='ltr'>ἐπί</span> <span class='ocrx_word' id='word_1_151' title='bbox 1234 2344 1345 2426; x_wconf 79' lang='grc' dir='ltr'><strong><em>βραχὺ</em></strong></span> 
     </span>
     <span class='ocr_line' id='line_1_19' title="bbox 153 2452 1344 2541; baseline -0.007 -15"><span class='ocrx_word' id='word_1_152' title='bbox 153 2459 390 2541; x_wconf 83' lang='grc' dir='ltr'><strong><em>ήσίημίνσις</em></strong></span> <span class='ocrx_word' id='word_1_153' title='bbox 426 2457 547 2530; x_wconf 75' lang='grc' dir='ltr'><strong><em>αὐτῆς</em></strong></span> <span class='ocrx_word' id='word_1_154' title='bbox 579 2455 798 2532; x_wconf 72' lang='grc' dir='ltr'><strong><em>ὁμωνύμως</em></strong></span> <span class='ocrx_word' id='word_1_155' title='bbox 833 2452 945 2534; x_wconf 80' lang='grc' dir='ltr'><strong><em>ε’ᾦιιει</em></strong></span> <span class='ocrx_word' id='word_1_156' title='bbox 977 2456 1032 2529; x_wconf 82' lang='grc' dir='ltr'><strong><em>τήν</em></strong></span> <span class='ocrx_word' id='word_1_157' title='bbox 1063 2455 1179 2522; x_wconf 73' lang='lat' dir='ltr'>Alaina</span> <span class='ocrx_word' id='word_1_158' title='bbox 1203 2454 1266 2520; x_wconf 83' lang='grc' dir='ltr'>ἀπὸ</span> <span class='ocrx_word' id='word_1_159' title='bbox 1290 2457 1344 2520; x_wconf 84' lang='grc' dir='ltr'>ποῦ</span> 
     </span>
     <span class='ocr_line' id='line_1_20' title="bbox 152 2559 1345 2646; baseline -0.008 -12"><span class='ocrx_word' id='word_1_160' title='bbox 152 2567 267 2642; x_wconf 83' lang='grc' dir='ltr'><strong><em>Αἰήτου</em></strong></span> <span class='ocrx_word' id='word_1_161' title='bbox 295 2562 485 2640; x_wconf 67' lang='lat' dir='ltr'>denudetur,</span> <span class='ocrx_word' id='word_1_162' title='bbox 509 2582 589 2646; x_wconf 85' lang='lat' dir='ltr'>quae</span> <span class='ocrx_word' id='word_1_163' title='bbox 612 2581 669 2628; x_wconf 87' lang='lat' dir='ltr'>nec</span> <span class='ocrx_word' id='word_1_164' title='bbox 693 2560 779 2626; x_wconf 86' lang='lat' dir='ltr'>male</span> <span class='ocrx_word' id='word_1_165' title='bbox 801 2563 969 2628; x_wconf 71' lang='lat' dir='ltr'>enunciata</span> <span class='ocrx_word' id='word_1_166' title='bbox 993 2567 1068 2626; x_wconf 87' lang='lat' dir='ltr'>cunt</span> <span class='ocrx_word' id='word_1_167' title='bbox 1089 2581 1147 2627; x_wconf 85' lang='lat' dir='ltr'>nce</span> <span class='ocrx_word' id='word_1_168' title='bbox 1170 2559 1345 2626; x_wconf 84' lang='lat' dir='ltr'>observata.</span> 
     </span>
     <span class='ocr_line' id='line_1_21' title="bbox 151 2665 1347 2760; baseline -0.008 -20"><span class='ocrx_word' id='word_1_169' title='bbox 151 2671 361 2760; x_wconf 79' lang='lat' dir='ltr'>Singulorum</span> <span class='ocrx_word' id='word_1_170' title='bbox 386 2670 615 2736; x_wconf 80' lang='lat' dir='ltr'>correctionum</span> <span class='ocrx_word' id='word_1_171' title='bbox 638 2669 777 2734; x_wconf 86' lang='lat' dir='ltr'>rationes</span> <span class='ocrx_word' id='word_1_172' title='bbox 800 2687 927 2752; x_wconf 88' lang='lat' dir='ltr'>operose</span> <span class='ocrx_word' id='word_1_173' title='bbox 947 2667 1075 2733; x_wconf 89' lang='lat' dir='ltr'>reddere</span> <span class='ocrx_word' id='word_1_174' title='bbox 1093 2665 1177 2732; x_wconf 89' lang='lat' dir='ltr'>nihil</span> <span class='ocrx_word' id='word_1_175' title='bbox 1195 2686 1275 2753; x_wconf 89' lang='lat' dir='ltr'>opus</span> <span class='ocrx_word' id='word_1_176' title='bbox 1287 2671 1347 2732; x_wconf 87' lang='lat' dir='ltr'>est.</span> 
     </span>
     <span class='ocr_line' id='line_1_22' title="bbox 154 2774 1348 2860; baseline -0.007 -16"><span class='ocrx_word' id='word_1_177' title='bbox 154 2779 238 2859; x_wconf 82' lang='lat' dir='ltr'>Quid</span> <span class='ocrx_word' id='word_1_178' title='bbox 260 2780 368 2842; x_wconf 89' lang='lat' dir='ltr'>tritius</span> <span class='ocrx_word' id='word_1_179' title='bbox 390 2796 487 2860; x_wconf 85' lang='lat' dir='ltr'>quam</span> <span class='ocrx_word' id='word_1_180' title='bbox 512 2775 659 2856; x_wconf 80' lang='grc' dir='ltr'><strong><em>ήσίήσθαί</em></strong></span> <span class='ocrx_word' id='word_1_181' title='bbox 682 2795 759 2842; x_wconf 84' lang='grc' dir='ltr'><strong><em>τινος</em></strong></span> <span class='ocrx_word' id='word_1_182' title='bbox 783 2791 839 2858; x_wconf 90' lang='lat' dir='ltr'>pro</span> <span class='ocrx_word' id='word_1_183' title='bbox 862 2775 994 2858; x_wconf 76' lang='grc' dir='ltr'><strong><em>αἰίριισιιι</em></strong></span> <span class='ocrx_word' id='word_1_184' title='bbox 1013 2797 1074 2840; x_wconf 81' lang='lat' dir='ltr'>rem</span> <span class='ocrx_word' id='word_1_185' title='bbox 1097 2781 1270 2858; x_wconf 77' lang='lat' dir='ltr'>compertam</span> <span class='ocrx_word' id='word_1_186' title='bbox 1294 2774 1348 2837; x_wconf 79' lang='lat' dir='ltr'>la·</span> 
     </span>
     <span class='ocr_line' id='line_1_23' title="bbox 153 2879 1347 2968; baseline -0.007 -16"><span class='ocrx_word' id='word_1_187' title='bbox 153 2884 244 2952; x_wconf 77' lang='lat' dir='ltr'>herc?</span> <span class='ocrx_word' id='word_1_188' title='bbox 277 2883 320 2950; x_wconf 79' lang='lat' dir='ltr'>Et</span> <span class='ocrx_word' id='word_1_189' title='bbox 350 2882 500 2968; x_wconf 84' lang='lat' dir='ltr'>quonlam</span> <span class='ocrx_word' id='word_1_190' title='bbox 532 2883 550 2954; x_wconf 88' lang='grc' dir='ltr'><strong><em>ή</em></strong></span> <span class='ocrx_word' id='word_1_191' title='bbox 576 2880 674 2946; x_wconf 74' lang='lat' dir='ltr'>Alata</span> <span class='ocrx_word' id='word_1_192' title='bbox 698 2879 839 2956; x_wconf 83' lang='grc' dir='ltr'><strong><em>ἰμοίιοι</em></strong></span> <span class='ocrx_word' id='word_1_193' title='bbox 865 2879 1041 2957; x_wconf 84' lang='grc' dir='ltr'><strong><em>οἰνάμασπαι</em></strong></span> <span class='ocrx_word' id='word_1_194' title='bbox 1066 2881 1130 2946; x_wconf 82' lang='grc' dir='ltr'>ἀπδ</span> <span class='ocrx_word' id='word_1_195' title='bbox 1154 2885 1207 2945; x_wconf 82' lang='grc' dir='ltr'>τοῦ</span> <span class='ocrx_word' id='word_1_196' title='bbox 1232 2881 1347 2955; x_wconf 78' lang='grc' dir='ltr'><strong><em>,Αἰήτου</em></strong></span> 
     </span>
     <span class='ocr_line' id='line_1_24' title="bbox 153 2985 1347 3070; baseline -0.005 -12"><span class='ocrx_word' id='word_1_197' title='bbox 153 2991 235 3058; x_wconf 82' lang='lat' dir='ltr'>nihil</span> <span class='ocrx_word' id='word_1_198' title='bbox 266 2997 331 3070; x_wconf 85' lang='lat' dir='ltr'>est,</span> <span class='ocrx_word' id='word_1_199' title='bbox 362 2987 536 3056; x_wconf 84' lang='lat' dir='ltr'>necessario</span> <span class='ocrx_word' id='word_1_200' title='bbox 568 2985 639 3052; x_wconf 93' lang='lat' dir='ltr'>dedi</span> <span class='ocrx_word' id='word_1_201' title='bbox 665 2985 847 3064; x_wconf 75' lang='grc' dir='ltr'><strong><em>ὁμωνύμως,</em></strong></span> <span class='ocrx_word' id='word_1_202' title='bbox 876 3007 895 3054; x_wconf 88' lang='lat' dir='ltr'>a</span> <span class='ocrx_word' id='word_1_203' title='bbox 924 2985 1105 3054; x_wconf 88' lang='lat' dir='ltr'>litterarum</span> <span class='ocrx_word' id='word_1_204' title='bbox 1131 2987 1347 3054; x_wconf 80' lang='lat' dir='ltr'>similitudine</span> 
     </span>
     <span class='ocr_line' id='line_1_25' title="bbox 155 3094 657 3164; baseline -0.014 0"><span class='ocrx_word' id='word_1_205' title='bbox 155 3117 217 3164; x_wconf 90' lang='lat' dir='ltr'>non</span> <span class='ocrx_word' id='word_1_206' title='bbox 240 3101 286 3164; x_wconf 88' lang='lat' dir='ltr'>ite</span> <span class='ocrx_word' id='word_1_207' title='bbox 308 3095 451 3162; x_wconf 85' lang='lat' dir='ltr'>multum</span> <span class='ocrx_word' id='word_1_208' title='bbox 476 3094 657 3160; x_wconf 85' lang='lat' dir='ltr'>abhorrens.</span> 
     </span>
    </p>
   </div>
   <div class='ocr_carea' id='block_1_4' title="bbox 155 3306 1356 4546">
    <p class='ocr_par' dir='ltr' id='par_1_4' title="bbox 155 3306 1356 4546">
     <span class='ocr_line' id='line_1_26' title="bbox 201 3306 1349 3396; baseline -0.001 -24"><span class='ocrx_word' id='word_1_209' title='bbox 201 3333 238 3387; x_wconf 83' lang='grc' dir='ltr'>κ,</span> <span class='ocrx_word' id='word_1_210' title='bbox 265 3307 341 3374; x_wconf 81' lang='lat'>146.</span> <span class='ocrx_word' id='word_1_211' title='bbox 390 3308 440 3374; x_wconf 78' lang='lat' dir='ltr'>ld</span> <span class='ocrx_word' id='word_1_212' title='bbox 468 3306 570 3382; x_wconf 85' lang='grc' dir='ltr'><strong><em>ἀνήίὀν</em></strong></span> <span class='ocrx_word' id='word_1_213' title='bbox 602 3307 631 3380; x_wconf 78' lang='grc' dir='ltr'>ἐς</span> <span class='ocrx_word' id='word_1_214' title='bbox 656 3310 808 3386; x_wconf 79' lang='grc' dir='ltr'><strong><em>περιωπήν</em></strong></span> <span class='ocrx_word' id='word_1_215' title='bbox 830 3307 938 3395; x_wconf 78' lang='lat' dir='ltr'>glossa</span> <span class='ocrx_word' id='word_1_216' title='bbox 959 3308 1098 3396; x_wconf 76' lang='lat' dir='ltr'>legitur:</span> <span class='ocrx_word' id='word_1_217' title='bbox 1122 3307 1349 3388; x_wconf 76' lang='grc' dir='ltr'><strong><em>ἀνήρχσνσο</em></strong></span> 
     </span>
     <span class='ocr_line' id='line_1_27' title="bbox 155 3411 1350 3498; baseline -0.003 -16"><span class='ocrx_word' id='word_1_218' title='bbox 155 3417 259 3482; x_wconf 79' lang='grc' dir='ltr'><strong><em>πόποι</em></strong></span> <span class='ocrx_word' id='word_1_219' title='bbox 282 3415 418 3495; x_wconf 75' lang='grc' dir='ltr'><strong><em>ιίήιηλάν,</em></strong></span> <span class='ocrx_word' id='word_1_220' title='bbox 443 3415 504 3493; x_wconf 76' lang='grc' dir='ltr'>ἀφ’</span> <span class='ocrx_word' id='word_1_221' title='bbox 529 3411 563 3480; x_wconf 82' lang='grc' dir='ltr'>οὗ</span> <span class='ocrx_word' id='word_1_222' title='bbox 586 3413 652 3480; x_wconf 74' lang='lat' dir='ltr'>lore</span> <span class='ocrx_word' id='word_1_223' title='bbox 673 3415 918 3494; x_wconf 80' lang='grc' dir='ltr'><strong><em>περισκίψασίαι</em></strong></span> <span class='ocrx_word' id='word_1_224' title='bbox 938 3416 990 3479; x_wconf 82' lang='grc' dir='ltr'><strong><em>καί</em></strong></span> <span class='ocrx_word' id='word_1_225' title='bbox 1005 3415 1248 3480; x_wconf 79' lang='grc' dir='ltr'><strong><em>ἀποσκοποῦσαι.</em></strong></span> <span class='ocrx_word' id='word_1_226' title='bbox 1267 3412 1350 3498; x_wconf 79' lang='lat' dir='ltr'><strong>(Qv)</strong></span> 
     </span>
     <span class='ocr_line' id='line_1_28' title="bbox 156 3517 1352 3610; baseline -0.003 -20"><span class='ocrx_word' id='word_1_227' title='bbox 156 3527 200 3590; x_wconf 81' lang='lat' dir='ltr'>At</span> <span class='ocrx_word' id='word_1_228' title='bbox 229 3524 262 3588; x_wconf 89' lang='lat' dir='ltr'>io</span> <span class='ocrx_word' id='word_1_229' title='bbox 290 3523 316 3587; x_wconf 87' lang='lat' dir='ltr'>V</span> <span class='ocrx_word' id='word_1_230' title='bbox 340 3524 421 3590; x_wconf 86' lang='lat' dir='ltr'>duae</span> <span class='ocrx_word' id='word_1_231' title='bbox 444 3522 568 3610; x_wconf 79' lang='lat' dir='ltr'>glossae</span> <span class='ocrx_word' id='word_1_232' title='bbox 592 3525 681 3598; x_wconf 76' lang='lat' dir='ltr'>eunt,</span> <span class='ocrx_word' id='word_1_233' title='bbox 708 3519 807 3588; x_wconf 81' lang='lat' dir='ltr'>ultera</span> <span class='ocrx_word' id='word_1_234' title='bbox 831 3543 905 3588; x_wconf 88' lang='lat' dir='ltr'>cum</span> <span class='ocrx_word' id='word_1_235' title='bbox 930 3520 1083 3588; x_wconf 88' lang='lat' dir='ltr'>lemmate</span> <span class='ocrx_word' id='word_1_236' title='bbox 1106 3522 1224 3597; x_wconf 73' lang='grc' dir='ltr'><strong><em>ἀνήιον,</em></strong></span> <span class='ocrx_word' id='word_1_237' title='bbox 1251 3517 1352 3586; x_wconf 87' lang='lat' dir='ltr'>altera</span> 
     </span>
     <span class='ocr_line' id='line_1_29' title="bbox 157 3625 1351 3714; baseline -0.005 -18"><span class='ocrx_word' id='word_1_238' title='bbox 157 3633 307 3708; x_wconf 75' lang='grc' dir='ltr'><strong><em>περιωπήν</em></strong></span> <span class='ocrx_word' id='word_1_239' title='bbox 344 3649 417 3714; x_wconf 86' lang='lat' dir='ltr'>prae</span> <span class='ocrx_word' id='word_1_240' title='bbox 452 3651 485 3694; x_wconf 90' lang='lat' dir='ltr'>se</span> <span class='ocrx_word' id='word_1_241' title='bbox 520 3629 639 3702; x_wconf 85' lang='lat' dir='ltr'>ferens,</span> <span class='ocrx_word' id='word_1_242' title='bbox 669 3648 705 3693; x_wconf 87' lang='lat' dir='ltr'>ce</span> <span class='ocrx_word' id='word_1_243' title='bbox 735 3627 850 3694; x_wconf 89' lang='lat' dir='ltr'>multis</span> <span class='ocrx_word' id='word_1_244' title='bbox 881 3627 955 3696; x_wconf 88' lang='lat' dir='ltr'>eliis</span> <span class='ocrx_word' id='word_1_245' title='bbox 986 3627 1137 3700; x_wconf 84' lang='lat' dir='ltr'>brevibus</span> <span class='ocrx_word' id='word_1_246' title='bbox 1166 3625 1282 3714; x_wconf 82' lang='lat' dir='ltr'>glossis</span> <span class='ocrx_word' id='word_1_247' title='bbox 1311 3625 1351 3692; x_wconf 85' lang='lat' dir='ltr'>ad</span> 
     </span>
     <span class='ocr_line' id='line_1_30' title="bbox 156 3731 1351 3822; baseline -0.005 -18"><span class='ocrx_word' id='word_1_248' title='bbox 156 3738 321 3822; x_wconf 83' lang='lat' dir='ltr'>sequentia</span> <span class='ocrx_word' id='word_1_249' title='bbox 344 3734 499 3802; x_wconf 83' lang='lat' dir='ltr'>vocabula</span> <span class='ocrx_word' id='word_1_250' title='bbox 521 3735 754 3820; x_wconf 86' lang='lat' dir='ltr'>pertinentibus</span> <span class='ocrx_word' id='word_1_251' title='bbox 779 3755 942 3820; x_wconf 86' lang='lat' dir='ltr'>perperam</span> <span class='ocrx_word' id='word_1_252' title='bbox 968 3733 1154 3819; x_wconf 85' lang='lat' dir='ltr'>diremptae.</span> <span class='ocrx_word' id='word_1_253' title='bbox 1202 3731 1292 3798; x_wconf 86' lang='lat' dir='ltr'>idern</span> <span class='ocrx_word' id='word_1_254' title='bbox 1315 3735 1351 3798; x_wconf 92' lang='lat' dir='ltr'>in</span> 
     </span>
     <span class='ocr_line' id='line_1_31' title="bbox 155 3839 1352 3928; baseline -0.005 -16"><span class='ocrx_word' id='word_1_255' title='bbox 155 3845 364 3912; x_wconf 84' lang='lat' dir='ltr'>Ambrosieno</span> <span class='ocrx_word' id='word_1_256' title='bbox 400 3863 485 3925; x_wconf 84' lang='lat' dir='ltr'>esse,</span> <span class='ocrx_word' id='word_1_257' title='bbox 523 3879 564 3892; x_wconf 90' lang='lat'>-</span> <span class='ocrx_word' id='word_1_258' title='bbox 594 3843 627 3906; x_wconf 90' lang='lat' dir='ltr'>in</span> <span class='ocrx_word' id='word_1_259' title='bbox 658 3843 727 3906; x_wconf 85' lang='lat' dir='ltr'>elea</span> <span class='ocrx_word' id='word_1_260' title='bbox 758 3841 930 3928; x_wconf 86' lang='lat' dir='ltr'>archetypo</span> <span class='ocrx_word' id='word_1_261' title='bbox 962 3839 1076 3906; x_wconf 89' lang='lat' dir='ltr'>saltem</span> <span class='ocrx_word' id='word_1_262' title='bbox 1106 3840 1220 3917; x_wconf 83' lang='lat' dir='ltr'>fuisse,</span> <span class='ocrx_word' id='word_1_263' title='bbox 1249 3876 1289 3888; x_wconf 92' lang='lat'>-</span> <span class='ocrx_word' id='word_1_264' title='bbox 1315 3845 1352 3912; x_wconf 87' lang='lat' dir='ltr'>ut</span> 
     </span>
     <span class='ocr_line' id='line_1_32' title="bbox 158 3945 1352 4034; baseline -0.004 -17"><span class='ocrx_word' id='word_1_265' title='bbox 158 3952 238 4018; x_wconf 87' lang='lat' dir='ltr'>duae</span> <span class='ocrx_word' id='word_1_266' title='bbox 261 3951 428 4016; x_wconf 80' lang='lat' dir='ltr'>distinctae</span> <span class='ocrx_word' id='word_1_267' title='bbox 451 3960 556 4014; x_wconf 86' lang='lat' dir='ltr'>essent</span> <span class='ocrx_word' id='word_1_268' title='bbox 580 3946 706 4034; x_wconf 82' lang='lat' dir='ltr'>glossae</span> <span class='ocrx_word' id='word_1_269' title='bbox 730 3945 966 4030; x_wconf 86' lang='lat' dir='ltr'>interlineares,</span> <span class='ocrx_word' id='word_1_270' title='bbox 990 3948 1037 4012; x_wconf 86' lang='lat' dir='ltr'>ita</span> <span class='ocrx_word' id='word_1_271' title='bbox 1063 3952 1167 4014; x_wconf 84' lang='lat' dir='ltr'>tamen</span> <span class='ocrx_word' id='word_1_272' title='bbox 1191 3953 1228 4012; x_wconf 91' lang='lat' dir='ltr'>ut</span> <span class='ocrx_word' id='word_1_273' title='bbox 1249 3965 1352 4012; x_wconf 89' lang='lat' dir='ltr'>errore</span> 
     </span>
     <span class='ocr_line' id='line_1_33' title="bbox 157 4052 1353 4142; baseline -0.005 -18"><span class='ocrx_word' id='word_1_274' title='bbox 157 4077 191 4124; x_wconf 90' lang='lat' dir='ltr'>se</span> <span class='ocrx_word' id='word_1_275' title='bbox 224 4059 460 4142; x_wconf 81' lang='lat' dir='ltr'>contingerent,</span> <span class='ocrx_word' id='word_1_276' title='bbox 496 4053 549 4119; x_wconf 84' lang='lat' dir='ltr'>rel</span> <span class='ocrx_word' id='word_1_277' title='bbox 583 4052 688 4118; x_wconf 88' lang='lat' dir='ltr'>solum</span> <span class='ocrx_word' id='word_1_278' title='bbox 721 4074 904 4138; x_wconf 83' lang='lat' dir='ltr'>perversum</span> <span class='ocrx_word' id='word_1_279' title='bbox 939 4053 1105 4133; x_wconf 83' lang='grc' dir='ltr'><strong><em>ἀνήρχονσσ</em></strong></span> <span class='ocrx_word' id='word_1_280' title='bbox 1137 4053 1353 4130; x_wconf 87' lang='lat' dir='ltr'>demonstrat,</span> 
     </span>
     <span class='ocr_line' id='line_1_34' title="bbox 157 4158 1355 4247; baseline -0.002 -19"><span class='ocrx_word' id='word_1_281' title='bbox 157 4183 231 4230; x_wconf 88' lang='lat' dir='ltr'>curu</span> <span class='ocrx_word' id='word_1_282' title='bbox 263 4165 367 4247; x_wconf 86' lang='lat' dir='ltr'>prima</span> <span class='ocrx_word' id='word_1_283' title='bbox 399 4181 532 4245; x_wconf 89' lang='lat' dir='ltr'>persona</span> <span class='ocrx_word' id='word_1_284' title='bbox 554 4158 728 4246; x_wconf 80' lang='lat' dir='ltr'>singularis</span> <span class='ocrx_word' id='word_1_285' title='bbox 753 4159 879 4226; x_wconf 84' lang='lat' dir='ltr'>numeri</span> <span class='ocrx_word' id='word_1_286' title='bbox 902 4167 1009 4245; x_wconf 83' lang='lat' dir='ltr'>aperte</span> <span class='ocrx_word' id='word_1_287' title='bbox 1033 4161 1228 4244; x_wconf 87' lang='lat' dir='ltr'>requiratur,</span> <span class='ocrx_word' id='word_1_288' title='bbox 1252 4179 1355 4245; x_wconf 87' lang='lat' dir='ltr'>neque</span> 
     </span>
     <span class='ocr_line' id='line_1_35' title="bbox 158 4263 1356 4352; baseline -0.003 -18"><span class='ocrx_word' id='word_1_289' title='bbox 158 4271 265 4334; x_wconf 89' lang='lat' dir='ltr'>minus</span> <span class='ocrx_word' id='word_1_290' title='bbox 288 4271 331 4337; x_wconf 84' lang='grc' dir='ltr'>εἰς</span> <span class='ocrx_word' id='word_1_291' title='bbox 357 4270 514 4334; x_wconf 87' lang='lat' dir='ltr'>omissum</span> <span class='ocrx_word' id='word_1_292' title='bbox 541 4273 614 4332; x_wconf 88' lang='lat' dir='ltr'>ante</span> <span class='ocrx_word' id='word_1_293' title='bbox 639 4263 750 4342; x_wconf 84' lang='grc' dir='ltr'><strong><em>σι’πον,</em></strong></span> <span class='ocrx_word' id='word_1_294' title='bbox 776 4268 867 4350; x_wconf 83' lang='lat' dir='ltr'>quasi</span> <span class='ocrx_word' id='word_1_295' title='bbox 886 4268 959 4351; x_wconf 85' lang='lat' dir='ltr'>quie</span> <span class='ocrx_word' id='word_1_296' title='bbox 981 4285 1120 4352; x_wconf 90' lang='lat' dir='ltr'>unquam</span> <span class='ocrx_word' id='word_1_297' title='bbox 1134 4266 1356 4339; x_wconf 64' lang='lat' dir='ltr'>cicatricatum</span> 
     </span>
     <span class='ocr_line' id='line_1_36' title="bbox 160 4371 1356 4460; baseline -0.001 -19"><span class='ocrx_word' id='word_1_298' title='bbox 160 4375 286 4441; x_wconf 86' lang='lat' dir='ltr'>dixerit.</span> <span class='ocrx_word' id='word_1_299' title='bbox 333 4373 446 4459; x_wconf 89' lang='lat' dir='ltr'>Itaque</span> <span class='ocrx_word' id='word_1_300' title='bbox 471 4393 551 4458; x_wconf 89' lang='lat' dir='ltr'>quae</span> <span class='ocrx_word' id='word_1_301' title='bbox 575 4391 615 4435; x_wconf 86' lang='lat' dir='ltr'>ex</span> <span class='ocrx_word' id='word_1_302' title='bbox 639 4371 666 4451; x_wconf 73' lang='lat' dir='ltr'>tl</span> <span class='ocrx_word' id='word_1_303' title='bbox 689 4372 892 4457; x_wconf 88' lang='lat' dir='ltr'>prodierunt,</span> <span class='ocrx_word' id='word_1_304' title='bbox 918 4373 1026 4438; x_wconf 83' lang='lat' dir='ltr'>futuro</span> <span class='ocrx_word' id='word_1_305' title='bbox 1050 4373 1162 4438; x_wconf 87' lang='lat' dir='ltr'>editori</span> <span class='ocrx_word' id='word_1_306' title='bbox 1186 4373 1233 4440; x_wconf 87' lang='lat' dir='ltr'>ita</span> <span class='ocrx_word' id='word_1_307' title='bbox 1252 4373 1356 4460; x_wconf 90' lang='lat' dir='ltr'>dispo·</span> 
     </span>
     <span class='ocr_line' id='line_1_37' title="bbox 160 4481 396 4546; baseline -0.008 0"><span class='ocrx_word' id='word_1_308' title='bbox 160 4481 263 4546; x_wconf 89' lang='lat' dir='ltr'>nenda</span> <span class='ocrx_word' id='word_1_309' title='bbox 287 4488 396 4545; x_wconf 87' lang='lat' dir='ltr'>crunt:</span> 
     </span>
    </p>
   </div>
   <div class='ocr_carea' id='block_1_5' title="bbox 0 0 1644 5140">
    <p class='ocr_par' dir='ltr' id='par_1_5' title="bbox 0 0 1644 5140">
     <span class='ocr_line' id='line_1_38' title="bbox 0 0 1644 5140; baseline 0 0"><span class='ocrx_word' id='word_1_310' title='bbox 0 0 1644 5140; x_wconf 95' lang='lat' dir='ltr'> </span> 
     </span>
    </p>
   </div>
  </div>
 </body>
</html>
