3330 5144
764 357 827 424 179

193 541 296 628 netis,
319 563 368 611 res
392 565 488 631 quem
513 546 656 614 dicebam
681 550 747 612 iam
771 552 849 614 satia
873 551 970 615 etiam
997 550 1036 615 ab
1055 549 1244 615 auctoritate
1264 545 1391 610 munite

194 654 265 717 erit
296 652 375 718 Post
405 653 506 719 αὐτῶν
533 656 567 718 in
598 653 625 719 Τ
658 661 742 719 recte
773 661 821 721 eet
845 655 976 744 signum
1001 652 1120 722 Scholii
1146 651 1244 718 finiti:
1269 655 1392 718 caetera

194 761 281 824 enim
298 779 418 825 novum
439 761 560 825 iustum
577 758 726 826 Scholion
740 759 904 826 conficient
916 810 925 840 ‚
936 765 993 830 ubi
1006 758 1390 848 correxerimusciaaca:

194 865 265 930 ἀντί
288 869 357 942 τοῦ,
383 866 455 944 πρός
479 864 620 933 ἄλλον.
647 867 689 932 m
711 887 839 952 prorsus
862 871 908 934 sic
933 869 972 947 V,
993 891 1050 935 nec
1068 869 1209 933 multum
1233 866 1327 932 aliter
1345 863 1389 929 B:

195 972 295 1038 λείπει
325 974 425 1048 sisic,
451 969 486 1036 ἵν’
511 970 528 1054 ἦ
554 975 596 1047 είς
621 972 737 1048 ἄλλον,
763 975 825 1038 uisi
848 975 931 1060 quod
956 979 990 1041 in
1013 976 1064 1040 his
1090 973 1202 1040 uetula
1224 975 1278 1057 (au
1301 970 1390 1035 Aris·

195 1079 292 1144 tonici
300 1076 326 1163 ί)
361 1097 418 1145 suo
449 1078 518 1146 loco
550 1078 677 1166 legitur.
709 1080 852 1146 Pertinet
884 1083 969 1148 enim
1001 1103 1063 1148 nou
1093 1083 1159 1148 iam
1191 1079 1231 1146 ud
1260 1096 1389 1143 versum

114 1245 123 1254 .
194 1183 250 1269 26,
273 1185 327 1251 sed
350 1185 390 1252 ad
416 1207 461 1252 vs.
482 1183 543 1251 29:
569 1187 586 1263 ἢ
613 1185 741 1252 ἄλλον
766 1185 940 1266 πέμπωμεν
963 1189 1121 1265 ἱκανέμεν,
1147 1183 1178 1256 όν
1203 1210 1238 1250 ιιε
1258 1186 1388 1264 Φολόη.

239 1399 268 1476 ό,
294 1399 348 1467 33.
374 1399 541 1468 Menelaus
565 1403 605 1469 ed
629 1382 823 1469 Eteoneum:

370 1502 388 1580 ἦ
412 1509 468 1585 μίν
492 1507 526 1584 tt,
552 1511 605 1574 νῶΐ
626 1508 744 1586 ξεινήϊα
768 1513 874 1576 πολλοὶ
899 1511 1043 1593 φαγόντε
1264 1587 1271 1598 ¹

372 1613 477 1680 σίλλων
501 1615 658 1694 ἀνθρώπων
683 1615 759 1695 δεῦρ’
783 1616 912 1696 ἱκόμεθ’,
937 1618 974 1683 αί
996 1621 1029 1685 ιιὲ
1054 1619 1121 1684 ποόο
1145 1616 1221 1689 Ζεύς

373 1718 503 1798 ἐξοπίσω
528 1712 584 1802 περ
609 1723 716 1804 παόσνι
739 1721 848 1804 ό“ι“ζνός.
874 1727 961 1790 οὶλλόο
986 1725 1038 1789 λύ’
1064 1723 1175 1795 ἵππους

374 1825 495 1912 ξείνων,
520 1829 550 1900 ἐς
576 1828 603 1893 δ’
625 1829 737 1900 αὐτοὺς
762 1829 978 1910 τροπίρωοίγε
1001 1833 1174 1906 όοιννόῆναι.

194 1933 320 2008 Horum
340 1932 418 2000 haec
437 1941 484 2000 est
502 1935 703 2021 paraphrasis
722 1939 756 2000 in
775 1935 819 2017 Q:
845 1937 879 2002 τό
899 1939 966 2016 ἑξῆς
986 1937 1094 2008 οὕτως·
1116 1939 1149 2002 εί
1171 1937 1226 2012 μὲν
1249 1933 1284 2004 di
1298 1934 1387 2006 ἡμεῖς

194 2146 444 2228 παρεγενόμεία,
473 2148 638 2227 όφείλομεν
662 2148 786 2224 ποίντως
809 2151 872 2222 τοῖς
903 2149 996 2227 ξένοις
1025 2153 1131 2228 όμοίως
1165 2155 1269 2213 ποιεῖν.
1297 2141 1386 2208 οίλλόι

196 2254 309 2319 όοῖττον
340 2252 412 2318 λύε
443 2253 479 2338 (l.
504 2255 587 2339 λῦε)
613 2255 682 2328 τοὺς
708 2254 837 2334 ἵππους,
860 2259 972 2330 αὐτοὺς
996 2259 1022 2322 δ’
1048 2255 1206 2335 είσοόγαγε
1231 2248 1385 2329 εὐωχηθῆ-

193 2381 259 2444 ναι,
293 2355 372 2431 ὅπως
398 2360 449 2424 tot
473 2359 616 2426 τούτου
641 2364 654 2426 ό
680 2363 756 2434 Ζεὺς
780 2370 835 2435 τῆς
860 2363 1035 2441 μελλούσης
1061 2359 1275 2441 ταλαιπωρίας
1300 2358 1385 2430 suec

193 2466 440 2552 ἒκλντριόσνται,
467 2469 517 2531 καί
544 2471 587 2545 μίν
610 2476 673 2541 τοῖς
699 2469 940 2548 παρεληλυθόσιν
965 2469 1016 2536 ίσα
1042 2472 1151 2535 παόεῖν
1175 2491 1251 2544 συγ
1260 2461 1386 2544 χωρί’
1496 2473 1499 2480 ’

191 2597 308 2639 σειεν.
335 2573 371 2638 In
387 2575 447 2640 =his
466 2577 608 2660 primum
629 2575 788 2642 tralaticio
809 2577 924 2644 mendo
946 2599 1129 2663 perversum
1142 2581 1191 2642 ast
1204 2573 1253 2638 διὰ
1266 2567 1386 2649 τρόπον,

192 2699 248 2766 pro
280 2700 342 2766 quo
375 2679 425 2744 eat
456 2687 574 2746 τοῦτο
605 2683 839 2748 rescribendum
864 2691 919 2749 est.
969 2683 1105 2768 Deinde,
1130 2685 1186 2769 qui
1209 2677 1311 2748 όπωε
1331 2707 1385 2724 -·

192 2785 457 2868 ίκλντρωίσνται
493 2787 593 2866 dedit,
636 2789 772 2854 eundem
807 2792 859 2854 καί
902 2793 946 2868 μίν
985 2815 1014 2856 τ.
1055 2785 1296 2870 παρελνλνίόσιν
1331 2781 1384 2846 ίσα
1477 2815 1480 2821 ·

193 2895 301 2958 catria
342 2894 553 2976 συγχωρήσῃ
589 2893 726 2970 dedisse,
765 2896 939 2962 admodum
974 2901 1022 2964 est
1056 2902 1123 2964 veri
1158 2895 1274 2966 simile.
1322 2886 1384 2954 Sed

192 3003 334 3066 maxime
358 3000 587 3066 advertendum
609 3007 669 3076 est,
692 3005 747 3087 qui
766 3004 847 3080 hanc
865 3005 1067 3090 paraphrasin
1081 3005 1268 3089 composuit,
1281 3001 1315 3063 in
1328 3014 1384 3061 suo

192 3105 335 3172 Homero
365 3107 527 3185 habuisse,
553 3129 615 3172 non
640 3101 658 3180 ἦ
680 3111 737 3184 μὲν
761 3107 795 3185 δὴ
820 3113 886 3188 νῶϊ,
911 3112 1021 3177 sedet
1046 3111 1102 3189 μὲν
1125 3111 1178 3186 δὴ,
1207 3129 1243 3174 uo
1272 3102 1385 3172 deinde

188 3227 264 3298 post
287 3214 414 3298 ίιιίμεό,
439 3215 495 3279 ubi
518 3235 558 3280 ex
581 3215 651 3280 eius
674 3219 831 3281 sententia
854 3221 989 3302 protasis
1012 3217 1233 3285 conditionalis
1256 3211 1384 3293 finitur,

192 3321 403 3395 οίποσιιίπνσιν
434 3323 597 3396 statuisse,
632 3339 727 3405 quam
749 3324 783 3387 in
807 3324 990 3410 paraphrasi
1013 3327 1060 3389 ita
1083 3322 1236 3411 explevit:
1262 3320 1385 3401 ὀφείλο-

193 3449 249 3502 μεν
272 3425 485 3499 πιόντως“τοῑς
509 3425 602 3504 ξένοις
628 3428 734 3506 ὁμοίως
759 3440 866 3494 ποιεῖν.

239 3635 273 3716 d,
305 3635 359 3704 35.
407 3635 536 3714 ἐξοπίσω
572 3661 629 3720 περ
666 3638 771 3721 παότνι
804 3640 915 3722 (όῖζιίος
957 3641 1061 3727 edd.):
1102 3643 1199 3722 „huic
1236 3643 1385 3711 lemmuti

192 3743 301 3809 Maius
336 3765 374 3810 ex
411 3743 438 3825 Q
474 3743 642 3832 adscripsit
676 3747 771 3832 huso,
809 3746 873 3812 διό
905 3749 960 3824 rte
991 3749 1128 3827 πλοίννν,
1158 3751 1201 3822 είς
1233 3749 1267 3814 τό
1299 3755 1384 3827 μετόν

191 3855 297 3916 ταῦτα
324 3854 406 3928 νίμιῖς
432 3851 661 3933 ἑκλντρόσνται
685 3860 740 3926 ric
764 3856 939 3931 μελλούσιμ
964 3859 1187 3934 ταλαιπωρίας.
1236 3857 1324 3940 Quae
1346 3879 1385 3924 ex

190 3957 313 4025 scholio
336 3958 376 4024 ad
399 3980 446 4024 vs.
475 3959 517 4025 33
541 3963 675 4045 repetita
698 3961 799 4025 sunt.”
823 3961 911 4028 Haec
930 3961 1121 4030 Diodorfius.
1147 3963 1196 4032 De
1215 3967 1385 4051 postremis

190 4065 360 4132 adsentior.
385 4065 488 4132 Nemo
512 4069 596 4130 euim
620 4087 681 4132 non
705 4065 810 4152 videt,
832 4070 873 4140 είς
897 4070 932 4135 τό
956 4071 1039 4146 μετὰ
1064 4107 1081 4120 -
1097 4107 1115 4119 -
1130 4073 1383 4150 -ταλαιπωρίας

188 4175 255 4240 sere
278 4171 390 4238 eadem
415 4191 499 4246 esse,
523 4171 620 4257 paulo
643 4175 750 4261 magis
773 4177 871 4240 etiam
894 4176 1087 4242 adverbum
1109 4197 1263 4263 expresse,
1289 4185 1383 4266 etque

189 4299 244 4366 ea,
269 4300 350 4365 quae
374 4301 469 4365 supra
493 4279 532 4345 ad
558 4299 604 4344 vs.
631 4275 674 4343 33
699 4283 933 4366 exscripsimus.
981 4281 1044 4348 Sed
1067 4284 1143 4370 quid
1168 4292 1215 4350 est
1239 4285 1304 4351 ere
1328 4288 1383 4360 ricc

188 4383 334 4460 πλόνννί
369 4386 441 4453 Non
472 4383 567 4452 facile
590 4387 662 4470 quis
686 4389 839 4471 reperiet,
864 4390 1055 4474 quibusnam
1080 4391 1185 4457 verbis
1202 4391 1384 4461 Homericis

189 4491 437 4580 interpretandis
457 4493 533 4560 haec
554 4492 737 4560 inserviunt.
763 4491 881 4560 Verum
902 4498 1019 4564 iterum
1033 4495 1383 4568 duoecholisbreviora
