3318 5138
802 289 867 370 140

238 487 370 570 μουσικὸν
405 490 549 572 νομιζιον·
586 482 601 552 ὃ
636 490 688 555 xci
723 490 930 572 χαριέστερον.
964 493 988 556 οἱ
1021 491 1053 558 δὲ
1085 491 1301 557 ἐνέκιινοον
1331 487 1371 562 cic
1402 484 1428 556 si

239 597 366 683 ἔλεγεν,
398 597 459 664 εἴτε
491 599 554 670 θεὸς
585 596 647 662 εἴτε
684 594 844 678 ἅνθρωποι.
893 598 947 663 Ad
981 619 1062 683 quae
1092 598 1326 665 Buttmennus:
1353 599 1431 676 „oh-

239 705 412 771 servandus
442 705 495 770 hic
526 725 602 768 usus
631 704 669 769 de
699 704 814 770 vocula
840 704 988 787 ιονιιοριιο
1011 705 1126 782 accto”,
1151 705 1250 771 simul
1272 706 1312 772 ed
1335 705 1430 771 Lexi-

238 810 352 898 logum
376 832 471 876 suum
497 809 543 892 (I,
573 808 612 876 17
635 815 700 876 not.
725 809 766 874 21
792 816 824 876 et
849 809 891 875 58
916 813 934 895 ξ
958 809 991 894 7)
1016 813 1169 878 reiiciens.
1217 812 1327 878 Iamne
1351 815 1430 877 sctis

240 925 360 984 certum
387 923 453 1001 est,
474 917 508 982 in
527 915 768 981 Monadicorum
789 917 857 980 loco
877 917 1028 993 ἐγκλίνειν
1048 918 1228 1005 legendum¹
1242 916 1325 985 esse?
1338 917 1430 998 Quod

239 1028 267 1090 si
301 1029 384 1090 recte
419 1024 597 1108 disputavi,
631 1028 874 1088 consentaneum
911 1031 958 1088 est
993 1045 1031 1089 ex
1063 1022 1237 1091 Herodicni
1274 1027 1431 1091 sententia

238 1132 337 1198 verbe
365 1151 439 1204 cum
471 1127 563 1208 οιπιιξ
594 1131 769 1214 composita
799 1151 862 1194 non
892 1151 931 1195 cx
967 1131 1090 1196 Lehrsii
1124 1138 1291 1218 praecepto
1326 1131 1430 1210 οιπιιξ-

239 1235 378 1310 ἅποιντει
404 1243 436 1302 ιι
460 1235 657 1312 οιποιξιιπλῶς
678 1235 842 1301 scribenda
865 1257 949 1315 csse,
974 1238 1046 1320 sed,
1071 1245 1109 1302 ut
1131 1259 1226 1323 supra
1245 1241 1311 1304 iem
1330 1241 1430 1326 signi·

238 1342 390 1420 dicabam,
416 1339 647 1419 ιὶτὰξᾶπιιντιι
668 1349 702 1408 ιι
720 1341 933 1418 οιπιιξοιπιῶι.
960 1342 1160 1410 Herodianus
1179 1348 1264 1410 enim
1277 1345 1337 1410 hoc
1349 1345 1429 1409 mihi

238 1450 322 1518 velle
357 1450 503 1516 videtur:
537 1451 658 1514 dedebat
687 1446 919 1524 ἅπυξᾶπιιντει
949 1457 981 1515 ιι
1011 1447 1228 1529 incideratis,
1259 1451 1314 1516 scd
1345 1471 1428 1516 com-

238 1559 347 1636 munis
376 1557 501 1622 dicendi
531 1578 608 1622 usus
637 1557 684 1622 ita
714 1559 937 1642 pronunciavit
967 1563 1005 1621 ut
1027 1558 1122 1623 modo
1142 1561 1244 1644 posui.
1287 1556 1359 1623 Hoc
1381 1559 1430 1622 est

154 1715 164 1734 .
239 1665 323 1750 quod
351 1666 498 1730 imitator
528 1667 681 1749 expressit
712 1683 768 1747 per
798 1663 1132 1742 μεταλαμβάνει
1160 1665 1210 1729 τὸν
1233 1665 1305 1729 ι’διον
1327 1665 1428 1740 τόνον,

238 1773 405 1857 proprium
435 1775 601 1835 accentum
626 1791 701 1834 cum
726 1768 789 1834 elio
807 1771 1066 1854 permutavit-ex
1089 1776 1284 1857 paroxytono
1307 1770 1429 1835 fectum

240 1884 288 1942 est
319 1876 436 1942 inhec
460 1876 620 1961 parathesi
643 1883 797 1962 οιηιιιιονι.
844 1875 886 1940 Et
909 1878 954 1941 sic
978 1877 1110 1962 plenum
1133 1877 1254 1968 fectum
1278 1883 1340 1953 ιιι,
1367 1895 1430 1960 quo

239 2005 333 2050 sensu
364 1983 584 2069 accipiendum
613 1985 655 2046 ιιι
678 1981 761 2047 illud
784 1985 1013 2058 μετείληπται,
1038 1984 1122 2050 unde
1145 1992 1212 2050 tota
1235 1989 1342 2050 nostra
1365 1983 1430 2047 dis-

238 2092 364 2176 putatio
388 2110 499 2155 exorsc
517 2095 582 2162 ιιι,
602 2109 682 2172 quae
701 2087 911 2176 significatio,
931 2093 1036 2156 nescio
1055 2090 1229 2176 quomodo,
1242 2096 1275 2155 ιι
1285 2088 1431 2154 Boeckh‘·

238 2201 309 2264 ium
333 2203 365 2262 et
388 2196 623 2262 Buttmannum
649 2196 770 2282 fugisse
792 2196 928 2262 ridetur.

284 2437 318 2490 γ,
349 2409 427 2478 252.
443 2412 514 2483 *stc
537 2409 604 2474 τὸν
627 2409 845 2492 φιλάδελφον·
869 2409 1021 2481 τοιούτους
1045 2409 1101 2486 νδ
1109 2435 1124 2488 ρ
1148 2411 1178 2474 ἐν
1202 2409 1312 2475 Ἰιιοιδι
1336 2407 1430 2489 ποιρέ-
1456 2428 1465 2438 ‘

239 2505 331 2585 δὀκιν
365 2519 490 2590 αὐτούς.
526 2517 584 2604 (Η)
617 2517 777 2582 Vitiosum
807 2516 859 2580 τιν
882 2515 1065 2582 Dindorfius
1087 2519 1155 2602 ipse
1178 2520 1212 2582 in
1236 2517 1277 2580 τι
1301 2524 1430 2582 mutau-

238 2626 315 2691 dum
351 2646 417 2692 esse
448 2627 497 2690 his
528 2626 669 2702 monuit,
704 2626 739 2688 in
769 2626 851 2708 App.
884 2645 915 2709 p.
950 2621 1034 2706 748,
1058 2624 1141 2688 unde
1164 2624 1317 2688 discimus
1341 2624 1428 2689 idem

236 2730 386 2797 Scholion
416 2732 513 2796 etiem
542 2732 607 2818 legi
636 2733 670 2795 in
701 2729 729 2794 Τ
753 2730 862 2813 ibique
885 2735 971 2795 recte
993 2730 1103 2795 referri
1126 2729 1166 2794 cd
1189 2750 1236 2794 vs.
1262 2728 1329 2794 258
1353 2749 1428 2796 cum

235 2837 389 2904 lemmate
412 2837 477 2902 οὐδὲ
500 2837 626 2914 ιονάντι,
653 2841 685 2902 ιι
704 2835 806 2901 Ριιιι.
828 2857 861 2920 p.
884 2853 915 2913 e,
936 2836 1020 2900 unde
1039 2841 1169 2922 apparet
1186 2841 1306 2902 rectam
1327 2838 1428 2921 scrip·

236 2953 344 3012 turam
368 2966 435 3010 esse
458 2947 557 3010 etiem
579 2946 614 3009 in
636 2942 687 3020 Η,
709 2965 748 3008 ex
767 2963 830 3030 quo
849 2942 955 3008 codice
979 2943 1056 3008 hcec
1080 2944 1220 3028 primum
1243 2943 1427 3009 editcsunt.

236 3051 403 3118 Praeterea
437 3053 582 3136 requiro:
616 3051 767 3121 τοιούτους
803 3050 880 3128 γὰρ
915 3049 1008 3134 (καὶ)
1042 3051 1073 3113 ἐν
1105 3047 1215 3114 ἰλιοιδι
1253 3050 1428 3128 ποορέδυκεν

237 3161 366 3242 αὐτούς,
398 3178 513 3242 nempe
547 3155 732 3222 Menelaum
763 3161 795 3220 et
825 3159 1112 3243 Agamemnonem.
1158 3155 1217 3220 Est
1240 3157 1307 3221 sinc
1330 3155 1428 3221 dubio

236 3264 412 3332 Aristarchi
436 3263 521 3350 apud
544 3263 764 3329 Aristonicum
788 3269 863 3328 note
886 3262 1037 3330 adversus
1062 3263 1267 3328 choricontes.

284 3504 319 3558 γ,
345 3478 422 3545 274.
447 3478 497 3544 Ad
518 3478 624 3542 πολλοὶ
651 3477 869 3556 δὀιγοιλμοιτοι
892 3477 1048 3542 hebemus
1071 3498 1109 3542 ex
1134 3476 1168 3541 M
1191 3476 1429 3563 Porphyriones

237 3586 463 3672 disputationis
486 3585 722 3672 fragmentum,
747 3585 831 3672 quod
855 3585 960 3648 multo
983 3585 1142 3669 copiosius
1164 3583 1286 3670 legitur
1308 3586 1341 3648 in
1369 3580 1429 3649 Ve-

237 3697 311 3758 neto
345 3703 367 3756 B
399 3691 439 3756 cd
470 3690 562 3756 Iliad.
599 3701 628 3756 Ψ
661 3689 728 3754 259
752 3713 824 3756 oum
848 3689 1001 3758 nonnulle
1025 3691 1200 3774 scripturae
1224 3689 1428 3773 diversitate,

237 3820 299 3884 que
329 3802 362 3864 in
386 3818 437 3881 re,
462 3803 499 3863 ut
522 3819 647 3882 semper
670 3797 751 3872 fere,
777 3789 939 3884 Odysseae
961 3796 1084 3861 codices
1107 3798 1245 3881 potiores
1269 3798 1425 3862 existimo.

236 3905 373 3971 Initium
405 3907 439 3969 in
469 3903 589 3968 Veneto
620 3914 642 3968 B
675 3906 719 3968 sic
742 3925 775 3969 se
798 3905 911 3968 habet:
937 3905 1117 3982 Πορφυριου.
1141 3904 1198 3967 Ἐκ
1226 3903 1334 3968 τούτου
1358 3903 1429 3967 δει-

237 4036 377 4076 ιονυτοιι
402 4011 416 4074 ὀ
439 4013 593 4088 Ὅμηρος,
615 4010 731 4073 ὁπότοον
755 4009 789 4073 τὸ
817 4009 904 4086 γένος
934 4011 1061 4088 προειπη
1080 4010 1116 4072 τὸ
1136 4010 1309 4073 συνεκτικόν
1330 4033 1426 4084 τινων,

237 4119 391 4200 ἐπιφέρειν
422 4117 531 4181 ciete
564 4115 616 4179 κοιι
650 4117 692 4180 τι
727 4115 932 4197 περιεχόμενα
963 4115 1047 4200 εἴδη,
1081 4118 1113 4180 οὐ
1140 4114 1243 4191 με’ντοι
1267 4116 1332 4180 διὰ
1355 4122 1426 4179 τοι

237 4223 529 4305 διαζευκτικοῦ
564 4221 813 4307 συνδέσμου,
843 4215 874 4294 ὃς
906 4223 960 4287 οὐκ
993 4221 1057 4286 ἔστι
1089 4222 1290 4300 συναγωγάς,
1322 4221 1373 4286 διὰ
1394 4197 1427 4286 δὲ

171 4419 174 4426 ¹
236 4336 306 4397 τοῦ
348 4309 660 4408 συμπλεκτικοῦ
704 4330 769 4394 cat
813 4331 1064 4411 οινοιφοριιιοῦ
1108 4329 1176 4393 xci
1224 4328 1427 4410 ὑπάρχειν

236 4437 373 4506 πάντα
408 4438 691 4519 σημαίνοντος.
741 4437 779 4503 In
809 4437 859 4502 his
889 4457 987 4522 quam
1019 4439 1244 4502 inconcinnum
1275 4442 1323 4502 est
1353 4435 1427 4506 δει-
