3318 5138
727 377 790 446 113

167 565 247 633 Hinc
276 565 461 633 Scholiastia
490 569 632 632 nascitur
661 573 783 636 occasio
811 573 977 657 praecepta
1008 587 1136 633 morum
1160 563 1351 633 inculcandi.

166 675 357 752 Οἰκονομικὸν
382 674 596 759 -inquiunt
622 712 662 723 -
687 675 722 739 τὸ
754 677 925 761 διανόημα,
955 671 1001 741 ὅτι
1036 675 1088 739 οὐκ
1118 675 1160 745 εἷς
1195 673 1250 747 τήν
1283 674 1350 737 καθ’

167 781 277 862 ήμὲριιν
301 780 441 855 θατιθννν
465 781 507 861 τῷ
532 781 637 862 αὐτῷ
661 784 795 863 χρῆσθαι
819 785 982 864 προσήκει,
1002 781 1078 847 ἀλλ’
1102 779 1284 846 ἀποκεῖσθαι
1307 779 1351 844 τὰ

166 889 328 969 τιμιώτερα
359 889 401 959 εἷς
434 885 586 967 ἐξαίρετον
615 887 728 970 χρόνον.
777 888 830 956 Sic
860 889 978 956 habent
1008 885 1080 968 EQ,
1112 891 1144 952 et
1166 890 1204 953 nt
1229 885 1353 952 videtur

167 994 281 1081 (Praei.
311 1017 343 1082 p.
368 996 481 1081 xnvij),
514 992 709 1090 Harleianue'
734 1005 869 1082 qnoque
915 995 1037 1062 Matres
1059 993 1219 1078 familiae,
1244 993 1355 1077 credo,

164 1101 253 1167 aliter
276 1102 481 1179 iudicabunt,
505 1122 606 1186 neque
629 1101 818 1191 intellegent
841 1124 898 1170 cur
920 1100 1101 1178 οἰκονομικήν
1130 1105 1294 1166 censeatur
1313 1100 1353 1166 ed

163 1216 310 1295 aumptne
344 1208 544 1293 quotidianos
574 1208 617 1286 τῷ
647 1209 731 1290 αὐτῷ
769 1211 823 1287 μή
861 1210 1003 1289 χρῆσθαι.
1051 1205 1157 1271 Immo
1194 1205 1257 1271 alia
1291 1204 1354 1270 fuit

162 1314 236 1381 boni
269 1317 370 1401 patria
401 1312 557 1392 familias,
583 1315 639 1399 qni
662 1314 739 1381 haec
762 1317 1008 1391 consarcinavit,
1031 1313 1206 1379 sententia:
1232 1307 1276 1376 θτι
1300 1311 1354 1376 οὐκ

163 1423 204 1492 εἷς
237 1422 293 1493 τήν
325 1421 394 1485 καθ’
425 1419 542 1502 ήμέρριν
573 1420 713 1494 θαπιθννν
735 1423 778 1502 τῷ
803 1421 957 1503 οῖρθστιρ
981 1421 1115 1502 χρῆσθαι
1139 1417 1298 1497 προσήκει,
1324 1424 1357 1484 et

163 1530 208 1594 ita
232 1528 365 1594 demum
390 1529 547 1613 oppositio
568 1537 653 1593 recte
675 1527 789 1594 habet:
813 1530 888 1593 ἀλλ’
913 1527 1097 1592 ἀποκεῖσθαι
1119 1525 1162 1590 τὰ
1189 1527 1356 1604 τιμιώτερα

161 1636 203 1707 εἰς
236 1633 389 1713 ἐξαίρετον
422 1632 537 1715 χρθνον,
585 1631 677 1700 Talia
705 1635 844 1720 profecto
867 1634 1003 1701 Homeri
1025 1633 1123 1700 verbe
1146 1634 1260 1698 eximie
1282 1631 1358 1698 illn-

163 1749 282 1817 etrant,
313 1739 445 1805 fortasse
476 1743 632 1825 quispiam
657 1727 783 1806 dixerit.
829 1741 876 1806 At
899 1744 974 1806 aunt
996 1737 1148 1805 millenae
1171 1737 1358 1804 huiuamodi

162 1848 416 1922 observationes,
446 1865 508 1910 non
540 1846 647 1910 minna
677 1845 737 1911 hec
760 1846 938 1931 tutilinam,
961 1843 1052 1912 nulla
1075 1852 1183 1912 tamen
1207 1850 1275 1910 tam
1298 1845 1358 1911 fee-

163 1955 230 2018 tiva
274 1972 372 2037 qnam
413 1957 461 2016 eat
494 1951 571 2016 haec
606 1951 646 2016 ad
680 1951 773 2018 ssiat.
810 1961 834 2018 Z
868 1951 933 2018 165
968 1974 1062 2039 anper
1095 1953 1268 2030 μιγήμεναι
1304 1952 1358 2017 οὐκ

163 2059 324 2140 ἔθελοθσή,
362 2079 456 2144 qnam
491 2060 591 2123 animi
622 2079 717 2124 canna
748 2059 906 2126 adscribo:
935 2066 1015 2140 τρεῖς
1047 2056 1150 2138 τρθποι
1182 2055 1295 2136 μίξεων
1321 2056 1356 2143 (1.

161 2165 317 2246 μθξειις,
352 2172 446 2250 atqne
477 2167 524 2230 ita
553 2164 650 2230 codex
673 2165 903 2254 Scorialeneie)·
928 2167 946 2242 ή
970 2165 1124 2246 βούλεταί
1144 2188 1191 2237 τις
1216 2166 1261 2241 μή
1283 2164 1357 2242 βιν-

162 2273 275 2355 natm
306 2281 454 2352 μιρήναι,
485 2273 525 2344 ὥς
555 2277 606 2337 νῦν
628 2267 714 2344 οὗτος
739 2272 937 2353 λοιδορεῖται·
965 2273 1050 2350 ήμή
1074 2269 1262 2351 βουλόμενοι
1285 2271 1356 2350 βον-

163 2381 296 2464 Malva,
327 2381 365 2452 ὥς
399 2377 570 2450 Ὀδυσσεύς
604 2381 699 2460 »παρ’
730 2380 784 2444 οὐκ
815 2378 922 2443 ἐθέλων
954 2377 1116 2458 ἐθελοθσή”
1141 2377 1189 2462 (ε,
1216 2375 1294 2463 155)
1317 2386 1356 2458 τῇ

163 2495 331 2570 Καλυψοῖ·
361 2485 377 2560 ή
402 2487 440 2558 ὥς
467 2483 611 2563 Αἴγισθος
634 2495 673 2566 τή
697 2485 961 2570 Κλυταιμνήστρᾳ
984 2485 1091 2551 ἐθέλων
1122 2483 1266 2564 θθελοθσρ
1301 2483 1356 2569 (y,

163 2594 255 2680 272).
280 2592 481 2670 τέταρτος
505 2591 544 2655 δὲ
562 2589 716 2683 1τρόπος
741 2593 810 2660 οὐκ
834 2588 972 2656 ἔστιν’.
993 2589 1123 2664 οὐδεὶς
1148 2589 1225 2670 γὰρ
1248 2587 1358 2656 ἄκων

40 2719 41 2730 ’
162 2700 319 2784 azoto„
349 2699 561 2778 μίγνυται.
610 2699 717 2785 Atque
746 2699 806 2765 hae
836 2697 1028 2787 quisquiliae
1056 2701 1090 2763 in
1113 2704 1249 2784 quatuor
1271 2697 1357 2763 codi-

162 2810 273 2885 cibus,
305 2805 426 2874 Veneto
457 2804 502 2883 B,
534 2803 737 2884 Scorialenai,
770 2805 938 2884 Leiden'ei,
961 2804 1153 2890 Harleianc‚
1175 2803 1282 2871 locum
1306 2804 1356 2868 in·

40 3005 41 3010 ἵ
162 2918 336 2984 venerunt!

209 3124 260 3191 Ad
286 3123 422 3190 eundem
446 3139 574 3187 versum
597 3122 631 3184 in
654 3121 720 3188 eolo
743 3122 908 3190 Marciano
932 3123 996 3213 (M)
1018 3123 1171 3213 leguntur
1188 3126 1277 3192 haec.
1302 3123 1355 3192 civ:

165 3257 212 3313 γρ.
248 3215 300 3296 καῖ
333 3226 455 3309 μικρθν,
485 3223 521 3290 ἵν’
550 3220 585 3306 ή,
618 3221 700 3292 ἐστὶν
728 3228 792 3294 cini
815 3234 870 3295 τοῦ
896 3227 945 3304 eia,
970 3233 1008 3304 ὦς
1032 3215 1068 3295 πθ
1094 3232 1186 3308 ,μετ’
1208 3231 1357 3310 οῖμθμινα

164 3335 362 3413 lietduini&
395 3338 431 3421 (B
464 3331 558 3417 674.)
598 3331 691 3398 Nihil
730 3338 846 3402 attinet
873 3337 988 3403 horum
1021 3336 1209 3415 verborum,
1241 3340 1358 3424 qnibue

164 3465 222 3510 nec
258 3446 354 3528 capnt
385 3446 509 3506 constat
538 3460 596 3505 nec
626 3461 700 3526 pas,
732 3441 936 3508 difficultates
968 3442 1160 3532 singillatim
1193 3465 1356 3529 exponere.

164 3549 277 3616 Unum
309 3557 459 3637 tangam,
491 3546 519 3611 ei
550 3545 589 3611 de
620 3551 708 3612 varia
735 3547 872 3615 lectione
894 3544 932 3614 ὧν
953 3569 1010 3635 pro
1034 3544 1064 3614 θν
1087 3549 1141 3615 hie
1163 3571 1266 3616 sermo
1289 3555 1358 3628 eat,

166 3663 201 3722 ut
223 3663 273 3721 eat
296 3657 363 3720 aine
387 3652 502 3737 dnbio,
525 3651 602 3738 quid
629 3654 691 3719 eibi
713 3653 827 3720 volunt
849 3655 946 3722 verba
969 3676 1008 3720 ex
1027 3653 1127 3722 Iliade
1146 3658 1244 3722 citata
1264 3658 1358 3736 ,μετ’

165 3765 316 3840 eatam
346 3759 549 3843 Πηλεῖωνοι,”
588 3760 703 3844 quibua
737 3765 851 3827 neutra
882 3760 978 3848 lectio
1012 3782 1070 3828 nec
1104 3761 1268 3828 stabilitur
1301 3785 1359 3830 nec

40 3939 41 3944 ,
166 3865 342 3936 evertitur?
373 3869 478 3952 Atque
498 3865 575 3931 haec
599 3871 707 3932 tamen
732 3872 800 3933 tam
824 3868 957 3934 obscura
980 3888 1019 3933 ax
1041 3868 1262 3934 emendatione
1284 3890 1357 3955 pn)⁹

164 3977 248 4041 fecta
283 3980 375 4049 aunt,
411 3971 578 4057 adscriptis
613 3975 711 4038 etiam
743 3971 948 4039 confirmandi
979 3977 1085 4062 gratia
1115 3973 1228 4040 acholii
1252 3977 1358 4042 verbis

165 4083 207 4167 β,
241 4079 306 4146 213
342 4087 386 4166 (p.
422 4076 497 4158 101,
523 4079 575 4164 7):
608 4078 679 4158 πρὸς
703 4079 937 4154 θντιθιαστσλήν
971 4085 1038 4146 τοῦ
1070 4082 1137 4160 ἀφ’
1171 4076 1214 4146 οὗ
1245 4081 1358 4160 μέμονε

166 4187 333 4266 μέλλοντος
368 4187 494 4271 (nempe
525 4171 628 4263 πρήσει
653 4206 672 4252 a
694 4187 917 4275 grammaticis
947 4185 1090 4270 fictum),
1115 4207 1194 4272 quae
1218 4192 1251 4253 et
1272 4189 1357 4256 inte·

165 4297 304 4382 gerrima
335 4299 410 4360 annt
442 4299 474 4358 et
505 4290 588 4358 nihil
622 4293 740 4358 habent
763 4313 837 4358 cnm
861 4295 978 4359 vitioso
1001 4293 1027 4359 ἵν
1050 4291 1084 4376 d,
1109 4293 1192 4358 ἐστὶν
1214 4295 1278 4360 ἀπὸ
1302 4301 1356 4363 τοῦ
1383 4347 1387 4364 .

166 4399 198 4468 θν
220 4421 399 4468 commune.
446 4396 508 4464 Sed
521 4400 657 4478 ¹omiaaia
679 4400 731 4464 hia
753 4402 823 4485 ipae
846 4398 972 4466 Codicis
995 4399 1034 4466 M
1056 4399 1152 4466 lectio
1183 4401 1359 4469 conmdera-

40 4531 41 4602 j
168 4513 239 4584 tur,
274 4513 311 4574 ut
348 4507 517 4574 videamus
558 4503 671 4590 ecquid
714 4504 788 4570 inde
823 4526 932 4572 eruere
969 4505 1063 4572 detur
1096 4507 1180 4594 qnod
1214 4508 1361 4600 intellegi

1193 4627 1210 4677 a
