3242 5140
865 323 930 414 ὀοιι

352 543 385 626 θ,
410 539 485 604 340.
522 539 615 605 Nunc
647 540 781 624 denique
809 541 988 606 accedimus
1011 511 1059 605 xad
1083 539 1217 608 alteram
1240 550 1365 630 partem
1389 543 1494 628 dispu-

227 725 229 730 .
303 647 434 716 tationis
464 647 702 733 Porphyriones
735 647 773 711 de
802 666 878 711 voce
908 646 1059 724 οῖσείρυν,
1094 647 1132 713 de
1165 653 1257 716 euius
1281 653 1495 737 prioreparte

304 764 375 822 tum
405 755 546 844 egimus,
577 775 652 819 curn
675 755 708 817 in
731 751 860 818 scholiis
883 756 980 839 primi
1002 753 1077 819 libri
1101 757 1306 823 emendandis
1330 756 1492 842 explican-

303 864 414 948 disque
431 882 631 926 versaremur
652 859 703 946 (ad
720 885 741 922 α
762 857 829 944 98).
855 859 946 926 Prior
966 861 1024 926 illa
1044 884 1115 946 pars
1136 866 1169 928 in
1191 885 1254 930 uno
1278 863 1305 929 Iu
1327 862 1495 951 legebatur

303 969 435 1056 paulum
460 966 709 1053 compendifacta
732 985 830 1050 eoque
854 967 893 1032 ed
912 965 1113 1032 intellectum
1134 967 1334 1055 aliquantum
1347 971 1494 1055 apertior,

304 1083 411 1144 nostra
437 1079 477 1140 in*
502 1073 563 1154 HQ
595 1081 718 1139 servata
750 1079 817 1138 tota
841 1073 879 1137 ad
904 1070 1040 1139 verbum
1064 1077 1203 1140 concinit
1226 1098 1301 1141 curn
1325 1075 1494 1144 VenetoB

303 1186 343 1251 sd
367 1183 458 1249 Iliad.
483 1195 503 1250 Ξ
529 1180 607 1254 200,
632 1203 670 1246 ex
694 1200 791 1265 eaque
814 1180 919 1264 ipsunt
944 1181 1010 1245 sine
1032 1181 1129 1248 dubio
1151 1178 1368 1270 Porphyrium
1388 1185 1495 1269 dispu-

301 1296 422 1356 tantem
436 1290 594 1354 audimus.
611 1287 833 1372 Discrepantes
845 1290 1019 1372 scripturae
1031 1288 1137 1374 plures
1150 1297 1234 1366 sunt,
1247 1311 1325 1375 quas
1336 1291 1494 1368 indicabo

302 1397 356 1463 sed
377 1417 484 1463 omnes
503 1395 567 1461 lere
586 1395 715 1461 levioris
735 1394 906 1468 momenti,
930 1401 1130 1460 unctantem
1144 1399 1292 1484 gravior,
1305 1406 1401 1484 etque
1414 1403 1495 1464 eius·

304 1502 393 1568 modi
405 1537 447 1550 -
461 1502 543 1586 quod
563 1522 632 1566 raro
650 1522 710 1566 usu
729 1504 872 1566 venit-
887 1507 924 1565 ut
940 1499 1057 1566 Veneti
1076 1502 1171 1569 lectio
1191 1505 1295 1590 potior
1307 1525 1374 1571 esse
1386 1505 1495 1572 videa-

303 1616 368 1676 tur.
395 1609 457 1675 sed
475 1609 642 1675 videamus
663 1608 799 1696 singula.
824 1606 917 1674 Dixit
937 1608 1116 1676 Mercurius
1136 1610 1187 1695 (ut
1207 1614 1334 1697 notum)
1353 1615 1494 1678 iocatus:

303 1717 407 1794 δεσμοί
440 1717 496 1794 μὲν
526 1715 589 1796 τρίς
622 1714 725 1779 τύσσοι
757 1715 911 1794 οίτείρονες
936 1715 1041 1797 οἰμφίς
1068 1714 1186 1798 ἔχοιεν,
1213 1755 1266 1768 --
1290 1722 1392 1798 αύτοδρ
1417 1719 1494 1797 eyes

303 1823 417 1902 εὕδοιμι
446 1825 531 1902 σαροῖ
554 1820 669 1905 χρυσέη
693 1821 870 1902 Ἀφροδίτη.
919 1823 1049 1903 Quaerit
1073 1825 1111 1888 ad
1137 1825 1224 1890 hune
1244 1826 1351 1891 locum
1369 1825 1494 1891 delatus

304 1933 520 2020 Porphyrius,
559 1931 634 2015 quid
669 1931 722 1994 hic
757 1950 820 1995 vox
856 1931 987 2008 οἰσείρων
1022 1930 1128 1996 valeat
1159 1935 1205 1996 ita
1236 1934 1421 2018 disputans:
1455 1935 1493 1997 Οἱ

304 2041 460 2120 οἰτείρονες
492 2038 597 2117 δεσμοί
630 2039 661 2102 ού
694 2036 874 2114 σημαίνουσι
907 2037 1038 2114 πλῆθος,
1071 2039 1158 2103 οἰλλοί
1188 2041 1257 2112 τοὺς
1283 2040 1444 2123 ἰσχυρούς,
1468 2037 1498 2103 οί

304 2150 379 2214 εἰσιν
411 2149 554 2224 syrenae
586 2145 638 2209 καί
671 2143 817 2221 κρικωτοί.
849 2143 920 2222 πρὸς
951 2145 1013 2222 γοίρ
1045 2145 1098 2218 την
1128 2145 1267 2224 έροίτησιν
1292 2147 1308 2220 ἡ
1335 2145 1498 2225 οἰτύιιρισις.

305 2255 393 2321 ἔσται
427 2255 510 2320 ιιοιτοί
543 2251 652 2337 λόγον,
682 2255 735 2315 τοῦ
763 2248 985 2327 σημαινομένου
1015 2247 1107 2320 οὕτως
1133 2252 1337 2326 ἀποδοθέντος.
1363 2252 1493 2332 εἰρετο

303 2365 360 2443 μὲν
380 2363 443 2442 γὰρ
464 2359 558 2426 αὐτὸν
578 2360 602 2424 εἰ
624 2357 703 2422 θέλει
721 2355 812 2443 (θέλοι
825 2355 921 2434 Ven.)
935 2355 1056 2432 δεσμοῖς
1071 2363 1240 2437 κρατεροῖσι
1253 2359 1387 2431 πιεσθείς
1400 2357 1494 2424 εὕδειν

305 2471 391 2550 πυροὶ
414 2479 452 2550 τῇ
472 2467 646 2548 Ἀφροδίτη.
673 2464 758 2529 Luce
770 2463 887 2528 clarius
899 2468 964 2540 eat,
978 2463 1202 2550 corrigendum
1214 2483 1281 2530 esse
1294 2463 1398 2550 ἤρετο,
1412 2465 1494 2551 quod

304 2586 411 2645 tamen
436 2582 469 2642 et
490 2577 524 2640 in
549 2573 672 2640 Veneto
690 2573 795 2638 labem
816 2591 945 2655 pessum
967 2577 1016 2635 est
1036 2571 1122 2649 ἤρητο
1145 2573 1300 2658 scriptum
1325 2573 1494 2638 exhibente

305 2707 324 2752 a
352 2684 498 2755 Belskero
523 2685 709 2746 correctum.
742 2677 871 2764 Pergit:
896 2677 910 2740 θ
934 2677 964 2742 δὲ
989 2677 1203 2762 ἀποκρίνεται,
1229 2677 1273 2752 είη
1298 2703 1348 2756 μοι
1371 2679 1493 2744 πολλοί-

304 2815 349 2864 ιιις
373 2790 524 2859 τοσούτοις
555 2786 676 2862 δεσμοῖς
705 2783 829 2850 δεθέντα
853 2779 964 2868 εὕδειν,
990 2782 1051 2848 ίσον
1075 2775 1118 2864 τῷ
1145 2787 1416 2863 τολλοιδτλοισίοις,
1440 2787 1492 2850 καί

306 2899 344 2962 έν
364 2897 480 2967 τούτοις
504 2895 675 2974 οἰσείροσιν,
701 2893 730 2955 έν
754 2893 859 2972 ταύτῷ
879 2891 979 2969 λέγων
1000 2893 1042 2970 τῷ
1064 2893 1210 2971 ἰσχυροῖς.
1258 2891 1376 2958 Melius
1396 2893 1493 2957 Vem:

305 3004 357 3068 καί
382 3003 471 3080 πρὸς
496 3003 612 3073 τούτοις
637 3001 801 3078 οἰτείροσιν.
827 2997 934 3063 Simul
957 2997 1124 3064 confirmat
1147 2999 1437 3064 Buttmannianum
1464 2999 1493 3061 έν

304 3112 409 3192 τούτῷ
435 3107 533 3186 λέγων
557 3109 599 3188 τῷ
623 3127 679 3192 pro
703 3107 748 3171 τί.
796 3105 873 3170 Post
893 3105 1005 3190 paulo:
1030 3105 1064 3168 τὸ
1088 3111 1186 3183 γοῦν
1211 3106 1386 3186 ἰσχυρὸν
1409 3106 1497 3179 δηλοῖ
1603 3145 1604 3168 2

305 3217 355 3282 διοί
390 3221 445 3288 τῆς
484 3211 681 3292 ,,οἰτείρονες”
717 3217 839 3292 Φοινῆς,
875 3211 1038 3292 οἰναΦέροιν
1070 3212 1119 3275 έτί
1152 3212 1222 3283 τοὺς
1247 3213 1407 3289 κρικωτοίις
1442 3213 1492 3276 ιιοιί

304 3324 405 3402 ταύτη
437 3317 611 3390 δυσλύτους.
643 3317 782 3385 Venetus
813 3317 847 3383 τὸ
879 3319 917 3383 δὲ
951 3320 1122 3397 ἰσχυροῖς,
1160 3319 1216 3383 ubi
1239 3325 1271 3381 et
1295 3339 1386 3382 casus
1409 3319 1494 3384 male

303 3431 416 3506 hahet,
442 3465 485 3476 —
519 3427 650 3491 dixisset
682 3425 795 3491 saltem
825 3432 912 3494 τοῖς
942 3425 1099 3506 ἰσχυροῖς,
1125 3463 1165 3472 -
1191 3430 1223 3489 et
1250 3423 1409 3508 particula
1438 3425 1494 3489 ed-

303 3536 460 3602 versative
491 3536 523 3598 in
547 3536 687 3598 oratione
711 3531 936 3597 concludentis.
986 3532 1120 3616 Aliquot
1144 3533 1308 3596 sententiis
1332 3533 1494 3596 intermis-
1603 3529 1604 3544 ¹

302 3644 363 3719 sis,
388 3662 467 3726 quae
491 3646 522 3706 et
546 3643 580 3704 in
603 3637 727 3704 Veneto
751 3645 781 3703 et
802 3641 835 3702 in
858 3640 975 3704 nostris
998 3637 1155 3704 eriorihna
1179 3637 1314 3702 alieuius
1336 3642 1495 3703 momenti
1603 3623 1604 3628 ἰ

302 3753 433 3824 vacant,
457 3745 593 3831 legitur:
618 3742 694 3818 θλυς
719 3768 755 3807 τε
779 3750 796 3818 ἡ
821 3745 961 3820 ἐρώτησις
985 3745 1018 3810 ού
1044 3744 1110 3823 σερί
1135 3745 1287 3826 πλήθους,
1312 3743 1401 3808 οἰλλοί
1427 3745 1493 3822 σερί

302 3854 459 3930 δυνάμεως
485 3851 527 3928 ἦν.
558 3852 699 3919 Verbum
724 3851 810 3916 deest
834 3853 865 3914 in
888 3850 1024 3928 Veneto,
1050 3873 1111 3937 quo
1136 3853 1253 3917 omisso
1278 3853 1436 3916 sententia
1459 3849 1495 3914 fit
1566 3871 1574 3890 ·

303 3964 434 4027 alacrior
457 3970 489 4026 et
512 3968 548 4024 ut
571 3963 605 4024 in
629 3959 844 4043 disputatione
868 3955 1016 4023 calidiore
1040 3959 1233 4023 concitatior.
1260 3955 1358 4020 Pum:
1384 3959 1408 4020 εἰ
1431 3959 1493 4036 ρθιρ

303 4069 465 4145 βουληθείη
498 4067 635 4140 δεσμοῖσι
668 4072 835 4143 κρατεροῖσι
861 4064 991 4135 πιεσθείς
1016 4062 1129 4140 εὕδειν,
1155 4066 1271 4146 ἐρωτᾷ,
1297 4063 1390 4143 cdxl
1416 4081 1495 4128 στολ-

278 4183 377 4255 ,tota
402 4174 548 4241 Multum
572 4178 710 4259 praestat
733 4171 828 4237 lectio
853 4171 979 4238 Veneti:
1004 4175 1072 4237 οὐκ
1096 4173 1128 4236 εἰ
1154 4178 1293 4240 πολλοῖς.
1323 4167 1492 4255 Sequitur:

304 4281 418 4361 ἄλογον
447 4283 478 4346 δὲ
511 4280 582 4361 πρὸς
614 4279 649 4342 τὸ
683 4286 809 4350 πολλοῖς
833 4273 904 4358 ὕπερ
930 4279 982 4342 ούιι
1008 4279 1136 4344 ἐπύθετο
1156 4277 1392 4361 νίτοιιρίνεσθαι,
1421 4281 1492 4356 πρὸς

302 4391 332 4455 δὲ
353 4389 388 4453 τὸ
407 4395 558 4468 κρατεροῖς
581 4384 673 4464 μηδὲν
697 4382 810 4464 φοίναι.
830 4383 916 4461 λέγοι
939 4386 976 4449 οἰν
997 4385 1059 4464 τρίς
1084 4385 1141 4464 μὲν
1167 4385 1293 4454 τόσσους
1318 4381 1390 4455 τούς
1416 4399 1493 4448 τολ-

302 4495 518 4574 λοιτλασίονς,
541 4495 701 4572 οἰτείρονας
724 4490 755 4556 δέ
780 4490 954 4570 κραταιούς.
980 4489 1118 4557 Venetus
1141 4493 1218 4558 haec
1241 4491 1360 4577 partim
1386 4511 1492 4556 emen-
