3232 5136
824 301 867 377 to

249 497 398 586 νεόμενος,
427 497 573 574 ἅπαντας
602 498 770 579 ὠκυμόρους
800 501 953 579 γενέσθαι.
986 501 1049 571 τῶς
1086 499 1162 578 γὰρ
1198 493 1239 572 riv
1270 485 1441 578 Φοβεροςὸ

250 611 293 679 εἰς
323 608 407 673 ποτὰ
437 607 489 672 κα)
522 607 628 686 τέρψιν
659 607 785 671 δείπνων
817 609 935 687 τρέψας
961 609 1016 681 τὴν
1040 604 1187 683 trecoren
1214 605 1287 670 Nou
1310 626 1440 691 possum

248 717 282 779 in
313 717 458 779 animum
489 714 654 798 inducere,
678 713 755 780 haec
778 717 825 779 ita
847 713 988 799 proiecta
1010 733 1077 778 esre
1100 733 1118 776 a
1141 711 1340 798 Porphyrio,
1364 733 1439 778 cum

249 821 377 886 deberet
395 820 486 886 dare:
510 819 624 892 ἄτοπος
651 822 668 894 ἦ
692 821 771 899 εὐχὴ
796 845 822 884 τ.
850 821 916 884 Ἀθ.
942 817 1129 901 εὐχομένης,
1154 818 1179 883 εἷ
1205 818 1308 883 ἔλθοι
1332 819 1346 882 i
1370 819 1440 883 Ὀδ.

250 927 301 992 καὶ
335 926 456 1002 σταίη
492 927 522 991 ἐν
556 936 618 998 τοῖς
651 934 818 1006 μνηστῆρσι
848 925 1049 1007 τερπόμενος,
1087 921 1234 998 ἅπαντας
1272 924 1440 1004 ὠκυμόρους

250 1035 402 1113 γενέσθαι.
437 1040 500 1105 τῶς
530 1034 594 1113 γὰρ
626 1032 685 1118 (ἂν
713 1033 800 1116 add.)
832 1028 870 1106 ἦν
903 1029 1006 1119 (siai)
1037 1032 1169 1113 Φοβερὸς
1195 1033 1208 1096 ὃ
1237 1033 1279 1104 εἷς
1304 1033 1387 1096 rorat
1412 1055 1441 1096 ιι.

249 1142 355 1218 τέρψιν
378 1139 503 1204 δείπνων
528 1141 646 1218 τρέψας
670 1164 700 1204 τ.
726 1139 876 1216 διάνοιανς
899 1139 952 1204 sed
972 1139 1118 1205 librarios
1136 1140 1324 1204 insimulare
1336 1138 1440 1214 melo;

248 1254 421 1332 utrumque
453 1249 538 1312 enim
562 1249 680 1311 vitium
705 1251 753 1311 est
778 1267 795 1312 e
819 1245 995 1312 tralaticiis.
1043 1243 1092 1310 Ac
1116 1247 1205 1331 prius
1229 1283 1269 1293 -
1296 1247 1443 1311 coniunc-

249 1357 333 1419 tivcs
357 1353 426 1420 dico
450 1373 506 1439 pro
529 1353 699 1438 optativis,
723 1373 786 1418 -e
810 1354 927 1418 vitiosa
950 1354 1162 1417 recentiorum
1182 1353 1442 1438 pronunciatione

248 1459 454 1546 repetendum
485 1462 627 1524 maxime
657 1460 782 1544 opinor,
815 1461 870 1544 qui
902 1480 974 1524 cum
1007 1458 1091 1544 apud
1115 1478 1168 1523 cos
1192 1455 1269 1540 ἔλθῃ
1292 1463 1324 1522 et
1348 1457 1442 1523 ἔλθοι

249 1568 337 1632 idem
360 1573 507 1632 sonarent
531 1565 609 1631 haec
633 1570 665 1630 ct
689 1565 766 1630 talia
788 1570 940 1651 perpetuo
962 1566 1047 1630 inter
1077 1565 1280 1631 scribendum
1312 1566 1442 1630 coniun-

250 1673 382 1752 debant,
415 1681 447 1738 et
480 1673 525 1737 sic
554 1673 646 1746 σταίη
673 1709 714 1720 -
739 1671 813 1747 crin
845 1674 997 1757 scriptum
1024 1709 1065 1720 —
1090 1681 1149 1752 στῇ
1182 1671 1289 1738 valere
1320 1673 1442 1757 opinati

251 1785 335 1845 sunt
359 1777 560 1845 Contrarium
587 1779 707 1844 sactum
732 1781 835 1843 estin
860 1777 1034 1844 Herodiani
1057 1777 1184 1844 Scholio
1207 1777 1248 1844 ad
1269 1777 1361 1844 Iliad.
1386 1777 1440 1853 hi,

251 1886 312 1964 33,
342 1887 400 1952 ubi
428 1885 555 1950 dubitat
586 1901 696 1948 utrum
726 1881 783 1949 ἵει
813 1883 987 1965 καλλίρροον
1011 1883 1084 1965 ὕδωρ
1108 1884 1310 1950 scribendum
1333 1886 1377 1950 sit
1401 1905 1442 1948 au

250 1993 310 2058 ier
333 1991 385 2058 vel
408 1993 506 2056 etiam
530 1989 702 2078 singularis
726 1987 742 2056 i
745 2014 797 2074 ει,
820 1997 891 2075 post
914 2011 994 2076 quae
1017 1993 1064 2056 ita
1085 1993 1208 2079 pergit:
1234 1992 1286 2054 καὶ
1318 1991 1440 2066 μήποτε

250 2099 311 2174 εἴη
336 2097 408 2180 (sio)
433 2096 650 2175 πιθανώτερον·
674 2095 859 2177 πάνταγὰρ
880 2096 988 2175 ὅροῖται
1011 2098 1079 2180 (ubi
1099 2099 1204 2182 quivis
1216 2095 1299 2162 alius
1311 2096 1442 2175 eripiens-

250 2229 303 2270 ται
334 2207 508 2295 posuisset,
541 2203 580 2268 de
609 2223 671 2287 quc
693 2224 753 2268 usu
777 2203 975 2270 Herodienec
999 2204 1082 2268 dixit
1104 2203 1205 2268 Lehrs
1228 2205 1262 2268 in
1285 2203 1442 2289 Epimetr.

250 2312 281 2378 ss
311 2311 351 2376 ad
382 2313 452 2376 eius
480 2305 654 2375 Herodieni
684 2307 809 2395 Scripta
833 2310 895 2375 tria
918 2311 1090 2376 emendatt.
1113 2331 1145 2395 p.
1170 2307 1249 2396 409)
1273 2311 1316 2374 τα
1341 2333 1442 2388 ταρα-

250 2418 379 2496 relicere
403 2417 502 2487 ἑνικῶς
527 2414 687 2491 τεθειμένα
715 2424 840 2497 ,τεῖχος
864 2416 1049 2491 ἀμαλδύνας
1073 2417 1232 2494 ποταμοὺς
1258 2417 1284 2482 δ’
1308 2415 1440 2496 ἔστρεψε

250 2521 397 2590 νέεσθαι.”
443 2521 664 2588 Exclamativa
693 2521 806 2586 vocula
828 2523 873 2586 cic
896 2521 1019 2588 Lehrsii
1044 2528 1112 2600 est,
1136 2521 1320 2588 Dindorfius
1341 2523 1442 2589 soloe·

247 2652 317 2697 cam
341 2631 606 2695 constructionem
631 2630 698 2692 sine
723 2626 791 2692 ulla
814 2628 1086 2696 animadversione
1106 2631 1330 2714 praetermisit.
1377 2629 1440 2695 Sed

247 2738 399 2820 quoniam
429 2734 551 2812 μήποτε
580 2753 655 2798 cum
681 2733 882 2799 coniunctivo
905 2733 1073 2819 aliquoties
1096 2737 1232 2799 stmitur
1254 2736 1288 2799 in
1312 2755 1441 2800 summa

247 2842 447 2906 dubitatione
467 2841 515 2924 (in
538 2841 654 2904 nostris
678 2842 787 2904 statim
813 2842 846 2905 in
870 2841 1006 2917 vicinia,
1032 2843 1071 2906 ad
1095 2866 1135 2918 α,
1161 2841 1251 2925 254),
1276 2862 1440 2926 nunquam

248 2968 322 3012 cum
346 2948 507 3031 optative,
530 2947 563 3009 in
586 2952 736 3030 promptu
761 2953 808 3010 est
832 2949 1007 3034 corrigere;
1033 2948 1085 3012 καὶ
1111 2949 1232 3024 μήποτε
1262 2944 1279 3026 ᾖ
1311 2948 1442 3012 πιθανώ-

247 3077 340 3132 τερον.
386 3051 536 3116 Alterum
562 3051 645 3137 quod
669 3050 888 3138 significabam
913 3054 1030 3118 vitium
1055 3055 1153 3120 etiam
1172 3053 1278 3120 multo
1295 3054 1441 3139 frequen·

247 3162 314 3224 tius
345 3165 402 3224 est.
449 3155 486 3220 ln
509 3177 698 3242 unoquoque
721 3154 842 3223 Graeco
865 3159 1036 3244 scriptore,
1060 3162 1128 3225 sive
1155 3162 1371 3245 antiquiorum
1398 3163 1442 3224 sit

247 3269 315 3331 sive
345 3265 515 3341 recentior,
547 3266 721 3328 sexcenties
751 3261 789 3328 air
818 3285 891 3328 cum
916 3267 1090 3331 sententiae
1116 3266 1307 3332 detrimento
1332 3267 1441 3343 abest;

247 3373 286 3437 de
318 3391 380 3458 qua
410 3390 444 3435 rs
475 3379 507 3435 et
530 3369 588 3435 alii
611 3370 760 3434 dixerunt
783 3377 816 3434 et
839 3368 979 3437 Oohetus
1001 3375 1033 3437 in
1058 3372 1151 3438 Verr.
1174 3373 1278 3440 Lectt.
1303 3395 1334 3458 p.
1363 3373 1439 3437 loo,

247 3477 299 3544 Ita
322 3497 358 3542 eo
380 3476 467 3561 loco,
492 3476 530 3542 de
553 3495 615 3562 quo
639 3477 785 3564 egimus,
806 3479 912 3560 potuit
929 3478 1045 3545 dixisse
1065 3479 1279 3566 Porphyrius:
1300 3485 1363 3551 πῶς
1377 3479 1441 3557 γὰρ

247 3583 398 3665 Φοβερός,
424 3583 507 3666 quod
531 3585 634 3648 estin
659 3580 710 3666 M,
733 3585 792 3647 etsi
817 3590 865 3648 est
888 3584 947 3649 hoc
972 3585 1067 3671 paulo
1090 3587 1259 3672 abruptius
1283 3607 1379 3670 quam
1406 3588 1440 3650 in

246 3693 315 3756 eius
345 3687 503 3755 scribendi
532 3708 634 3776 genus
666 3687 769 3763 cadit,
802 3711 863 3754 non
895 3692 1019 3775 potuit:
1052 3698 1115 3762 πῶς
1148 3694 1210 3770 γαρ
1236 3688 1270 3763 ἦν
1296 3690 1440 3773 φοβερός.

247 3794 329 3862 (ium
364 3795 397 3859 in
432 3792 494 3873 HQ
530 3796 588 3862 sit:
624 3799 685 3866 πῶς
723 3793 787 3871 γὰρ
820 3793 866 3858 ἂν
899 3792 916 3875 ἦ
947 3795 1025 3874 φοβ.
1058 3798 1293 3864 rescribendum
1331 3819 1443 3864 censeo

247 3902 330 3987 quod
358 3901 424 3966 iam
448 3919 543 3984 supra
566 3899 764 3986 significavi:
789 3907 851 3969 ercis
876 3901 939 3980 γὰρ
964 3902 1035 3988 (ἂν)
1063 3901 1104 3978 ἦν
1127 3905 1258 3983 φοβερὸς
1284 3904 1298 3968 ὃ
1321 3905 1364 3975 εἷς
1389 3929 1442 3968 πο·

247 4009 290 4072 τὰ
441 4006 559 4085 τρέψας
590 4007 645 4080 τὴν
677 4005 829 4080 triveram
856 4013 930 4080 aut.
955 4011 1039 4093 quod
1062 4011 1193 4075 malim:
1221 4017 1283 4084 πῶς
1308 4013 1371 4092 γὰρ
1396 4011 1441 4077 ιἰν

248 4116 325 4185 εἰη,
358 4120 395 4177 ιιι
424 4133 455 4178 ν.
469 4133 496 4176 c.
521 4111 605 4196 apud
631 4111 767 4180 cundem
792 4113 1009 4200 Porphyrium
1034 4118 1068 4181 in
1092 4115 1220 4184 Scholio
1243 4117 1284 4184 ad
1306 4117 1442 4184 Iliadem

248 4219 342 4284 modo
370 4216 499 4283 laudato
531 4218 585 4304 (Ξ,
610 4215 707 4302 200):
734 4224 812 4292 πῶς
837 4223 917 4301 γοίρ
942 4223 959 4296 ἡ
983 4223 1225 4301 οὶπειρομενέθνς
1250 4233 1292 4303 γῆ
1318 4223 1442 4304 πέρατα

250 4323 295 4389 ἂν
320 4321 426 4404 ἔχοις
450 4332 545 4408 atque
568 4326 602 4388 in
626 4326 793 4392 notissimo
817 4327 934 4414 gripho
954 4328 1037 4414 apud
1057 4330 1259 4397 Athenaeum
1283 4351 1314 4418 p.
1328 4331 1390 4396 451
1407 4349 1441 4396 a:

248 4428 332 4500 οὐδὲν
355 4427 475 4512 λέγειν·
500 4436 577 4503 τῶς
602 4429 681 4512 γὰρ
706 4431 858 4512 γένοιτ’
882 4433 947 4514 ιἰν,
972 4431 993 4500 ci
1016 4435 1127 4524 τοὶτερ,
1149 4433 1166 4511 ΙΙ
1188 4438 1283 4522 ριίτυρ
1301 4439 1424 4522 ἄφωνος
1434 4467 1444 4526 ,-
