3278 5148
718 318 782 391 35¹7

158 534 209 580 κεν
234 551 252 568 -
268 551 287 566 -
311 514 498 580 ἐιοτελέοειεν
528 513 653 587 ιιέθλονς
677 525 695 589 ΙΙ
718 512 869 591 πολλούς,
899 513 968 582 τοὺς
994 511 1126 585 Φαίηκες
1151 509 1342 592 ἐπειρήσαντ’

156 623 315 698 Ὀδυσῆος.
363 622 412 688 Ad
443 622 500 688 hos
530 639 639 688 vorsus
663 627 712 686 ast
734 619 896 686 adnotatio
919 622 1030 686 oritioa
1056 622 1089 685 ιιι
1114 617 1187 699 QV:
1212 620 1345 694 πληθνν·

159 735 249 802 τιαοῖι
281 725 350 795 εἶπε
380 730 431 796 τόν
461 732 516 793 τοῦ
547 729 648 794 δόσκον
676 723 776 794 ἆθλον.
825 726 947 808 Κρότης
971 727 1001 792 δέ
1026 727 1095 798 τοὺς
1119 726 1206 791 καιτοι
1230 725 1347 802 ἰθιιιιην

159 837 268 913 ήκονσε
299 836 416 908 πόνους.
463 835 512 901 Ad
544 835 669 902 eosdem
697 835 837 924 legimus
859 837 891 899 in
921 832 967 915 Q:
992 835 1098 899 siderei
1119 831 1290 909 Ζηνόδοτος.
1315 837 1347 900 οὐ

159 943 222 1022 γὰρ
246 942 378 1014 πολλοὺς
404 943 543 1008 ἐτέλεσεν
568 943 598 1007 ἐν
623 946 779 1024 Φαιακιρι,
803 943 877 1006 ἀλλ’
903 939 1057 1006 ἐθισιιενσε
1078 941 1177 1017 μόνον.
1212 939 1264 1006 Ad
1283 959 1349 1005 eos-

159 1048 233 1114 dem
258 1049 392 1136 denique
414 1052 448 1114 in
472 1047 523 1116 H:
547 1052 586 1122 τις
612 1045 784 1134 ἐλεγοῖοήι)
807 1048 967 1128 ἐπειρόθην
993 1049 1087 1112 αὐτοῦ
1112 1048 1167 1120 τιιν
1192 1047 1346 1125 ἐξήγησιν.

159 1156 213 1220 και
246 1153 361 1227 ἄλλως.
397 1156 503 1220 ἀθετεῖ
525 1156 685 1230 Ζηνόδοτος
710 1173 780 1220 κτλ.
826 1154 939 1221 Prima
962 1157 1139 1220 observatio
1162 1155 1287 1241 integra
1310 1153 1349 1219 ad

159 1281 215 1328 nos
246 1267 409 1348 pervenit,
432 1263 530 1329 altera
553 1266 618 1330 iam
644 1269 791 1348 corrupta
815 1269 881 1339 est,
907 1263 961 1328 sed
984 1263 1221 1346 oorruptissima
1245 1262 1348 1326 tertia.

159 1369 197 1434 In
221 1369 357 1436 secunda
378 1373 443 1435 iam
463 1389 558 1455 supra
575 1389 648 1457 pag.
672 1369 737 1435 315
758 1369 825 1434 dixi
844 1373 1026 1455 suspectum
1048 1367 1129 1432 mihi
1150 1387 1216 1432 esse
1235 1369 1267 1431 οὐ
1285 1367 1348 1448 γὰρ

160 1478 293 1550 πολλοὺς
326 1477 484 1551 ἐτέλεσεν.
517 1497 578 1542 non
611 1477 719 1544 addito
748 1478 965 1551 substantivo,
999 1475 1082 1559 quod
1109 1475 1153 1538 sio
1178 1477 1350 1539 retractum

159 1583 325 1650 volebam:
358 1585 390 1648 οὐ
420 1586 484 1663 γοιρ
515 1584 649 1653 πολλοὺς
674 1581 849 1666 (ἄθλους)
876 1582 1017 1645 ἐτέλεσεν
1043 1581 1071 1642 ἐν
1096 1581 1251 1662 Φαιακόρι.
1274 1579 1350 1644 ἀλλ’

160 1689 313 1754 ἐῖότκενσε
346 1688 444 1766 μόνον.
492 1688 553 1754 Sed
572 1689 666 1768 ‚nihil
698 1689 758 1754 hoo
789 1695 837 1754 ast
867 1707 942 1772 prae
970 1689 1028 1762 iis,
1062 1705 1142 1771 queo
1166 1687 1259 1752 tertio
1282 1686 1349 1750 loco

158 1798 264 1881 posita
293 1797 326 1860 in
362 1815 426 1860 uno
450 1793 481 1858 H
512 1801 649 1860 aetatem
674 1794 833 1870 tulerunt,
858 1795 973 1878 quibus
997 1793 1099 1858 editor
1124 1799 1161 1856 ut
1183 1794 1217 1856 ιιι
1240 1813 1274 1857 re
1297 1792 1350 1857 de·

158 1907 283 1986 sperata
308 1901 516 1967 dubitationis
540 1904 669 1988 signum
696 1899 930 1988 adpingemium
957 1902 1092 1964 curavit.
1128 1901 1170 1964 At
1190 1901 1217 1963 si
1237 1898 1349 1983 paulu·

159 2007 227 2074 lum
251 2007 402 2074 hariolari
424 2008 514 2086 lieet,
535 2029 603 2074 rem
622 2029 683 2074 non
704 2008 781 2073 adeo
798 2009 995 2093 desperatam
1018 2007 1195 2072 habuerim.
1233 2005 1349 2071 Videor

159 2116 242 2180 mihi
273 2117 307 2179 in
343 2122 476 2200 utraque
507 2117 742 2191 observatione,
775 2120 807 2179 et
841 2117 873 2178 in
906 2135 943 2180 ea
966 2134 1062 2198 quam
1090 2113 1128 2179 ad
1153 2135 1198 2178 vs.
1224 2112 1267 2176 22
1292 2112 1348 2193 QV

160 2229 381 2298 servaverunt,
408 2259 448 2271 -
470 2222 553 2306 qnod
574 2228 681 2287 tamen
701 2220 900 2285 dubitantius
920 2240 1000 2305 pono
1022 2257 1072 2296 -‚
1098 2227 1130 2284 et
1153 2223 1185 2284 in
1210 2239 1246 2285 ea
1270 2242 1349 2305 quae

159 2329 199 2394 ad
218 2349 264 2394 vs.
287 2326 330 2392 23
354 2327 483 2394 brevius
502 2331 535 2392 in
560 2327 605 2413 Q,
630 2329 758 2393 uberius
781 2329 814 2391 in
839 2325 871 2390 H
895 2327 1032 2413 legitur,
1058 2327 1199 2392 eiusdem
1214 2325 1347 2412 Didymi

160 2435 333 2500 doctrinam
370 2435 494 2510 audire,
531 2439 592 2499 etei
615 2439 759 2500 neutram
784 2432 831 2498 Μ.
858 2431 1057 2499 Schmidtius
1080 2433 1210 2520 dignam
1235 2434 1349 2499 habuit

159 2561 255 2627 quam
279 2543 314 2606 in
338 2539 492 2629 Syllogen
516 2561 606 2606 snam
627 2543 789 2626 reciperet.
825 2539 1033 2604 Hariolemur
1049 2539 1185 2624 aliquid,
1209 2545 1247 2603 ut
1263 2539 1347 2623 dixi,

159 2646 382 2735 fingamusque
412 2651 458 2712 sie
489 2650 528 2714 ab
561 2649 667 2713 initio*
684 2650 838 2733 seriptum
869 2646 983 2712 fuisse:
1016 2645 1172 2718 Πολλούς.
1199 2646 1268 2717 τοὺς
1295 2681 1348 2696 --

159 2755 327 2830 'obesiore
352 2754 656 2839 (Ἀρόσταρχος)
686 2756 724 2825 τις
757 2752 932 2830 εὐλόγου
957 2753 1150 2832 ἐπειρόθη
1173 2753 1269 2817 αὐτοῦ
1293 2757 1348 2828 τήν

160 2859 326 2939 ἐξήγησιν·
356 2861 462 2926 ἀθετεῖ
492 2861 519 2948 (θ
529 2861 555 2944 ἐ)
581 2861 752 2934 Ζηνόδοτος.
780 2860 899 2937 οὐγὰρ
924 2861 1057 2931 πολλοὺς
1084 2857 1258 2945 (ἄθλους)
1285 2860 1349 2924 ne·

160 2985 249 3034 λεοεν
274 2968 303 3030 ἐν
325 2967 480 3051 Φαιακιρ,
501 2969 576 3031 ἀλλ’
596 2967 750 3032 ἐθισκενσε
770 2965 868 3042 μόνον.
905 2963 1087 3030 Sexcenties
1105 2965 1189 3030 huno
1209 2968 1349 3031 ordinem

159 3075 379 3157 (Ἂριττσρχοι
404 3109 443 3122 -
470 3073 645 3156 Ζηνόδοτος)
669 3072 841 3159 legendum
866 3074 956 3137 nobis
979 3080 1157 3158 proponunt
1181 3073 1290 3138 brevia
1309 3094 1348 3138 ex

158 3180 300 3268 Didymo
332 3187 486 3265 excerpta.
535 3179 692 3266 Exempla
723 3185 849 3244 tautum
882 3201 1007 3246 sumam
1041 3180 1080 3246 ab
1111 3181 1171 3257 iis,
1204 3200 1284 3266 quae
1312 3181 1350 3244 ad

158 3287 293 3352 Iliadem
317 3287 475 3371 adscripta
498 3290 638 3352 eontinet
663 3285 799 3352 Venetus
824 3288 860 3352 Α.
908 3287 1010 3367 Quem
1036 3288 1105 3353 dieo
1128 3287 1270 3352 ordinem
1292 3287 1349 3351 ha·

159 3393 271 3460 bamus
295 3394 316 3458 ι.
340 3413 368 3458 a.
396 3395 469 3476 (non
494 3397 579 3460 enim
605 3395 710 3460 omnia
732 3414 917 3459 enumerare
940 3397 1032 3479 opus)
1047 3405 1071 3458 A
1086 3393 1146 3470 97;
1168 3392 1249 3472 1693
1265 3393 1349 3470 4343

158 3499 291 3576 a196;
313 3497 395 3578 2583
421 3499 504 3578 5793
535 3501 638 3571 rol:
669 3497 751 3578 126;
782 3499 866 3578 259;
896 3509 922 3562 Δ
948 3498 1031 3576 277;
1063 3497 1186 3576 E227;
1213 3507 1239 3563 H
1267 3497 1347 3576 19&

159 3603 241 3684 4283
280 3604 414 3691 01093
448 3605 530 3693 3043
565 3605 648 3685 37&
677 3613 756 3672 oaet.
804 3605 889 3670 lllnd
919 3625 1056 3690 quoque,
1087 3604 1265 3690 Didymum
1289 3605 1350 3670 leo-

160 3718 261 3780 tiones
295 3716 495 3800 rationesque
528 3714 678 3782 Zenodoti
714 3713 882 3796 aliquoties
906 3711 1117 3776 Aristarcheis
1140 3730 1347 3796 praeponere,

159 3843 216 3886 neo
239 3823 350 3909 ignota
373 3841 423 3886 res
447 3829 511 3897 est,
532 3829 564 3886 et
583 3841 658 3887 oum
678 3819 771 3906 plura
792 3817 939 3903 exempla
956 3817 1129 3884 exsoribere
1147 3821 1180 3882 in
1198 3824 1348 3902 promptu

158 3927 257 4004 foret,
292 3946 357 3992 uno
391 3947 457 3992 rem
490 3927 649 3992 illustrare
679 3933 845 3992 contentus
877 3943 938 3989 ero.
988 3924 1147 4011 Didymus
1179 3926 1280 4010 igitur
1310 3923 1349 3988 ad

161 4043 188 4098 Π
214 4031 298 4098 668:
324 4031 414 4104 οὕτως
442 4034 645 4112 Ἀρίσταρχος
672 4029 883 4111 „sapentia”
906 4031 992 4094 κατὰ
1017 4029 1145 4102 δοτικήν.
1177 4029 1348 4108 Σαρπηδόνι

161 4140 286 4219 ιιοιθηρον
309 4140 345 4203 τό
369 4133 462 4217 αἷμα.
488 4141 608 4215 μήποτε
633 4139 665 4205 δέ
690 4139 850 4213 Ζηνοθοτοτ
874 4138 959 4216 ὀρθῶς
985 4137 1109 4212 ήθέτηιιε
1131 4137 1265 4206 τούτους.
1288 4159 1350 4200 ποι·

161 4245 292 4328 ρόλογον
321 4247 385 4324 γοὶρ
416 4250 467 4310 τόν
498 4248 612 4320 οὶιτενθνῖ
647 4244 699 4332 (an
729 4242 946 4328 Ἀπόλλωναι)
971 4247 1101 4308 τοιαῦτα
1135 4243 1346 4310 διακονεῖσθαι.

161 4353 235 4418 Alia
255 4351 354 4416 tradit
374 4349 569 4418 Aristonicus
588 4352 646 4430 l.l.‚
672 4351 725 4416 sed
737 4371 804 4416 rem
818 4353 921 4434 ipsam
938 4370 1021 4415 nuno
1034 4351 1149 4414 omitto
1162 4367 1180 4412 a
1192 4351 1352 4433 proposito

162 4459 313 4544 alienam,
349 4478 421 4522 eum
455 4459 536 4544 quini
573 4459 645 4524 volo
680 4460 758 4523 satis
798 4463 956 4542 appareat.
1004 4453 1114 4540 Itaque
1149 4455 1187 4520 de
1225 4454 1350 4524 ultimis
