3232 5136
701 259 745 338 23

149 459 351 538 γλουκιίυντες
372 461 404 530 δὲ
423 437 556 536 λέοντες.
569 461 621 530 καί
646 463 759 538 'Adorei
780 463 962 541 γλαυκῶπις
982 463 1045 529 ἀπὸ
1067 467 1121 530 τοῦ
1140 461 1317 545 γάλακτος,

147 566 255 634 ίίοτιν
284 567 389 636 οίοκιον
421 569 473 635 καί
507 568 559 637 διὰ
591 575 711 636 τοῦτο
735 570 899 649 λευκὸν,
926 570 1010 658 (ὑπ’)
1034 574 1158 638 αὐτοῦ
1182 571 1317 653 είρνιτοιι·

145 674 261 752 μέλαινα
284 676 347 757 γοὶρ
369 677 386 754 ἦ
408 675 499 744 οκιοί·
524 673 613 755 οἷον,
639 674 802 754 „ruoddrud
820 700 864 741 rs
885 681 986 744 ποῖοοοι
1007 680 1148 756 syncel·
1164 679 1211 766 (β.
1225 679 1316 764 388.)

145 781 216 856 ἤτοι
247 783 399 870 (τουτέστι
429 783 522 866 Ven.)
555 785 670 859 ἡλίου
701 781 885 856 δύνοντος
909 791 1239 852 τννοοκοτοῖνντο.
1264 783 1317 864 ὀξὺ

144 888 169 954 ίὲ
196 891 226 956 τὸ
248 893 367 968 λευκόν,
393 894 439 962 ὥς
462 893 497 958 τί
521 891 622 968 μέλαν
645 889 777 968 duasd-
807 893 825 966 ἦ
848 887 895 957 οὖν
919 891 971 968 ὀξὺ
996 893 1091 972 ίρῶοα
1115 901 1317 971 γλαυκῶπις,

143 999 169 1060 in
197 999 307 1084 quibus
338 999 373 1064 οί
405 997 525 1068 λέοντες
558 1003 590 1064 ot
623 997 778 1072 νίἊίννιῖ
803 995 995 1063 Herleianus
1017 1000 1148 1066 fortasse
1178 1003 1315 1080 rectius,

142 1105 397 1188 quomadmodum
429 1110 512 1170 reete
541 1104 670 1190 praebet
694 1103 752 1174 ὑπ’
778 1106 872 1168 αὑτοῦ
897 1102 1023 1184 είριιτιιι,
1047 1106 1102 1170 ubi
1126 1109 1316 1192 praepositio
1389 1121 1395 1126 ’

142 1211 235 1277 obesse
256 1214 385 1297 nequit,
408 1212 441 1276 in
461 1209 593 1296 reliquis
613 1210 793 1276 mendosus.
817 1209 901 1276 Nem
922 1233 1022 1298 neque
1047 1213 1097 1276 διὰ
1116 1218 1220 1278 τοῦτο
1242 1195 1335 1298 [τί]

141 1315 234 1383 λιννίν
265 1318 392 1404 probari
414 1321 537 1404 potest,
563 1337 664 1404 nequo
688 1316 829 1382 οκιίωντο
851 1317 908 1395 δὲ,
933 1311 1034 1403 neque
1058 1319 1110 1397 ίξὺ
1133 1319 1164 1385 δὲ
1187 1321 1222 1383 τὸ
1246 1334 1316 1384 λεν-

143 1423 194 1500 κίν,
215 1427 281 1490 καί
306 1424 342 1490 τί
364 1425 467 1504 μέλαν
491 1425 616 1504 οίμβλιί,
640 1444 742 1511 neque
767 1427 784 1500 ἡ
808 1422 852 1500 ti.
877 1425 917 1506 ὄρ.
938 1424 1109 1512 [φρόνησις]
1123 1433 1318 1512 γλαυκῶπις,

142 1531 170 1594 in
200 1532 311 1618 quibus
347 1533 496 1598 omuibus
529 1531 749 1618 Porphyrieus
784 1531 882 1598 editio
917 1553 1034 1624 versun¹
1063 1534 1208 1619 praebet,
1242 1553 1316 1599 curn

143 1642 288 1720 praeterea
316 1632 374 1702 οίον
400 1643 474 1724 post
505 1639 522 1715 ιὶ
554 1635 627 1702 οκιοί
655 1641 687 1702 et
711 1638 776 1712 ἤτοι
802 1639 886 1714 ἡλίου
910 1636 1043 1714 δύνοντος
1067 1645 1314 1716 οννεοκοποῦντο,

143 1743 175 1808 sb
194 1741 363 1812 Hnrleiuno
385 1743 480 1832 plone
503 1746 617 1812 obsint.
644 1746 688 1830 (p.
724 1742 764 1809 19
795 1743 818 1810 l.
846 1741 1002 1834 12-15).
1050 1745 1174 1812 Iterum
1205 1747 1238 1810 in
1265 1747 1317 1811 his

144 1849 221 1936 (ibid.
244 1850 266 1917 l.
289 1849 468 1938 21-23.):
499 1851 551 1918 καί
581 1849 809 1932 ζοφουμίνιι
834 1851 1027 1917 ίοίλαοοα
1052 1851 1202 1930 ,,μελοίνει
1226 1851 1258 1917 δέ
1281 1876 1317 1917 τε

148 1955 259 2030 τίντος”
283 1956 344 2038 (H,
370 1957 425 2042 64)
451 1956 639 2035 λέγεται.
662 1958 878 2040 οίτοίραχος
911 1958 990 2039 γὰρ
1021 1953 1117 2025 οὖτα
1141 1961 1207 2024 καί
1233 1961 1318 2026 derr-

143 2061 198 2142 ίίιι
233 2066 348 2142 »λευκὴ
382 2063 410 2129 δ’
442 2060 475 2136 ἦν
506 2063 607 2144 ἀμφί
624 2065 746 2140 γαλήνη
755 2063 782 2150 ,”
812 2067 862 2150 (ιι,
894 2062 963 2150 94.)
993 2086 1132 2151 quocum
1162 2070 1319 2132 consentit

141 2167 222 2256 Vsu,
255 2169 396 2236 multum
429 2169 633 2255 praetulerim
666 2191 745 2255 quse
777 2173 810 2235 in
842 2177 948 2238 vetere
978 2170 1117 2238 editione
1147 2171 1317 2260 leguntur:

143 2276 188 2340 καί
210 2275 458 2360 ζοφουμίνιις
481 2278 554 2355 μὲν
577 2285 650 2354 τῆς
676 2277 886 2350 ίαλοίοοιις
912 2277 1062 2357 ,μελαίνει
1084 2279 1115 2344 δέ
1135 2304 1169 2343 τε
1191 2277 1318 2352 πίντος”

142 2381 259 2468 λέγει,
283 2385 503 2464 οίταριίχου
527 2383 563 2448 δὲ
587 2383 707 2458 οὔσης
733 2382 802 2448 καί
827 2383 1003 2456 terciolo
1028 2385 1144 2462 „trusis
1169 2400 1251 2462 κτλ,
1285 2391 1318 2450 et

143 2488 170 2552 ln
196 2492 254 2568 iis,
285 2509 367 2578 queo
389 2491 532 2577 proxime
557 2489 764 2574 antecedunt,
790 2489 930 2576 (ίμιίτια)
955 2489 1093 2555 στιλπνὰ
1117 2490 1167 2556 διὰ
1191 2490 1318 2569 καθαρί-

143 2617 245 2674 τοτα,
267 2596 538 2684 quemadmodum
557 2595 641 2680 opud
665 2595 882 2682 Porphyrium
906 2603 971 2673 est,
995 2595 1112 2662 melius
1135 2595 1317 2686 intelligam

144 2719 226 2784 quem
259 2703 310 2770 διὰ
340 2703 561 2783 καθαρότητος
595 2700 777 2786 Hsrlsiuui,
808 2703 864 2768 ubi
896 2709 1003 2768 tamon
1026 2704 1253 2789 compendium
1277 2705 1317 2769 sb

143 2806 300 2876 editoribus
330 2809 416 2876 mels
446 2806 610 2894 expletum
640 2829 706 2874 esse
736 2809 843 2894 potius
866 2811 1018 2895 suspioor.
1043 2809 1145 2878 Psulo
1169 2809 1263 2877 aliter
1285 2830 1318 2876 ss

143 2931 184 2978 res
204 2913 295 2982 hebet
317 2918 352 2982 in
375 2917 433 2992 iis,
460 2935 540 3001 ques
563 2934 659 3001 propo
682 2913 778 2980 finem
798 2914 1023 3001 disputationis
1046 2916 1217 3003 leguntur,
1240 2936 1316 2981 nom

143 3025 170 3082 et
194 3020 223 3086 in
252 3021 424 3090 Herleieuo
454 3029 485 3088 et
508 3024 542 3086 in
564 3020 737 3110 Porphyrii
760 3021 897 3088 editione
921 3028 953 3086 st
976 3023 1010 3086 in
1032 3020 1152 3087 Veneto
1175 3020 1203 3086 B
1226 3043 1318 3087 men-

143 3123 209 3192 douo
234 3136 323 3208 sunt,
356 3132 416 3196 etsi
439 3131 473 3195 in
497 3129 549 3194 his
572 3149 695 3215 quoque
718 3133 812 3195 retus
836 3128 935 3194 editio
960 3127 1088 3194 veritati
1110 3129 1237 3213 propior
1259 3141 1317 3194 est.

141 3232 197 3295 Καὶ
218 3237 272 3318 οὐχ
295 3238 322 3302 oi
346 3234 514 3317 Φιλόσοφον
537 3243 646 3315 πρῶτοι
670 3235 704 3301 τί
728 3237 835 3300 λευκὸν
858 3237 1055 3316 οὶφονρίοαντο
1079 3235 1114 3301 τί
1133 3235 1317 3316 διακριτικὸν

138 3336 245 3428 ὅψεως,
274 3343 363 3409 ἄλλα
393 3343 449 3422 πρὸ
482 3344 581 3408 αὐτῶν
606 3342 744 3421 Ὅμηρος
768 3343 953 3422 μαρμαίρειν
977 3339 1077 3420 λέγων
1101 3343 1135 3407 τὸ
1159 3341 1317 3430 λοίμπειν,

136 3440 235 3512 ίέοοι
255 3449 384 3532 μερίζειν
409 3449 460 3514 καί
485 3448 626 3530 διαιρεῖν,
651 3449 718 3530 αφ’
744 3444 785 3513 οὗ
807 3448 848 3512 τί
871 3445 1109 3529 διακρίνειν·
1134 3444 1198 3513 ὅθεν
1216 3448 1251 3514 τί
1271 3453 1316 3528 μὴ

139 3551 263 3636 μερίζοι,
294 3557 383 3624 οίλλοὶ
416 3553 647 3633 οκοτεινίν,
680 3553 829 3635 οίμαυρίν.
853 3555 905 3619 καί
930 3549 991 3618 ὅτι
1014 3553 1092 3620 tot
1116 3560 1184 3620 τοῦ
1208 3559 1317 3638 μερί-

144 3658 216 3738 ζειν
238 3665 302 3729 sal
326 3663 554 3743 διακρίνειν
579 3661 646 3726 καί
672 3660 848 3742 διαιρεῖν
872 3658 1073 3734 κέκληται
1097 3661 1140 3725 τὸ
1164 3684 1316 3726 σκοτει-

143 3766 210 3846 νίν,
239 3771 486 3852 μαρμαίρειν
518 3770 554 3834 δὲ
585 3767 699 3844 δηλοῖ
727 3768 769 3832 τί
792 3773 875 3849 Φῶς
898 3765 992 3838 dolor
1017 3766 1202 3839 καλέσας
1224 3766 1316 3846 „dolor

144 3875 218 3948 μετὰ
230 3878 332 3958 χεροίν
346 3875 484 3960 ἔχουοα”
498 3874 533 3962 (l.
546 3873 621 3961 -αι),
633 3875 695 3954 ἀφ’
706 3869 741 3960 οὖ
752 3875 785 3938 nl
798 3872 935 3939 δεκτικαί
947 3877 1002 3938 τοῦ
1014 3873 1117 3952 φατὸς
1130 3872 1244 3947 doridos.
1268 3873 1320 3939 Iro

143 3975 319 4050 Herleisnus
332 4021 374 4034 —
386 3985 449 4048 nisi
469 3981 552 4069 quod
572 3981 702 4067 insuper
720 3980 790 4063 οὐχί
809 3980 905 4046 hebet
924 3999 981 4064 pro
1000 3981 1062 4061 οὐχ
1083 3981 1120 4064 οί,
1133 3981 1316 4061 ἠφορίοαντο

143 4103 192 4168 pro
208 4089 407 4171 ιίΦιορίταντο,
430 4095 463 4155 st
474 4089 531 4169 πρὸ
544 4090 646 4154 αὐτῶν
655 4085 791 4166 Ὅμηρος
806 4122 826 4136 -
837 4121 857 4136 -
868 4083 1000 4166 μερίζειν
1011 4089 1044 4150 in
1058 4085 1171 4152 laeuus
1183 4090 1314 4166 omittit,

143 4225 181 4240 -
195 4193 324 4263 obsordo
335 4198 452 4281 omnio,
464 4203 502 4262 ut
513 4193 597 4260 nihil
609 4195 724 4281 πικρήν.
747 4192 778 4260 N
780 4213 843 4268 em,
856 4213 896 4258 ne
908 4197 1050 4281 tungem,
1063 4195 1096 4257 in
1109 4190 1236 4260 ultimis
1247 4215 1319 4260 eom

144 4297 312 4389 philosophi
333 4308 476 4369 mentem
493 4321 556 4367 non
573 4320 655 4376 esse,
678 4299 761 4384 quod
780 4301 813 4363 in
834 4300 1019 4380 μαρμαίρειν
1039 4301 1116 4364 insit
1128 4298 1321 4388 significatio

145 4408 266 4474 ouon
295 4409 456 4476 dividendi
487 4407 541 4476 rel
572 4404 790 4484 discernendi,
821 4405 876 4472 esd
907 4427 956 4472 res
980 4407 1065 4472 visui
1089 4407 1263 4487 subiectos,
1290 4410 1330 4472 in.
