3278 5148
731 325 796 396 297

169 511 304 593 θπίγεοθς
330 543 415 584 ποτε.
464 519 549 585 Luce
572 517 688 584 clarius
712 527 775 596 ost,
800 525 872 586 ante
896 519 1046 594 triticeos
1069 512 1269 584 inserendum
1291 536 1358 582 csss

108 658 115 673 ·
166 618 221 686 Ἢ.
246 622 323 690 Tres
345 628 432 719 enim
456 634 743 691 commemorantur
766 628 1056 711 interpretationes.
1083 623 1179 688 tertia
1196 643 1268 689 cum
1289 641 1360 687 ccn-

170 729 292 795 iactura
322 734 507 797 coniuncta:
537 730 624 806 ἥπυο
653 731 816 807 διαβόητος
843 767 895 782 --
921 731 938 806 ἢ
969 729 1035 795 ἐπεὶ
1070 726 1094 795 σί
1123 727 1268 809 ἅνθρωποι
1292 737 1360 810 φω-

170 837 290 911 νήεντες
314 873 333 887 -
347 873 366 888 -
380 871 399 886 -
424 837 441 912 θη
467 828 627 910 αὐδήεσσα.
663 836 815 923 Sequitur
838 839 1055 925 fragmentum
1081 835 1358 923 Porphyrianum,

172 943 206 1006 in
241 962 302 1026 quo
334 946 474 1028 primum
507 951 797 1008 commemorantur
828 943 970 1009 infelicia
1000 943 1181 1009 Aristotelis
1213 941 1361 1008 mutandi

172 1052 356 1123 conamina,
382 1052 497 1135 quibus
516 1049 706 1134 inprobatis:
727 1051 849 1125 μήποτε
870 1050 902 1113 δὲ
916 1087 957 1098 -
972 1052 1077 1136 pergit
1091 1085 1131 1098 -
1145 1049 1180 1114 πὸ
1202 1049 1361 1122 αὐδήεσσαι

174 1155 207 1220 oi
239 1156 274 1219 πθ
305 1163 391 1238 φωνῇ
419 1156 515 1236 μίυη
538 1158 670 1237 χρῆσθαι
695 1157 794 1241 δηλοῖ,
818 1157 916 1227 ώς.πθ
942 1156 1116 1234 »αὐδήεντα
1140 1155 1166 1221 δ’
1190 1153 1295 1230 ἔθηκε”
1320 1154 1361 1240 (Τ

175 1261 270 1346 407),
305 1263 447 1338 σημαίνει
480 1262 510 1327 δὲ
535 1264 588 1328 καί
613 1264 680 1328 τὸν
705 1261 895 1341 ἔνδνξσννκαί
918 1263 1086 1342 ίπίφημον.
1111 1261 1163 1327 καί
1189 1260 1305 1336 ἐκαίσπη
1332 1260 1363 1325 δὲ

174 1367 288 1432 τούτων
324 1366 452 1444 ἔνδοξος,
485 1367 583 1449 ὥσπερ
616 1371 632 1446 ἡ
666 1371 741 1436 Ἰνοί.
776 1384 844 1434 κπλ.
881 1367 1031 1456 (EPQT).
1055 1368 1204 1435 Primum
1228 1388 1362 1455 quaarO,

174 1495 237 1559 qno
266 1475 335 1540 iurc
357 1496 395 1540 ex
419 1474 475 1555 PQ
499 1478 566 1541 siva
590 1481 752 1562 rcoaptnm
778 1479 820 1540 sit
844 1477 911 1540 rive
934 1481 1096 1541 retentum·
1118 1477 1151 1539 τὸ
1176 1480 1261 1558 φωνῇ
1286 1473 1364 1555 μίνη

176 1580 343 1646 manifesto
377 1582 549 1665 absonum,
585 1603 657 1647 cum
694 1584 728 1645 in
760 1580 786 1646 Τ
818 1584 876 1647 sit:
912 1591 949 1655 πῆ
981 1587 1069 1663 φωνῇ
1092 1581 1182 1659 μθυαν
1207 1584 1304 1667 (App.
1329 1602 1362 1668 p.

177 1686 273 1773 764),
301 1688 400 1754 -id
430 1689 559 1774 quidem
590 1688 740 1772 absurda,
768 1688 822 1754 sad
858 1695 965 1752 tamen
996 1709 1070 1755 varo
1093 1691 1294 1772 proximum,
1321 1725 1364 1736 -

176 1797 209 1859 in
237 1793 282 1860 E:
315 1795 534 1876 σίνθρωπίνη
564 1801 669 1875 φωνῇ
702 1793 819 1870 μόνον
846 1796 998 1876 χρῆσθαι,
1022 1815 1102 1881 quae
1129 1794 1210 1860 mihi
1234 1796 1364 1880 quidem

177 1900 273 1967 lectio
306 1903 399 1966 unico
432 1922 507 1968 vera
541 1900 683 1978 videtur,
716 1904 912 1986 comparanti
944 1922 1023 1987 quae
1054 1905 1164 1966 statim
1188 1909 1263 1967 ante
1284 1901 1364 1966 itam

177 2027 216 2072 ex
246 2007 274 2072 Ε
304 2007 470 2093 leguntur,
503 2009 582 2072 itam
615 2027 695 2092 quas
728 2008 768 2072 ad
796 2007 816 2088 ζ
839 2006 902 2072 125
927 2017 1001 2073 otc
1029 2007 1109 2092 136,
1134 2028 1214 2093 quos
1239 2009 1366 2082 omnic,

158 2113 262 2202 ‚quod
290 2134 374 2179 nuno
409 2113 547 2180 brevitor
578 2119 705 2179 tantum
738 2134 837 2198 pono,
868 2114 1011 2179 eiusdem
1036 2114 1261 2200 disputationis
1283 2114 1367 2200 irog-

178 2221 267 2286 mina
290 2226 373 2286 snut.
421 2219 526 2286 Simul
556 2240 612 2305 pro
637 2223 688 2286 rto
712 2218 824 2296 ἔνδοξον
848 2241 887 2286 ex
910 2219 966 2300 EQ
990 2221 1084 2308 (App.
1109 2220 1171 2301 l.l.)
1194 2221 1368 2286 adsciscen-

179 2325 257 2391 dum
281 2345 348 2392 essa
371 2325 413 2392 πὸ
439 2323 496 2390 aa.
520 2325 573 2392 vel
597 2347 650 2392 mo
671 2327 831 2393 indicante
853 2328 1053 2412 perspicitur.

225 2626 258 2684 ε,
285 2599 362 2668 341.
388 2602 583 2668 Μενεαίνωνε
616 2601 875 2682 προθυμούμενος·
900 2603 1093 2682 σημαίνει
1118 2603 1196 2686 γὰρ
1231 2603 1370 2670 ἑκοίπε·

180 2731 242 2789 ρον
268 2709 284 2782 η
308 2707 436 2785 λέξις.
460 2709 519 2796 (Η)
543 2710 591 2775 nt
613 2729 770 2794 nusquam
795 2711 953 2795 conspicio
977 2708 1110 2776 alteram
1133 2709 1223 2775 iliam
1249 2707 1372 2800 signifi·

181 2816 350 2880 cntionem.
391 2815 563 2882 Laboranti
586 2819 760 2882 sentcntiae
784 2817 978 2882 subveniunt
1002 2824 1034 2882 at
1057 2819 1255 2884 Aristonicus
1279 2818 1318 2884 cd
1344 2827 1370 2882 Π

183 2917 267 2985 491:
302 2922 318 2996 οἱ
351 2923 444 2997 διπλῆ
476 2918 520 2987 θπε
544 2923 579 2986 πθ
603 2921 759 3002 μενέαινεν
784 2920 887 2988 ίνθοίδε
912 2923 969 2999 μὲν
992 2923 1181 3000 ἒλοπωθθμει,
1210 2925 1239 2989 ἒν
1264 2921 1371 2996 ἄλλοις

102 3109 107 3129 Ι
181 3026 212 3093 δὲ
245 3031 459 3113 προεθυμεῖτο,
489 3029 526 3102 ὣς
555 3029 591 3094 πί
624 3017 783 3114 ,μενέαινε
807 3029 894 3101 κῦδος
919 3029 1062 3108 οίρέσθαο”
1086 3031 1125 3118 (Φ
1153 3031 1242 3108 543).
1268 3032 1285 3110 ἢ
1310 3033 1374 3096 ἐθυ-

182 3139 296 3212 μοῡπσ,
317 3141 348 3200 et
368 3135 455 3201 idem
474 3135 513 3200 ad
532 3143 561 3200 T
576 3133 635 3200 68:
649 3133 865 3212 μενεαινέμεν·
888 3133 933 3201 θ’πο
956 3145 1006 3202 νῦν
1026 3137 1095 3202 riori
1116 3143 1170 3202 ποῦ
1191 3140 1372 3216 θυμοῦσθαι,

183 3247 216 3306 et
244 3240 433 3326 Apollonius
465 3241 616 3329 Sophista
648 3265 672 3308 s.
698 3265 728 3309 v.
761 3244 1028 3308 Msrsorr'ocrr:
1062 3247 1111 3310 ἐπί
1143 3248 1200 3324 μὲν
1235 3252 1287 3311 ποῦ
1319 3270 1375 3326 χο·

184 3351 328 3412 λοῦσθαι·
353 3383 406 3399 -·
421 3383 439 3398 -
465 3350 514 3414 ἐπί
548 3350 580 3415 δὲ
611 3355 666 3416 ποῦ
693 3351 927 3429 προθυμεῖσθαι·
954 3386 1005 3400 --
1020 3386 1040 3401 -
1065 3351 1114 3416 ἐπὶ
1140 3355 1171 3418 δὲ
1193 3359 1248 3418 ποῦ
1272 3367 1375 3418 λειπο-

184 3459 300 3536 ψυχεῖν
326 3454 359 3540 (1.
385 3458 508 3542 tract).
546 3456 608 3521 His
633 3457 767 3521 ducibus
791 3459 908 3521 amissa
931 3459 996 3522 iam
1022 3456 1110 3522 nullo
1134 3463 1263 3546 nogotio
1286 3480 1374 3524 recu·

184 3565 388 3647 parabuntur.
411 3566 604 3630 Μενεαίνων;
627 3564 867 3644 προθυμούμενος
889 3563 920 3651 (ἢ
945 3565 1061 3643 θυμοί
1069 3576 1209 3644 μενος)·
1229 3567 1373 3643 σημαίνει

186 3669 249 3748 ρθιρ
283 3669 422 3750 ἕκαίπερυυ
460 3670 476 3744 ἧ
510 3668 602 3746 λέξις.
652 3669 694 3735 Et
725 3675 834 3735 revera
863 3677 968 3736 nostro
1001 3692 1112 3736 versu:
1145 3673 1176 3736 οὖ
1201 3672 1258 3750 μὲν
1281 3672 1315 3747 δή
1340 3696 1376 3736 σε

186 3776 375 3858 καταφθίσει
404 3775 615 3863 (Neptunus),
637 3776 731 3853 μοίλα
751 3800 806 3856 περ
827 3777 1009 3862 μενεαίνων,
1029 3785 1164 3864 utraque
1184 3777 1376 3866 significatio

187 3901 248 3948 usu
280 3885 388 3949 venire
420 3889 534 3968 potest.
581 3881 687 3948 Simul
716 3885 742 3946 si
766 3883 1007 3968 haecqooque,
1032 3905 1112 3969 quae
1136 3887 1275 3950 nuncin
1299 3887 1378 3951 into·

185 4011 282 4078 grum
314 3993 462 4056 restituta
496 3996 588 4062 sunt,
624 3989 803 4055 Aristonico
835 3989 1071 4067 adiudicemus,
1106 4011 1168 4055 non
1192 3989 1333 4056 multum
1361 4012 1380 4057 a

187 4099 321 4161 varitate
345 4096 574 4162 aberrabimus.

233 4392 264 4446 ε,
291 4365 367 4432 368.
391 4365 458 4431 Ad:
492 4368 529 4438 ὥς
563 4365 591 4430 δ’
618 4365 732 4441 ἄνεμος
758 4367 834 4449 ζαὴς
859 4369 928 4442 ηίων
953 4367 1074 4443 θημῶνα
1100 4365 1208 4448 πονοίξη
1232 4368 1382 4436 docemur

187 4477 263 4562 qnid
288 4478 330 4538 sit
353 4473 417 4548 ἤϊα.
443 4472 566 4560 Nempe
594 4475 699 4540 πάντα
725 4477 826 4547 κοινῶς
851 4475 893 4539 πα
918 4475 1003 4540 σηπία
1028 4479 1148 4540 πονῶν
1173 4475 1226 4552 »iia
1244 4473 1380 4563 Ὅμηρος
