3318 5138
425 353 445 388 Ὗ

185 547 271 610 recte
303 561 362 611 uos
395 545 515 630 cepisse
549 547 582 608 et
615 544 803 608 restituisse.
828 579 873 594 -
905 545 937 621 t,
971 539 1039 609 570
1072 543 1191 608 iterum
1225 541 1381 608 hahemus

185 651 301 718 harum
334 651 605 738 praepositionum
636 649 870 729 contusionem,
905 655 940 715 et
971 670 1056 715 nuuc
1084 651 1168 715 inter
1191 647 1250 714 ὑτέ
1273 653 1305 714 et
1329 648 1383 714 έτέ

186 765 219 824 et
248 777 322 823 cum
354 777 453 844 parva
481 755 629 823 lecunulu
660 757 872 824 coniunctam.
927 755 1076 822 Scholion
1108 761 1157 822 eet
1186 757 1221 821 in
1256 754 1381 822 Alcinoi

184 862 362 930 orationem
397 863 451 936 ad.
472 863 655 929 Phaeacum
691 865 869 949 principes,
904 882 968 948 qua
998 883 1073 928 cum
1109 861 1225 928 Ulixen
1260 865 1382 948 patriae

185 969 381 1036 reddendum
406 977 473 1036 esee
496 972 664 1040 suasisset.
688 977 816 1054 repente
839 970 982 1034 animum
1004 971 1073 1034 eine
1102 969 1176 1034 ierit
1206 968 1379 1034 recordatio

186 1075 348 1142 malorum
371 1097 410 1142 ex
433 1075 572 1162 quadam
595 1078 694 1161 petris
718 1075 930 1161 prcedictione
952 1077 1027 1141 hinc
1051 1075 1316 1162 impendentium.

325 1188 373 1263 Φῆ
397 1181 472 1248 ποτε
493 1183 607 1268 (peter)
630 1185 771 1257 Φιτιιὶκυν
794 1183 903 1258 ἀνδρῶν
926 1180 1055 1260 conpeta
1078 1188 1136 1254 νιῑοι

328 1289 364 1366 lu
387 1295 515 1364 σειοτης
539 1290 684 1354 doroteae
706 1289 737 1355 έν
761 1287 901 1368 έεςοειδέέ
921 1286 1022 1367 τέντοι

328 1395 524 1481 ῥαισέμεναι,
548 1396 637 1475 μέγα
659 1395 686 1461 δ’
709 1395 782 1472 ἠμέν
803 1393 865 1474 dccc
889 1395 977 1460 τέλει
997 1395 1253 1476 ιέμφικσλέψειν.

330 1499 368 1574 cle
391 1502 516 1582 mosen·
539 1503 554 1568 d
577 1503 689 1581 γένυν·
712 1503 755 1568 τοὶ
779 1502 811 1568 δέ
834 1525 886 1568 κεν
909 1500 972 1574 έεδς
996 1502 1014 1579 ἢ
1039 1501 1190 1568 τελέσειεν

331 1609 348 1685 sl
372 1611 402 1675 ιι·
424 1609 572 1675 ἀτέλεστ’
595 1610 658 1688 sla,
683 1605 722 1680 cle
746 1610 772 1675 ol
797 1609 890 1688 φίλον
913 1607 1026 1674 έτλετο
1049 1610 1142 1692 έυμῷ.

193 1717 245 1784 Ad
274 1715 392 1783 ultima
422 1717 609 1783 adnotatum
639 1722 686 1784 eet
713 1718 747 1781 in
770 1715 813 1782 '1¹2
838 1716 879 1780 τοὶ
905 1717 960 1794 aral
985 1721 1101 1782 πολλοῦ
1126 1717 1189 1795 γὰρ
1212 1717 1382 1797 τοροτδεδο·

190 1823 272 1904 μένε
308 1824 522 1900 μσντειέμοιτιι
559 1823 613 1899 ἤδη
651 1819 733 1889 έυλιι
768 1822 862 1889 έδέκει
895 1823 947 1887 acl
983 1824 1016 1888 οὐ
1051 1821 1174 1894 τοέντοος
1203 1823 1277 1907 ᾤετο
1309 1825 1384 1892 tvl

191 1930 338 1997 τούτου
371 1930 703 2005 ουντεένὶσεσέοιι.
749 1928 856 1996 Facile
878 1928 1039 1995 credimue
1070 1939 1178 1996 vetera
1203 1930 1384 1998 Phaeacum
1411 1917 1413 1927 Α

191 2036 322 2104 oracula
345 2037 385 2102 nh
410 2036 583 2103 Ulixenca
606 2061 670 2103 εεεε
692 2039 884 2123 composita,
909 2037 969 2101 etsi
991 2057 1094 2122 neque
1114 2057 1194 2124 opus
1219 2047 1287 2104 erat
1309 2040 1386 2106 talia
1502 2107 1510 2128 ,

191 2163 251 2210 nos
273 2143 435 2210 mexoneri
465 2165 502 2210 sc
524 2143 607 2211 nihil
630 2145 669 2211 sd
692 2165 759 2210 rem
783 2144 952 2230 pertinent.
999 2142 1059 2209 Sed
1082 2143 1142 2210 hoc
1164 2145 1228 2210 iem
1253 2145 1387 2212 hxrentie

192 2261 260 2327 eet,
285 2253 313 2316 si
341 2251 427 2316 dicae
444 2253 574 2337 'opinari
592 2251 763 2318 Alcinoum
783 2257 890 2316 vetere
909 2251 972 2316 iste
994 2249 1122 2317 oracula
1145 2251 1186 2317 ah
1209 2249 1304 2319 Ulixe
1328 2275 1387 2319 κοτε

193 2358 381 2443 competitura
397 2358 450 2422 iri.
477 2355 560 2439 Quid
582 2355 705 2424 multel
728 2357 905 2423 Scribatur:
929 2359 971 2422 τδο
991 2359 1047 2438 apl
1067 2343 1184 2423 τολλοῡ
1203 2359 1266 2438 γὰρ
1287 2383 1387 2439 τοιο-

197 2463 345 2541 δεδομένιι
386 2467 600 2540 μοιντεύμυτυ
643 2463 698 2541 ἤδη
733 2460 814 2528 ἕοιλιι
853 2462 964 2540 έδέκει,
1000 2464 1054 2530 τιυὶ
1088 2466 1122 2529 οὔ
1156 2465 1279 2538 τοέντοις
1314 2465 1388 2550 ᾤετο

197 2571 261 2636 lul
296 2571 439 2637 τούτου
478 2571 922 2657 σοντε(λεσ)έέσεσέοιι,
964 2591 1025 2636 non
1061 2571 1249 2658 opinabatur
1286 2576 1387 2640 eain

198 2677 296 2746 Ulixe
335 2697 412 2764 prae
443 2681 575 2745 coeteris
608 2683 762 2744 eventura
796 2697 872 2744 esse.
919 2676 1004 2744 Nem
1040 2679 1174 2750 πολλοὺς
1210 2679 1388 2755 οὶτοστολῆς

197 2783 430 2868 τετυχηκότος,
466 2783 540 2861 ἔμοι
572 2784 604 2850 δὲ
633 2790 688 2851 τοῦ
722 2785 875 2863 νοιυοεχέου
904 2784 1111 2864 σεσωσμένους
1143 2786 1230 2864 ὁρῶν,
1256 2785 1391 2868 ένέιιιζεν

198 2895 239 2966 sir
269 2889 331 2970 έςιε
360 2893 413 2956 ecl
445 2893 561 2972 rldpyls
584 2897 638 2956 τοῦ
662 2893 842 2962 Ποσειδῶνος
866 2889 1037 2956 τέτοιυτοιι.
1065 2929 1106 2941 -
1131 2915 1149 2956 κ
1174 2892 1228 2960 72.
1278 2891 1390 2960 Ulixes

197 3005 309 3066 narret
331 2999 489 3086 quomodo
512 3005 584 3084 poet
606 3004 775 3065 ventorum
800 3005 906 3064 utrem
931 3019 950 3064 a
972 2999 1145 3065 comitibus
1168 3009 1314 3086 apertum
1337 3023 1393 3067 ua·

197 3125 339 3190 remque
356 3105 533 3171 diffractam
553 3107 671 3172 iterum
692 3105 732 3172 ch
746 3105 847 3171 Aeolo
859 3111 1008 3191 exceptus
1020 3105 1071 3181 eit,
1085 3105 1284 3191 praeteralia
1295 3105 1394 3174 male·

199 3211 288 3278 dicta
311 3212 370 3278 hoc
393 3215 422 3278 ei
445 3213 625 3301 ingerente:
653 3213 709 3290 390⁹
733 3213 767 3276 έκ
790 3212 879 3286 νήσου
904 3213 1031 3287 triones,
1058 3212 1230 3294 έλέγχιστε
1250 3214 1392 3294 ζυέντυν.

199 3320 262 3388 Kal
294 3320 377 3396 σῶς,
407 3325 538 3408 rogent.
571 3319 705 3395 ἤμελλεν
737 3319 814 3384 ert
839 3317 983 3386 Φοιιοέκοιν
1005 3327 1115 3402 τυχεῖν
1140 3304 1264 3396 κοιῖιδιῑς
1289 3326 1395 3388 τοῦτο

200 3429 272 3494 κειέ·
305 3426 415 3492 έοιυτοῦ
446 3426 563 3505 adrem
594 3427 670 3492 aaa·
701 3425 846 3503 ἀπέδειξε
875 3426 945 3497 τοὺς
978 3425 1113 3505 έτοιέοους
1146 3425 1250 3503 οέξέους
1285 3426 1393 3502 έντοις·

201 3531 400 3611 έλεεινέτεςον
421 3526 470 3596 οὖν
494 3532 602 3599 laerte
622 3533 841 3598 έτοδεέιινυοιν.
857 3531 957 3618 (H'I'.)
979 3530 1079 3597 Unice
1090 3535 1301 3598 neceesarium
1320 3533 1394 3598 ὑτέ

202 3641 244 3707 ab
271 3637 509 3726 Hamburgenei
533 3637 560 3704 'l'
585 3636 728 3704 oblatum
747 3637 931 3706 Dundorline
952 3641 985 3704 in
998 3637 1200 3705 adnotatione
1212 3638 1394 3708 delitescere

201 3749 291 3814 sirit.
306 3783 347 3796 -
361 3760 399 3830 λ,
413 3743 488 3810 303.
516 3743 671 3812 Narratur
690 3765 709 3810 a
730 3743 916 3812 Scholicetie
935 3743 1014 3811 duce
1025 3741 1167 3812 Homero
1178 3748 1345 3813 notissima
1356 3747 1395 3814 de

202 3853 336 3922 Castore
366 3859 397 3918 et
420 3849 550 3917 Polluce
574 3850 699 3926 fabula,
725 3871 778 3917 eos
800 3849 943 3918 Pollucis
965 3858 1081 3940 rogatu
1104 3850 1214 3918 diebus
1238 3850 1396 3919 alternan-

202 3961 292 4028 tibus
315 3967 347 4024 et
370 3961 403 4023 in
426 3955 567 4043 Olympo
589 3957 704 4044 degere
732 3960 820 4024 etin
844 3955 936 4024 Orco.
969 3960 986 4033 sl
1012 3957 1044 4022 δὲ
1071 3957 1191 4033 αἴτησις
1216 3959 1339 4039 πρώτος
1362 3961 1396 4026 ἐκ

201 4073 256 4134 τοῦ
279 4065 487 4134 Πολυδεύκους
507 4063 643 4143 τιοέχέη
664 4065 875 4143 οέφέοέοτου
894 4063 1182 4146 τυγχάνοντος
1204 4067 1278 4133 ὑπὸ
1296 4069 1397 4134 θεῶν.

201 4171 307 4264 (BQ).
325 4171 396 4238 Uoc
416 4171 543 4257 quidem
563 4169 644 4235 nihil
664 4179 730 4256 eet3
755 4171 860 4237 voluit
878 4181 988 4238 auctor
1008 4171 1214 4251 ἀφθάρτου
1239 4173 1398 4256 συγχέ-

203 4303 339 4348 νοντος
371 4277 442 4364 (ὥς)
473 4276 552 4342 erl
578 4278 693 4352 θεῶν,
725 4277 996 4364 quemadmodum
1028 4277 1114 4345 idem
1138 4277 1245 4347 (lodex
1270 4280 1298 4362 Q
1320 4302 1395 4348 cum

204 4385 265 4456 HV
289 4383 379 4452 eliud
402 4383 466 4450 iere
489 4382 595 4449 simile
615 4383 654 4450 de
672 4384 783 4450 eadem
801 4406 836 4452 re
854 4383 1003 4450 Scholion
1021 4385 1172 4470 praebens
1195 4388 1229 4452 in
1252 4407 1290 4453 eo
1312 4399 1398 4455 recte

205 4495 361 4580 scriptum
383 4490 496 4556 hebet:
519 4489 725 4570 ἀναιρεθέντος
749 4497 903 4571 Κάστοροε
928 4525 948 4540 -
961 4526 982 4540 -
995 4526 1016 4543 -
1035 4492 1230 4568 Πολυδεύκης
1247 4490 1397 4577 almep-
