3242 5140
800 221 866 289 408

237 421 291 483 τοῦ
326 416 464 496 εὐεργέος
498 418 613 496 χρυσοῦ
646 413 762 496 φιάλαι
794 417 869 488 τινὲς
903 410 980 488 ἦσαν
1012 412 1063 477 κα)
1095 411 1162 493 ἱερά
1193 415 1346 492 πώματα.
1370 407 1430 498 (Η)

237 523 397 608 Fuerunt,
434 522 543 600 oredo,
579 522 645 602 ἱερά
681 522 925 600 ἐκπώματα,
959 521 1075 604 quibus
1105 519 1263 606 Apollinis
1287 519 1432 588 sacerdos

239 628 368 695 Ulixem
393 629 574 694 donaverat.
651 626 653 636 '

284 862 311 923 ι,
336 836 412 902 205.
461 837 558 903 Dedit
588 837 674 902 idem
704 833 778 902 οἶνον
803 873 856 886 --
881 837 970 915 ἡδύν,
1002 839 1186 918 ἀκήρασιον,
1218 839 1293 902 θεῖον
1327 837 1428 902 ποτόν.

236 946 423 1027 Quaesitum
459 952 523 1022 est,
561 944 637 1030 quid
669 948 711 1010 sit
744 945 920 1024 ἀκήρασιον.
968 944 1092 1031 Nempe
1122 943 1261 1024 ἀκέραιον
1289 944 1330 1008 δέ
1364 945 1431 1009 καὶ

235 1054 433 1136 ἀδιάφθορον,
477 1052 694 1132 ὑπερβολικῶς.
731 1054 756 1116 οἱ
794 1053 825 1116 δέ
862 1055 966 1130 ἀμιγῆ
1003 1054 1073 1134 πρὸς
1109 1049 1209 1133 ἕτερον
1244 1053 1261 1128 ἢ
1302 1053 1432 1130 δύναμιν

237 1157 370 1240 ἔχοντα,
404 1165 594 1239 παραμεῖναι
629 1157 804 1235 δυνάμενον.
839 1157 891 1244 (Τ)
923 1158 1146 1244 Interpretatio
1179 1161 1283 1246 igitur
1313 1157 1432 1244 duplex

237 1267 313 1344 fuit,
333 1273 371 1332 ut
390 1266 598 1354 intellegatur
617 1271 673 1330 aut
693 1269 804 1331 vinum
821 1264 1004 1342 illibatum,
1025 1267 1202 1350 sincerum,
1215 1287 1361 1350 merum,
1375 1271 1433 1330 aut

237 1374 320 1460 quod
345 1359 498 1460 temporis
520 1370 613 1460 lapsu
636 1374 948 1457 concorrumpitur.
995 1370 1057 1438 Sed
1079 1391 1142 1436 non
1164 1378 1249 1438 recte
1272 1373 1369 1440 habet
1398 1371 1430 1435 δὲ

238 1482 308 1560 κα),
345 1489 376 1546 et
408 1481 539 1546 fortasse
569 1479 649 1545 fuit:
683 1478 822 1562 ἀκέραιθν
855 1480 965 1544 ἐστιν
996 1480 1012 1554 ἢ
1047 1477 1249 1560 ἀδιάφθορον,
1280 1483 1319 1543 ut
1341 1481 1375 1542 in
1397 1475 1432 1542 H

238 1589 372 1654 dicitur:
385 1587 449 1664 ἤτοι
470 1585 565 1650 καλὸν
586 1587 637 1652 καὶ
657 1585 885 1671 ἀδιάφθαρτον,
908 1585 924 1662 ἢ
946 1585 1103 1671 ἀκέραιον,
1126 1583 1274 1667 ἀκρατον,
1295 1585 1432 1664 καθαρθ·

237 1719 347 1780 τατον,
372 1700 404 1760 et
427 1697 604 1780 praeterea:
626 1695 651 1760 oi
672 1693 703 1757 δέ
723 1695 827 1772 ἀμιγῆ
849 1693 915 1758 καὶ
936 1689 1073 1774 πρός-ἐπ.
1096 1691 1158 1758 etv.
1178 1691 1290 1778 ἔχ.(ἐι)
1305 1714 1431 1769 παραμ.

196 1803 202 1816 ”
240 1799 350 1880 δννάμ.
386 1799 449 1882 Qui
472 1799 610 1882 ἀκέραιον
634 1800 848 1886 exponebant,
867 1805 951 1866 reete
971 1800 1105 1866 verbum
1126 1799 1320 1878 υκεράννυμι
1334 1797 1432 1864 dedu·

238 1911 368 1987 cebant,
402 1909 518 1994 quibus
548 1909 767 1992 interpretatio
796 1905 1005 1988 ἀδιόφθαρτον
1037 1905 1202 1992 placebat,
1227 1906 1432 1972 somniabant

239 2039 257 2082 a
292 2025 391 2096 γῆρας
424 2015 623 2100 derivatum,
657 2015 748 2078 cuins
780 2016 953 2080 commenti
983 2013 1005 2078 i.
1027 2035 1054 2080 a.
1087 2019 1230 2080 auctores
1253 2019 1328 2078 sunt
1350 2012 1431 2098 ley-

240 2123 373 2212 mologi.

239 2354 240 2362 ¹
282 2361 311 2416 ι,
336 2331 413 2402 221.
460 2333 672 2420 Exponuntur
689 2334 867 2414 μέτασοαιε
889 2333 922 2400 αἱ
942 2334 1158 2416 ἐπιγενόμενοι
1179 2343 1240 2411 τοῖς
1262 2334 1430 2416 προγόνοις,

239 2445 272 2508 αἱ
296 2443 559 2524 μεθηλικέσπεραι.
584 2441 636 2530 (lt)
662 2441 728 2506 Vix
752 2462 831 2528 opus
855 2447 902 2508 eet
925 2448 963 2508 ut
986 2463 1135 2510 moneam
1157 2445 1429 2525 μεσιιλιιιέστεραι

237 2551 333 2618 scribi
357 2556 508 2637 oportere.

283 2787 313 2847 ι,
338 2760 415 2827 240.
462 2769 530 2851 Πῶς
554 2761 608 2826 οὐκ
632 2759 767 2846 ἀλογον,
791 2753 841 2825 ότε
862 2760 919 2840 μὲν
939 2760 1132 2842 ἠρημωμένον
1155 2756 1187 2836 ἦν
1207 2761 1242 2826 τό
1264 2763 1430 2840 σπήλαιον,

239 2868 343 2951 ἀθυρον
380 2869 455 2934 αὐτὸ
480 2877 688 2946 καταλιπεῖν,
712 2867 792 2932 ἐνδον
816 2866 847 2932 δὲ
871 2868 1032 2946 γενόμενον
1056 2869 1238 2950 ἐπικλάειν)
1265 2870 1318 2936 sal
1343 2875 1433 2936 τοῦτο

240 2977 312 3056 πρὸς
348 2976 399 3041 τὸν
430 2978 530 3054 μῦθον.
565 2976 637 3054 ὑπὲρ
670 2980 722 3038 τοῦ
754 2977 799 3052 μὴ
831 2974 988 3056 διαδρῖιναι
1020 2975 1089 3049 τοὺς
1123 2974 1245 3062 ξένους,
1273 2978 1291 3054 ι)
1315 2975 1364 3042 ἵνα
1388 2979 1433 3055 μὴ

238 3081 398 3165 ἐπεισέλθρ
429 3083 471 3147 τόν
502 3080 627 3162 ἀρσενοι.
651 3079 704 3168 (Τ)
731 3079 887 3160 Quoniam
911 3081 1028 3170 duplex
1051 3103 1147 3148 cauea
1169 3083 1325 3162 redditur,
1352 3084 1430 3152 seri-

238 3189 393 3255 bendum:
425 3191 470 3275 (ἀ)
504 3189 584 3270 ὑπὲρ
607 3191 660 3252 τοῦ
685 3189 728 3264 μ)
753 3187 911 3268 διαδράναι
934 3188 1003 3261 τοὺς
1028 3187 1148 3270 ξένους,
1171 3190 1188 3266 ἢ
1213 3189 1262 3256 ἵνα
1285 3193 1331 3270 μὴ
1356 3205 1427 3258 κτλ.

284 3430 312 3483 ι,
338 3403 415 3470 263.
461 3403 702 3472 Praedieaverat
730 3405 860 3472 Ulixes:
894 3407 963 3471 erro>
987 3407 1014 3472 δ’
1039 3408 1198 3489 Ἀτρειδεα
1224 3409 1426 3487 'eractura-

238 3537 283 3586 νος
308 3512 453 3596 εὐχόμεθ’
478 3505 564 3575 εἶναι.
597 3509 668 3576 Non
692 3512 823 3599 illepide
847 3533 942 3578 cauea
963 3514 1107 3581 redditur
1132 3537 1188 3581 cur
1209 3517 1269 3582 hoc
1293 3517 1425 3582 dixerit:

237 3621 333 3687 οἴεται
365 3619 416 3684 διά
445 3621 498 3683 τοῦ
523 3615 669 3696 όνθματος
695 3619 929 3698 Ἀγαμέμνονος
953 3621 1006 3684 καὶ
1030 3630 1085 3697 τῆς
1111 3623 1177 3702 περὶ
1203 3624 1313 3688 αὐτοῦ
1338 3621 1427 3698 ,δόξης

237 3724 541 3800 καταπλήξασθαι
575 3725 625 3789 τὸν
655 3726 818 3804 πολέμιον,
851 3725 896 3792 ότι
921 3729 1105 3810 ἐπιστροφῆς
1129 3727 1289 3805 τεύξονται
1313 3731 1339 3796 οἷ
1363 3727 1428 3796 ἀπ’

238 3837 333 3900 αὑτοῦ
366 3825 666 3909 πλιρμμελκθέντες.Ι
684 3828 762 3897 εἶναι
795 3833 859 3914 γάρ
891 3835 983 3900 αὐτόν
1007 3859 1083 3902 ποτε
1107 3833 1351 3914 ἐξελευσόμενοι.
1374 3833 1428 3922 (Τ)

236 3941 353 4006 Omnia
376 3945 460 4005 recte
485 3939 569 4004 dicte
593 3947 701 4024 erant,
726 3941 782 4004 ubi
806 3941 1098 4008 emendaverimus:
1123 3943 1219 4009 οἴεται
1245 3943 1295 4009 διά
1316 3951 1428 4019 -τῆς

236 4049 303 4127 περὶ
329 4048 434 4112 αὐτὸν
461 4045 546 4124 δόξης
571 4045 891 4122 καταπλήξεσθαι
915 4049 965 4113 τὸν
990 4049 1151 4130 πολέμιον,
1173 4047 1218 4118 ότι
1240 4053 1426 4133 ἐπιστροφῆς

236 4154 397 4232 τεύξονται
429 4155 454 4218 οἱ
487 4154 546 4218 ὑπ’
576 4155 672 4217 αὐτοῦ
705 4153 990 4231 πλημμελνθένπες.
1040 4155 1172 4241 Requiri
1195 4158 1358 4236 futurum,
1380 4179 1430 4224 re-

234 4263 319 4360 quiri
343 4259 418 4338 ὑπό,
451 4298 493 4309 -
528 4267 637 4326 auctor
661 4262 746 4326 enim
769 4281 832 4343 non
855 4261 1046 4350 inelegantis
1069 4249 1261 4333 Graecitatis
1287 4265 1313 4332 οἱ
1338 4270 1427 4346 παρ’

235 4369 330 4438 αὐτοῦ
363 4367 640 4450 πλημμεληθέντες
674 4367 778 4434 dicere
809 4367 933 4454 potuit,
957 4371 984 4435 oi
1008 4370 1073 4438 ἀπ’
1098 4373 1193 4438 αὐτοῦ
1216 4391 1279 4442 non
1302 4374 1425 4459 potuit,
