3220 5144
808 291 873 360 500

243 490 356 564 Ἑρμοῦ
388 488 502 566 ψόφων
535 486 660 558 πλῆθος.
709 469 968 570 δοουίόοοτόόεν
993 483 1045 548 acl
1072 483 1142 556 τοὺς
1167 482 1338 564 ἀνθρώπους
1362 481 1440 564 exp

243 599 297 660 τοῦ
333 597 384 659 νῦν
407 593 449 664 είς
474 595 568 671 τιμὴν
593 595 705 672 Ἑρμοῦ
730 590 815 656 κοντός
842 590 902 662 τόις
927 590 1009 664 ὁδοὺς
1037 629 1079 640 -
1103 591 1213 672 σοροὺς
1235 599 1331 656 ποιεῖν
1351 590 1440 656 λίόιον

245 701 297 766 uui
329 697 494 780 όιοίγοντοις
527 698 740 781 προσβάλλειν
769 698 886 775 λίόσυς,
912 697 964 763 κοί
990 697 1114 772 τούτους
1140 705 1248 764 κοιλεῖν
1273 699 1438 778 Ἑρμοίους

245 806 372 890 λόφους.
398 804 534 874 Credam
562 806 707 872 homiues
731 809 853 870 struem
876 804 1036 891 lapidibus
1059 807 1186 871 auxisse
1199 811 1440 888 praetereuntes.-

245 913 297 980 κοιί
322 913 547 996 παριόντος
573 913 785 995 προσβάλλειν
812 912 923 985 λίόους.
949 911 1039 993 Quod
1064 909 1231 979 confirmet
1251 911 1439 978 Phurnutus

244 1019 432 1108 (Cornutus)
455 1043 486 1108 p.
514 1019 578 1086 168
603 1017 703 1087 Gale:
725 1019 941 1102 προσωρεόουσι
962 1019 994 1086 δέ
1014 1017 1084 1089 τοὺς
1103 1019 1205 1090 λίόους
1217 1025 1279 1090 τοῖς
1293 1024 1437 1098 Ἐρμοιῖς,

244 1121 374 1199 ένοισπος
409 1133 468 1192 τῶν
503 1127 669 1210 παριόντων
709 1125 763 1192 ένοι
798 1127 868 1191 τινός
902 1129 1005 1198 αὐτοῖς
1041 1125 1223 1206 προστιθείς.
1270 1123 1437 1192 Caeterum

241 1233 411 1301 historiola
433 1240 540 1300 nostra
564 1237 597 1299 in
623 1233 679 1316 Qv
702 1232 902 1320 Anticlidem
922 1239 1086 1299 auctorem
1104 1234 1221 1300 habere
1243 1233 1435 1320 perhibetur,

243 1339 457 1430 Etymologns
488 1339 616 1424 nullum
646 1361 762 1406 nomen
786 1341 970 1426 adscripsit,
994 1339 1048 1406 sed
1072 1339 1234 1426 praecedis
1257 1337 1341 1425 apud
1363 1357 1436 1403 eum

244 1447 308 1516 alia
339 1449 494 1532 narratio,
524 1468 605 1534 quae
635 1467 652 1512 e
676 1445 807 1513 Xantho
832 1453 979 1533 excerpta
1001 1448 1130 1513 dicitur.
1156 1449 1363 1530 Ἑρμαῖον·
1385 1443 1437 1509 τόν

244 1553 327 1636 σορόν
364 1555 423 1641 (sio
458 1574 507 1638 ap.
540 1551 631 1641 Sylb.
664 1573 721 1640 pro
754 1553 859 1640 σωρόν)
896 1561 953 1618 τῶν
989 1553 1095 1638 λίόιυν,
1127 1553 1191 1618 κοί,
1212 1550 1343 1622 συνόλως
1368 1549 1437 1621 τοὺς

245 1659 371 1733 ἐνοδίους
402 1660 515 1731 λίόους.
549 1659 637 1738 λέγει
669 1659 699 1724 δέ
732 1660 799 1739 περὶ
832 1662 932 1725 αὐτῶν
967 1660 1095 1738 Ξόνόος,
1128 1659 1173 1726 ότι
1198 1659 1437 1730 οίποκτείνοιντος

242 1769 356 1848 Ἑρμοῦ
389 1767 439 1831 τόν
467 1769 603 1846 Ἄργον,
637 1765 690 1831 καί
726 1765 814 1839 δίναις
845 1767 1105 1848 είσπροιττομένου
1137 1765 1190 1830 acl
1216 1765 1383 1846 ὑπέχοντος
1406 1765 1437 1830 έν

244 1882 308 1946 τοῖς
340 1873 415 1946 όεοῒς
448 1871 498 1938 διὰ
530 1873 565 1938 τό
589 1879 704 1956 πρῶτον
727 1869 872 1953 όίφοισόσι
897 1874 1114 1958 (,,όνόρυτείου
1139 1873 1232 1948 φόνου
1257 1871 1310 1940 vel
1332 1870 1438 1936 simile

245 1979 344 2068 quid”
381 1977 593 2066 supplendum
631 1989 697 2045 esse
732 1979 816 2045 vidit
858 1977 1086 2067 Sylburgius),
1132 1979 1223 2052 τοὺς
1268 1977 1436 2050 λοιποὺς

244 2086 575 2171 ἀφοσιουμένους
613 2087 654 2152 τό
688 2082 789 2165 όίρος
826 2087 892 2152 xci
928 2085 1191 2158 σόπολιίοντοις
1222 2090 1291 2150 τοῦ
1316 2083 1437 2165 φόνου

243 2192 531 2275 προσβάλλειν
565 2191 670 2272 αὐτῷ
708 2193 779 2267 τίρν
814 2196 952 2272 ψῆφον
983 2191 1118 2280 (immet
1150 2191 1339 2274 προσβαλεῖν
1364 2191 1436 2256 cair.

242 2303 300 2375 τὰς
333 2301 494 2386 ψόφονς)·
521 2295 582 2363 “tra
605 2297 759 2377 διοιμένειν
783 2297 829 2363 ἔτι
853 2299 904 2364 xci
931 2303 991 2364 νῦν.
1016 2297 1145 2372 Ἰλιοίὸος
1171 2299 1205 2362 π’
1229 2295 1347 2384 (errore
1370 2299 1436 2362 iarn

243 2409 283 2476 ab
316 2407 463 2474 Albertio
495 2412 603 2471 notato
635 2428 691 2493 pro
717 2405 913 2490 Ὀόυσσείοις)
939 2405 1001 2486 „eo
1027 2413 1173 2486 Ἑρμαῖος
1198 2405 1294 2484 λόφοι
1319 2403 1436 2469 έστίν.”

243 2513 346 2598 Quam
373 2513 415 2578 sit
437 2513 515 2578 haec
538 2511 664 2578 Xanthi
687 2515 844 2580 enarratio
867 2512 1069 2579 Anticlideae
1093 2512 1277 2587 simillima,
1301 2513 1378 2578 adeo
1398 2519 1438 2578 ut

242 2623 275 2688 in
300 2619 491 2717 quibusdam
516 2620 556 2686 ad
579 2613 713 2686 verbum
736 2621 767 2685 ei
790 2619 994 2708 respondeat,
1019 2623 1181 2686 neminem
1201 2619 1300 2686 latere
1320 2625 1435 2705 potest.

244 2723 336 2793 Unde
367 2727 471 2794 facilis
502 2725 663 2794 conclusio
695 2711 757 2800 est.
786 2734 842 2794 eut
865 2726 1058 2794 alterutrum
1079 2728 1217 2794 alterum
1238 2729 1438 2812 exscripsisse

246 2840 302 2898 ant
327 2871 368 2881 —
394 2835 479 2921 quod
511 2831 564 2901 vel
596 2832 809 2900 verosimilius
834 2871 875 2882 -
901 2853 939 2900 cx
969 2834 1081 2900 ecdem
1105 2833 1192 2900 fonte
1215 2855 1273 2901 sua
1296 2835 1437 2901 hausisse

247 2943 432 3026 utrumque.

293 3176 336 3231 π,
361 3149 437 3217 477.
484 3149 622 3216 Subrisit
658 3149 869 3218 Telemachus
904 3150 934 3222 ἐς
950 3144 1081 3232 ’πατέρ’
1116 3152 1322 3233 όφόοιλμοῑσιν
1351 3149 1436 3234 idcir,

248 3259 367 3326 citieus
391 3257 417 3324 δ’
442 3255 586 3340 ὑφορβόν.
611 3257 823 3345 Expouuntur
847 3257 982 3324 ultima:
1007 3257 1163 3339 ἐξέφυγε,
1188 3260 1231 3334 μέν
1256 3255 1435 3338 pedresire

248 3369 300 3434 τόν
331 3364 452 3446 ποτέρου
484 3360 571 3428 εἶδεν.
608 3361 665 3449 (H)
698 3361 967 3430 Rescribendum:
1002 3364 1046 3443 μέν
1070 3367 1147 3446 ρνῷ
1171 3359 1216 3430 ότι
1241 3364 1294 3430 τόν
1317 3363 1436 3446 ποτέρου

249 3467 372 3550 οἶδεν,
397 3491 437 3538 ne
460 3469 620 3537 Eumaeus
644 3471 746 3549 sciat,'
766 3491 799 3535 se
822 3475 945 3558 patrem
971 3472 1148 3558 agnovisse.

294 3705 327 3764 ρ,
353 3681 429 3750 160.
476 3681 530 3749 Ad
554 3702 683 3748 versum
705 3681 804 3748 huius
828 3679 903 3746 libri
929 3679 994 3748 150
1015 3682 1121 3748 brevis
1141 3654 1437 3748 notulaeriticdad·

249 3789 367 3876 scriptu
378 3797 426 3855 est
438 3791 470 3855 in
483 3787 533 3854 H:
548 3789 726 3853 dissederat
740 3791 779 3856 ις’
792 3789 904 3868 στίχοι.
918 3787 1035 3854 Versus
1047 3788 1306 3854 huiusnumerus
1318 3790 1438 3875 positus

249 3903 297 3962 est
321 3918 339 3963 e
361 3895 552 3962 Buttmanni
577 3891 794 3980 Dindorfiique
818 3897 998 3960 coniectura
1017 3897 1201 3972 verissima,
1223 3895 1383 3962 codicibus
1396 3934 1435 3944 -

249 4023 321 4069 nem
354 4003 380 4083 Q
412 4024 535 4089 quoqne
567 3999 736 4068 simillime
761 3999 856 4066 habet
882 4040 923 4050 —
949 4004 982 4066 in
1014 4000 1065 4066 his
1097 4003 1207 4088 paucis
1236 4003 1341 4068 verbis
1360 4003 1439 4068 mire

250 4107 488 4174 fluctuantibus.
513 4109 673 4176 Adiiciam
696 4107 888 4174 Buttmanni
912 4109 1086 4195 quaedam,
1111 4111 1326 4176 coniecturam
1348 4131 1438 4176 suam

250 4213 344 4279 solite
379 4218 554 4303 sagacitate
584 4221 615 4280 et
647 4217 872 4302 perspicuitate
903 4215 1172 4282 commendantis:
1211 4215 1438 4294 „Manifestum

250 4325 297 4386 est
322 4341 429 4386 veram
454 4342 521 4386 esse
544 4320 714 4386 lectionem
738 4319 945 4388 Harleianam
972 4321 1031 4388 ις’”
1058 4325 1185 4408 (nempe
1208 4321 1235 4402 Q
1255 4328 1380 4388 tanium
1395 4321 1438 4400 ιβ’

249 4447 360 4492 versus
384 4426 544 4510 damnat),
571 4427 646 4502 „sed
669 4447 706 4493 ec
730 4427 924 4494 referendam
950 4429 1006 4494 uhi
1030 4433 1140 4521 notam
1162 4431 1334 4515 ponitcod.
1356 4429 1393 4511 Q.
1409 4435 1440 4496 el
