3318 5138
821 335 886 406 114
956 381 959 388 ·

259 535 368 620 possit.
414 531 472 597 list
502 537 610 596 autem
640 528 808 594 eiusmodi.
842 525 897 594 cir:
922 552 972 609 γρ.
1004 528 1056 595 καί
1087 528 1231 610 μικρὸν
1260 527 1304 594 ἵν’
1335 523 1448 594 ἐστίν

260 637 338 704 ἀπὸ
368 641 523 712 τοῦτον,
559 637 640 720 (τοῦ
671 641 814 700 τοῦτον
846 635 918 702 coll.
952 633 1042 724 Oob.)
1076 639 1115 709 ὡς
1139 635 1174 701 τὸ
1198 651 1270 701 κτλ.
1295 635 1366 702 Iam
1392 655 1448 719 ap-

257 748 347 832 paret
376 743 439 809 duo
466 741 594 808 Scholia
626 743 659 806 in
692 762 793 806 unum
816 741 986 819 coaluisse,
1011 744 1095 828 quod
1118 744 1302 829 saepissime
1326 741 1447 806 factum

257 861 322 926 est,
349 887 390 900 -
415 848 469 915 cfr.
506 871 578 916 uo.
614 849 653 915 ad
688 872 714 926 ιο
741 847 825 926 175,
858 849 897 914 de
927 868 990 933 quo
1020 852 1085 914 iam
1118 852 1170 938 egi
1201 851 1235 914 in
1268 846 1448 914 Observatt.

256 979 287 1044 p.
333 955 375 1022 59
419 993 486 1033 .-,
535 955 674 1022 alterum
720 957 889 1041 respiciens
939 957 1063 1022 variam
1109 954 1279 1023 lectionem
1326 951 1364 1019 ὦν
1417 961 1452 1020 et

255 1059 338 1145 i'c1),
363 1062 501 1128 alterum
525 1063 696 1128 dictionem
717 1063 802 1137 μετὰ
823 1063 874 1127 τὸν
894 1059 1076 1145 illustrans,
1098 1063 1190 1128 ouius
1209 1061 1332 1127 lemma
1344 1059 1450 1146 periit.

258 1169 370 1256 Itaque
404 1169 483 1234 haec
511 1171 559 1234 ita
589 1174 681 1234 erunt
711 1167 942 1234 constituenda.
974 1163 1028 1232 cio:
1060 1191 1110 1248 γρ.
1146 1168 1199 1234 καί
1231 1162 1452 1246 μικρίυ“,,ίν.”

262 1277 330 1362 (pro
361 1273 431 1362 ἵν’.)
457 1313 498 1330 -
523 1273 645 1360 (μετὰ
675 1274 773 1360 τδν);
805 1270 892 1338 ίοτι
924 1273 1113 1352 δεύτεροι
1151 1275 1220 1360 (pro
1256 1272 1340 1338 loric
1375 1271 1451 1355 ατί)

259 1383 420 1460 τούτου,
445 1384 482 1453 ὥς
513 1381 549 1446 τὸ
575 1367 668 1460 ,μετ’
691 1381 841 1458 ἀμύμονα
866 1379 1024 1453 Πηλείωνα
1038 1381 1065 1456 ,”
1090 1379 1207 1466 quibus
1229 1379 1335 1446 verbis
1364 1380 1454 1443 simi-

260 1489 307 1555 lia
335 1490 432 1556 habet
461 1490 589 1553 tertium
626 1487 775 1553 Scholion
812 1486 851 1553 de
885 1486 993 1553 eadam
1032 1508 1066 1553 rc
1099 1489 1135 1552 in
1167 1485 1280 1568 MQV:
1317 1485 1452 1568 χριιττδν

265 1590 329 1669 §tec
355 1595 529 1677 ὑποφαίνει.
555 1595 588 1658 οὐ
612 1593 675 1675 γοδρ
698 1593 750 1658 τὸν
773 1593 958 1670 κυίλλιοτον,
982 1590 1071 1658 οίλλίι
1094 1593 1161 1658 τίν
1185 1596 1272 1672 μετ’
1296 1593 1453 1657 ἐκεῖνον

263 1703 447 1782 δεύτερον
471 1701 574 1776 αίτεῖ,
598 1700 650 1764 τὸν
672 1700 703 1764 δὲ
726 1699 944 1780 τριτερεύοντα
969 1696 1175 1784 (πρωτεύοντα
1195 1697 1265 1785 Qv)
1290 1701 1333 1778 τῷ
1356 1697 1451 1775 τατρῖ

266 1807 434 1890 Φυλοίσοει.

309 2019 353 2098 β,
377 2017 455 2084 390.
485 2017 594 2083 τιίντα
627 2016 655 2081 δ’
684 2017 716 2080 ίν
746 2018 826 2098 αὐτῇ
850 2021 868 2096 ΙΙ
891 2011 962 2080 ὅπλ’
993 2015 1095 2081 ίτίίει.
1141 2013 1269 2081 Horum
1299 2013 1378 2080 haec
1406 2016 1456 2078 est

265 2125 464 2214 paraphrasis
486 2126 521 2190 in
540 2123 579 2191 S:
603 2122 647 2189 τίι
667 2122 797 2208 χρειώδη
817 2123 941 2206 σχοινία
958 2121 1125 2188 ιίτετίίει.
1150 2121 1286 2189 Credam
1307 2119 1454 2186 ἐπετίθει

263 2235 382 2300 rectius
404 2252 481 2298 esse.

311 2444 354 2523 β,
379 2442 458 2512 421.
491 2446 592 2524 α’κραιῖ
624 2439 759 2525 ’Ζέφυρον
791 2442 951 2508 κελάδοντ’
980 2441 1029 2507 ε’τί
1054 2441 1161 2506 οίνοτα
1185 2440 1304 2506 τίκτον.
1328 2437 1456 2504 Dissen-

267 2549 389 2616 tiehant
412 2557 534 2636 ueteres
556 2552 780 2639 grammatici,
803 2555 914 2614 utrum
939 2547 1111 2614 κελάδοντα
1134 2547 1174 2612 ad
1197 2547 1332 2628 Ζέφυρον
1356 2565 1396 2610 an
1415 2543 1456 2609 od

268 2655 377 2722 τδντον
407 2659 589 2743 pertineret.
640 2649 779 2736 ,Contra
809 2674 880 2739 eos,
911 2657 966 2741 qui
997 2651 1169 2719 κελδίδιντα
1200 2652 1240 2721 ad
1263 2652 1371 2718 τίντον
1395 2657 1457 2716 tra·

267 2759 405 2837 herent’',
426 2799 469 2813 --
488 2767 637 2829 monente
662 2761 855 2828 Buttmanno
879 2798 921 2810 -
945 2759 1122 2827 observatio
1146 2767 1195 2826 ost
1216 2759 1251 2825 in
1273 2757 1346 2839 EQ:
1371 2758 1406 2822 τὸ
1425 2756 1458 2822 δὲ

268 2867 516 2944 κελοίδιντα,
551 2871 594 2934 τὸ
629 2868 823 2935 κελαδεῖν
858 2865 970 2952 (Oodd.
999 2864 1128 2931 κέλαδον
1158 2867 1193 2930 τὸ
1225 2865 1379 2949 κελαδεῖν)
1406 2863 1458 2928 ici

268 2979 398 3054 λιγυρῖις
421 2974 566 3052 Olmie·
589 2977 628 3041 τί
636 2977 752 3041 ίεται
776 2973 917 3060 (Buttm.
940 2971 1038 3040 (lodd.
1063 2972 1207 3058 ᾄδεται),
1231 2973 1265 3036 τδ
1289 2973 1320 3038 δὲ
1341 2973 1458 3052 ροχίεῖν

269 3081 319 3145 ἐπὶ
352 3079 508 3158 κυμοίτυν.
543 3080 637 3168 (EQ.)
667 3080 713 3147 Ut
741 3083 846 3167 prima
877 3079 975 3146 verba
1006 3077 1208 3165 aliquantum
1240 3078 1455 3152 cohaererent,

267 3184 484 3254 Buttmannue
519 3189 700 3274 proposuit:
736 3188 770 3251 τδ
805 3186 837 3250 δὲ
872 3184 1063 3269 κελάδοντα,
1100 3185 1242 3250 κελαδεῖν
1277 3199 1361 3267 κτλ,
1391 3186 1459 3270 ipse

268 3291 448 3358 addendum
480 3296 623 3379 suspicor·
650 3288 715 3366 ὅτι,
747 3299 820 3359 ante
849 3291 885 3357 τδ
916 3291 1122 3358 obliteratum
1157 3290 1226 3375 (ot'r.
1250 3289 1338 3355 Baet.
1362 3289 1459 3356 Oom·

269 3405 367 3464 ment.
393 3397 624 3488 Palaeograph.
648 3421 680 3486 p.
705 3397 804 3485 784),
828 3405 865 3464 ut
888 3399 948 3462 sit:
974 3399 1008 3464 τδ
1032 3399 1064 3463 δὲ
1088 3395 1338 3472 κελοίδοντα,
1372 3393 1457 3481 (δτι)

266 3504 309 3570 τδ
341 3504 535 3570 κελαδεῖν
567 3507 618 3572 ἐπὶ
650 3509 780 3584 λιγυρᾶς
811 3505 956 3584 oleario
981 3507 1100 3569 ritem
1123 3517 1195 3567 κτλ.
1219 3503 1340 3568 Auctor
1361 3502 1471 3588 huius

267 3615 441 3678 sententiae
464 3613 544 3679 mihi
569 3613 697 3680 videtur
726 3611 940 3698 Porphyrius,
975 3612 1133 3696 verbaque
1156 3616 1195 3675 ut
1218 3607 1365 3694 supplevi
1388 3627 1460 3673 con·

266 3719 428 3807 iungenda
450 3740 561 3786 censeo
584 3741 659 3786 cum
682 3722 741 3792 iis.
767 3739 848 3804 qnae
871 3739 910 3783 ex
932 3718 1046 3784 iisdem
1071 3716 1233 3782 codicibus
1255 3723 1287 3780 et
1311 3711 1341 3778 R
1363 3711 1460 3799 paulo

268 3830 341 3891 ante
365 3829 406 3914 (p.
431 3825 506 3902 116,
528 3823 571 3891 20
592 3832 691 3912 seqq.)
714 3825 801 3891 edita
823 3832 925 3912 agunt
948 3824 987 3890 de
1005 3822 1159 3890 vocabulo
1176 3821 1305 3904 ἀκραής,
1323 3840 1459 3906 quorum

268 3939 379 3998 auctor
409 3934 510 4022 signis
538 3951 601 3997 non
634 3932 759 4012 dubiis,
789 3936 828 3995 ut
858 3936 966 4016 postea
989 3930 1128 4005 dicetur,
1153 3931 1239 3993 idem
1262 3925 1461 4012 Porphyrius

267 4039 461 4128 agnoscitur.
484 4037 555 4105 Hac
574 4043 681 4105 autem
703 4037 792 4126 lege,
814 4045 851 4102 ut
870 4058 950 4123 quse
968 4039 1053 4104 inter
1071 4035 1238 4116 ἀκραιφνές
1253 4037 1296 4121 (p.
1312 4031 1390 4106 116,
1404 4033 1460 4116 26,

268 4143 325 4210 ubi
344 4141 375 4210 B
392 4141 512 4230 deficit)
534 4150 567 4210 et
590 4146 624 4209 τδ
648 4144 679 4209 δὲ
699 4143 872 4210 κελάδοντα
890 4143 1052 4232 leguntur,
1074 4143 1149 4208 hino
1167 4143 1268 4210 eiecta
1288 4142 1459 4226 separatim

269 4323 463 4338 *u-

301 4412 323 4472 1)
340 4411 457 4462 Similiter
484 4409 608 4462 dubitatur
624 4425 675 4458 ιο.
700 4407 789 4460 δδδδ.
814 4404 999 4472 καταβρόξειεν,
1019 4406 1143 4470 γρόφπαι
1163 4407 1204 4456 καί
1222 4405 1303 4470 ρκιιερδν
1321 4405 1362 4454 καὶ
1380 4405 1458 4467 μίγα.

268 4509 326 4550 κτλ.
345 4499 395 4564 (Β).
