3278 5148
643 361 647 373 ‚
718 309 783 400 313

199 513 233 600 ζ,
260 515 336 584 187.
360 512 465 604 'Pnups
490 525 538 584 est
562 520 748 586 brevissima
773 545 822 608 sa,
849 544 928 609 quae
952 519 1118 590 Palatinus
1138 521 1285 590 observat
1306 507 1347 586 ad

153 625 374 710 imperfectam
404 625 580 692 Nausicaae
604 631 806 695 orationem:
846 627 929 714 ξεῖν’,
962 627 1028 694 ἐπεὶ
1062 629 1131 695 οὔτε
1163 631 1247 708 κοινῷ
1280 627 1345 696 οὔτ’

154 727 263 810 ἄφρονι
298 733 379 811 deri
417 731 611 811 ἔοικοιο.-,
648 738 831 800 etiamnunc
866 735 911 802 sic
952 737 1022 801 edi:
1065 736 1128 802 atah
1175 739 1271 800 κοινοῦ
1311 737 1346 800 πὸ

157 840 305 915 ,,τλῆθι,“’
337 843 390 903 τοῦ
422 840 484 916 γὰρ
518 843 609 916 Ζεύς,
648 863 728 927 quae
759 842 865 910 hercle
896 849 928 908 st
951 847 1019 929 ipsa
1042 843 1229 928 imperfecta
1253 847 1347 915 suut,

155 944 245 1009 nulla
276 947 397 1011 ratione
429 946 538 1011 habita
562 951 745 1014 verissimae
769 948 960 1015 Buttmanni
983 951 1215 1027 restitutionis,
1240 949 1285 1014 sic
1309 947 1348 1013 ad

157 1074 179 1130 ρ
217 1049 296 1129 106,
332 1089 372 1100 -
404 1053 475 1117 uhi·
493 1059 597 1120 totum
630 1054 778 1120 dictionis
805 1057 867 1120 riri
892 1061 988 1122 κοινοῦ
1012 1057 1094 1142 apud
1117 1058 1348 1145 grammaticos

158 1178 253 1222 usum
284 1158 347 1222 late
378 1165 538 1243 patentem
571 1159 749 1226 luculenter
779 1161 937 1241 illustrat,
965 1201 1005 1212 -
1032 1163 1072 1228 de
1094 1145 1200 1230 nostro
1225 1181 1349 1248 quoque
1440 1173 1443 1180 '

158 1265 227 1332 loco
259 1266 467 1351 disputantis:
499 1265 624 1353 „(haec)
656 1268 752 1333 verba
782 1268 877 1334 otiam
902 1270 1104 1336 mutilatione
1127 1270 1289 1348 laborant;
1314 1289 1347 1334 rs

158 1376 227 1458 ipsa
259 1378 365 1436 amen
393 1373 471 1437 satis
504 1380 608 1458 patet,
641 1374 829 1440 scholiasten
863 1377 971 1442 docere
995 1376 1241 1464 intelligendum
1265 1397 1346 1442 esse:

159 1483 264 1555 τλῆθι,
289 1478 430 1565 σού(πων)
452 1479 515 1559 γὰρ
535 1479 610 1550 Ζεὺς
631 1479 793 1560 (οἵπιος),”
816 1503 895 1568 quse
913 1483 1091 1548 emendatio
1111 1484 1194 1548 mihi
1214 1482 1344 1570 quidem

160 1592 248 1653 extra
280 1606 409 1650 omnem
440 1585 673 1652 dubitationem
706 1590 809 1672 posita
841 1590 976 1654 videtur.
1025 1589 1185 1675 Frequens
1219 1609 1286 1656 esse
1316 1591 1349 1654 in

159 1692 351 1759 scholiorum
376 1698 556 1778 nostrornm
581 1693 743 1758 codicibus
765 1692 825 1759 hoc
849 1697 981 1772 vitium,
1007 1701 1044 1760 ut
1062 1701 1117 1762 aut
1137 1696 1258 1782 aliquot
1278 1695 1351 1761 lite·

158 1821 211 1865 rae
246 1805 303 1864 aut
329 1819 447 1883 paucae
476 1797 619 1885 syllabae
649 1806 705 1865 aut
735 1802 861 1888 integra
891 1823 1015 1888 quoque
1046 1804 1143 1868 verba
1171 1806 1204 1867 iu
1236 1801 1351 1868 lacuna

160 1905 393 1982 desiderentur,
423 1905 610 1991 plerumque
640 1909 675 1970 in
706 1908 906 1992 periodorum
934 1907 995 1974 fine
1022 1909 1076 1975 sed
1101 1910 1181 1974 haut
1204 1930 1274 1975 raro
1297 1908 1350 1974 vel

160 2016 194 2078 in
219 2011 325 2078 media
348 2014 505 2089 oratione,
531 2014 697 2078 notissima
717 2033 766 2079 res
784 2022 852 2092 est,
874 2035 930 2080 nec
952 2035 1032 2100 quac
1044 2015 1140 2080 huius
1153 2017 1226 2082 vitii
1238 2035 1350 2081 causae

160 2120 280 2185 sintin
304 2118 436 2184 obscuro
459 2125 508 2182 est
531 2121 684 2204 positum.
721 2119 787 2185 Alii
811 2120 874 2186 alia
894 2121 1120 2206 restituerunt,
1140 2123 1208 2208 ipse
1228 2120 1351 2187 etolim

160 2229 194 2290 in
226 2223 506 2308 Observationibus
538 2226 757 2311 compluscula
780 2226 902 2292 lacunis
926 2228 1047 2293 hiantia
1072 2249 1133 2294 non
1156 2228 1350 2313 improbabi-

161 2332 253 2416 liter,
279 2369 320 2382 -
346 2337 383 2396 ut
407 2337 482 2396 tnnc
506 2332 589 2396 mihi
613 2333 743 2398 videbar
766 2338 798 2397 et
821 2355 904 2399 nunc
926 2335 1053 2405 videor.
1080 2371 1120 2383 —
1143 2333 1303 2419 supplevi,
1320 2340 1352 2399 et

160 2442 195 2505 in
218 2440 432 2524 superioribus
455 2437 547 2524 plura
570 2438 633 2504 huc
657 2442 848 2524 pertinentia
871 2440 982 2527 attigi,
1006 2461 1090 2506 nunc
1114 2448 1235 2506 caetera
1254 2440 1352 2504 huius

162 2545 288 2635 pneris
320 2546 495 2640 insigniora
527 2545 635 2610 ordine
665 2565 853 2632 proponam,
880 2551 1100 2633 praeterquam
1132 2547 1188 2612 ubi
1212 2545 1353 2612 scholion

161 2673 263 2718 unum
288 2658 320 2716 et
343 2649 479 2716 alterum
504 2657 536 2716 ct
560 2651 632 2716 aliis
655 2654 785 2737 iusuper
808 2652 996 2737 corruptelis
1015 2654 1216 2740 gravissimis
1235 2655 1355 2738 promi·

163 2769 233 2838 tor,
258 2759 435 2843 dequibus
459 2757 597 2845 singulis
621 2777 678 2824 suo
702 2779 826 2843 quoque
848 2759 917 2824 loco
941 2762 1046 2846 aptius
1068 2761 1201 2826 dicetur.

208 2967 262 3035 Sic
293 2969 388 3055 paulo
418 2976 489 3057 post
514 2968 546 3055 (ζ
569 2967 649 3056 303)
675 2970 897 3037 scribendum:
923 2972 1094 3037 erdturr·
1120 2969 1186 3036 ἔστι
1210 2970 1245 3036 τὸ
1270 2971 1354 3050 ὑγιὲς

163 3078 409 3163 (assedisset)
442 3077 505 3141 ahad
529 3081 582 3141 τοῦ
608 3076 719 3164 radda,
745 3073 813 3142 alra
837 3081 970 3154 συστολὴ
994 3079 1257 3158 παρηκολούθησεν
1289 3077 1355 3164 (Q),

163 3203 243 3266 quac
268 3181 489 3248 Herodianum
514 3183 664 3248 referunt.

209 3423 225 3470 a
236 3443 244 3474 ,
273 3396 347 3462 144.
383 3396 447 3462 Uhi
478 3395 588 3463 Ulixes
616 3401 687 3462 aare
711 3396 882 3462 obvolutus
905 3419 924 3462 a
947 3397 1036 3463 nullo
1060 3399 1149 3464 visus
1173 3399 1206 3462 in
1230 3395 1356 3463 Alcinoi

163 3503 255 3570 aedes
276 3506 472 3589 penetrarit,
497 3509 591 3589 potita
611 3505 650 3570 de
671 3503 853 3570 Phaeacum
873 3505 1070 3590 principibus
1088 3505 1185 3569 dicit:
1199 3505 1224 3568 oi
1238 3501 1266 3567 δ’
1280 3505 1357 3583 ἄνερ

164 3609 303 3688 ἐγένοντο
327 3611 416 3687 δόμον
443 3609 526 3675 adra
549 3618 642 3693 φῶσιν
667 3611 791 3683 ἰδόντες.
838 3611 1013 3677 Aduotctio
1038 3633 1077 3676 ex
1100 3609 1183 3690 PQT
1206 3611 1246 3677 ad
1273 3611 1357 3676 hunc

164 3738 293 3784 versum
327 3720 374 3783 ita
408 3717 530 3782 editur:
562 3718 683 3787 εἰκότως
715 3715 888 3798 ἐθαύμαζον
922 3713 968 3782 ὅτι
1001 3715 1162 3798 προσιόντα
1188 3719 1241 3782 οὐκ
1265 3711 1357 3781 εἶδον.

163 3822 226 3889 Sed
249 3826 283 3887 iu
307 3823 333 3888 Τ
358 3830 405 3890 est
428 3819 504 3888 εἶδον
529 3825 596 3900 τὸν,
621 3845 695 3889 cum
719 3822 834 3888 lacuna
851 3825 884 3888 in
903 3821 1089 3889 flnelineao.
1110 3824 1206 3909 (App.
1220 3843 1250 3908 p.
1266 3819 1356 3900 772).

163 3930 257 3996 Nihil
287 3930 413 3997 facilius
444 3938 491 3996 est
521 3951 619 4016 quam
641 3929 823 3996 launculam
848 3929 940 3996 illam
964 3932 1097 3996 sarcire:
1121 3929 1245 4002 εἰκότος
1270 3928 1357 3994 ἐδού-

163 4037 263 4119 μοιζον
286 4035 331 4105 ὅτι
352 4039 514 4119 προσιόντα
538 4039 592 4103 οὐκ
617 4032 695 4102 εἶδον
720 4037 781 4102 τὸν
805 4034 953 4123 (ξένον).

212 4275 247 4322 ιι.
275 4247 348 4314 197.
395 4251 439 4335 (ρ.
473 4247 555 4326 342,
582 4251 627 4333 6).
652 4256 762 4329 Μοῖραι
789 4247 1058 4325 ἐπεισάγουσι
1080 4248 1122 4327 σῷ
1146 4248 1308 4328 ἀνθρώπῳ,
1341 4248 1357 4320 ἦ

166 4357 327 4437 Λάχεσις,
343 4358 359 4430 ἦ
374 4357 500 4433 Κλωθώ,
520 4355 704 4434 tamma.
721 4355 773 4442 (P)
791 4355 931 4422 Aduolat
942 4353 1125 4421 Diudorfius
1137 4355 1178 4422 ad
1189 4355 1354 4435 'Arcprd:

168 4467 290 4544 „immo
305 4463 488 4544 ”Αιροπο,·.”
509 4462 630 4529 Utilius
647 4463 841 4537 doceremur,
865 4463 942 4547 quid
957 4462 1083 4526 tandem
1097 4461 1216 4528 Parcae
1229 4461 1353 4530 homiui
