<?xml version="1.0" encoding="UTF-8"?>
<!DOCTYPE html PUBLIC "-//W3C//DTD XHTML 1.0 Transitional//EN"
    "http://www.w3.org/TR/xhtml1/DTD/xhtml1-transitional.dtd">
<html xmlns="http://www.w3.org/1999/xhtml" xml:lang="en" lang="en">
 <head>
  <title>
</title>
<meta http-equiv="Content-Type" content="text/html;charset=utf-8" />
  <meta name='ocr-system' content='tesseract 3.04.00' />
  <meta name='ocr-capabilities' content='ocr_page ocr_carea ocr_par ocr_line ocrx_word'/>
</head>
<body>
  <div class='ocr_page' id='page_1' title='image "./adodysseameiusq01polagoog_0069.png"; bbox 0 0 3232 5136; ppageno 0'>
   <div class='ocr_carea' id='block_1_1' title="bbox 808 329 850 398">
    <p class='ocr_par' dir='ltr' id='par_1_1' title="bbox 808 329 850 398">
     <span class='ocr_line' id='line_1_1' title="bbox 808 329 850 398; baseline -0.024 0"><span class='ocrx_word' id='word_1_1' title='bbox 808 329 850 398; x_wconf 71' lang='lat'>54</span> 
     </span>
    </p>
   </div>
   <div class='ocr_carea' id='block_1_2' title="bbox 170 517 1504 4550">
    <p class='ocr_par' dir='ltr' id='par_1_2' title="bbox 199 517 1492 1141">
     <span class='ocr_line' id='line_1_2' title="bbox 199 517 1425 612; baseline -0.004 -24"><span class='ocrx_word' id='word_1_2' title='bbox 199 580 203 588; x_wconf 93' lang='lat'>.</span> <span class='ocrx_word' id='word_1_3' title='bbox 229 526 390 611; x_wconf 78' lang='lat' dir='ltr'>integram</span> <span class='ocrx_word' id='word_1_4' title='bbox 409 521 473 590; x_wconf 79' lang='lat' dir='ltr'>iere</span> <span class='ocrx_word' id='word_1_5' title='bbox 493 521 578 588; x_wconf 89' lang='lat' dir='ltr'>solus</span> <span class='ocrx_word' id='word_1_6' title='bbox 601 525 741 590; x_wconf 84' lang='lat' dir='ltr'>servavit</span> <span class='ocrx_word' id='word_1_7' title='bbox 765 523 1032 612; x_wconf 80' lang='lat' dir='ltr'>Hcmburgeneis.</span> <span class='ocrx_word' id='word_1_8' title='bbox 1058 519 1227 602; x_wconf 75' lang='grc' dir='ltr'><em>Ἐζήτςται</em></span> <span class='ocrx_word' id='word_1_9' title='bbox 1251 526 1314 592; x_wconf 80' lang='grc' dir='ltr'>τῶς</span> <span class='ocrx_word' id='word_1_10' title='bbox 1336 517 1367 583; x_wconf 82' lang='grc' dir='ltr'>ἐν</span> <span class='ocrx_word' id='word_1_11' title='bbox 1385 527 1425 600; x_wconf 67' lang='grc' dir='ltr'>τῇ</span> 
     </span>
     <span class='ocr_line' id='line_1_3' title="bbox 231 625 1426 712; baseline -0.003 -18"><span class='ocrx_word' id='word_1_12' title='bbox 231 631 339 712; x_wconf 68' lang='grc' dir='ltr'><em>Ἰλιάδι</em></span> <span class='ocrx_word' id='word_1_13' title='bbox 369 630 440 696; x_wconf 82' lang='grc' dir='ltr'><em>οὔτε</em></span> <span class='ocrx_word' id='word_1_14' title='bbox 464 631 533 700; x_wconf 86' lang='grc' dir='ltr'><em>τοὺς</em></span> <span class='ocrx_word' id='word_1_15' title='bbox 558 625 653 707; x_wconf 69' lang='grc' dir='ltr'><em>ἥρωας</em></span> <span class='ocrx_word' id='word_1_16' title='bbox 675 635 778 709; x_wconf 84' lang='grc' dir='ltr'><em>Φαοι</em></span> <span class='ocrx_word' id='word_1_17' title='bbox 803 640 941 710; x_wconf 80' lang='grc' dir='ltr'><em>χριοτοῖς</em></span> <span class='ocrx_word' id='word_1_18' title='bbox 966 631 1099 710; x_wconf 68' lang='grc' dir='ltr'><em>χρῆσθαι</em></span> <span class='ocrx_word' id='word_1_19' title='bbox 1122 627 1252 704; x_wconf 78' lang='grc' dir='ltr'><em>βέλεσι·</em></span> <span class='ocrx_word' id='word_1_20' title='bbox 1279 634 1338 691; x_wconf 83' lang='grc' dir='ltr'>τῶν</span> <span class='ocrx_word' id='word_1_21' title='bbox 1362 627 1426 704; x_wconf 68' lang='lat' dir='ltr'>yda</span> 
     </span>
     <span class='ocr_line' id='line_1_4' title="bbox 232 733 1426 815; baseline -0.005 -14"><span class='ocrx_word' id='word_1_22' title='bbox 232 736 428 812; x_wconf 70' lang='grc' dir='ltr'><em>τοξευθέντιον</em></span> <span class='ocrx_word' id='word_1_23' title='bbox 442 737 549 800; x_wconf 74' lang='grc' dir='ltr'><em>πολλοὶ</em></span> <span class='ocrx_word' id='word_1_24' title='bbox 564 733 720 814; x_wconf 82' lang='grc' dir='ltr'><em>σώζονται·</em></span> <span class='ocrx_word' id='word_1_25' title='bbox 733 737 804 800; x_wconf 84' lang='grc' dir='ltr'><em>οὕτε</em></span> <span class='ocrx_word' id='word_1_26' title='bbox 818 742 869 802; x_wconf 84' lang='grc' dir='ltr'>τὸν</span> <span class='ocrx_word' id='word_1_27' title='bbox 883 736 1038 802; x_wconf 74' lang='grc' dir='ltr'><em>Ὀδυσσέα</em></span> <span class='ocrx_word' id='word_1_28' title='bbox 1049 733 1126 814; x_wconf 79' lang='grc' dir='ltr'><em>τόξῳ</em></span> <span class='ocrx_word' id='word_1_29' title='bbox 1140 735 1275 815; x_wconf 69' lang='grc' dir='ltr'><em>χρῆσθαι</em></span> <span class='ocrx_word' id='word_1_30' title='bbox 1286 743 1344 813; x_wconf 79' lang='grc' dir='ltr'>Φα</span> <span class='ocrx_word' id='word_1_31' title='bbox 1354 756 1373 796; x_wconf 77' lang='lat' dir='ltr'>c</span> <span class='ocrx_word' id='word_1_32' title='bbox 1383 757 1391 796; x_wconf 99' lang='grc' dir='ltr'><em>ι</em></span> <span class='ocrx_word' id='word_1_33' title='bbox 1402 759 1426 796; x_wconf 92' lang='grc' dir='ltr'>ν.</span> 
     </span>
     <span class='ocr_line' id='line_1_5' title="bbox 233 839 1428 931; baseline -0.003 -24"><span class='ocrx_word' id='word_1_34' title='bbox 233 844 283 908; x_wconf 87' lang='lat' dir='ltr'>Ite</span> <span class='ocrx_word' id='word_1_35' title='bbox 295 847 328 906; x_wconf 92' lang='lat' dir='ltr'>in</span> <span class='ocrx_word' id='word_1_36' title='bbox 340 843 495 927; x_wconf 84' lang='lat' dir='ltr'>epitomes</span> <span class='ocrx_word' id='word_1_37' title='bbox 508 845 609 906; x_wconf 88' lang='lat' dir='ltr'>initio.</span> <span class='ocrx_word' id='word_1_38' title='bbox 636 841 742 929; x_wconf 81' lang='lat' dir='ltr'>Igitur</span> <span class='ocrx_word' id='word_1_39' title='bbox 762 843 959 931; x_wconf 82' lang='lat' dir='ltr'>Porphyrius</span> <span class='ocrx_word' id='word_1_40' title='bbox 972 862 1052 927; x_wconf 88' lang='lat' dir='ltr'>quae</span> <span class='ocrx_word' id='word_1_41' title='bbox 1065 843 1097 905; x_wconf 91' lang='lat' dir='ltr'>in</span> <span class='ocrx_word' id='word_1_42' title='bbox 1110 839 1210 905; x_wconf 77' lang='lat' dir='ltr'><strong>Iliade</strong></span> <span class='ocrx_word' id='word_1_43' title='bbox 1222 847 1378 928; x_wconf 83' lang='lat' dir='ltr'>geruntur</span> <span class='ocrx_word' id='word_1_44' title='bbox 1390 857 1428 903; x_wconf 82' lang='lat' dir='ltr'>es</span> 
     </span>
     <span class='ocr_line' id='line_1_6' title="bbox 236 946 1428 1035; baseline -0.004 -21"><span class='ocrx_word' id='word_1_45' title='bbox 236 950 330 1015; x_wconf 84' lang='lat' dir='ltr'>tendo</span> <span class='ocrx_word' id='word_1_46' title='bbox 353 955 478 1014; x_wconf 87' lang='lat' dir='ltr'>tautum</span> <span class='ocrx_word' id='word_1_47' title='bbox 501 946 688 1013; x_wconf 79' lang='lat' dir='ltr'>audiverat?</span> <span class='ocrx_word' id='word_1_48' title='bbox 712 947 802 1028; x_wconf 77' lang='lat' dir='ltr'>Quod</span> <span class='ocrx_word' id='word_1_49' title='bbox 826 955 882 1035; x_wconf 91' lang='lat' dir='ltr'>qui</span> <span class='ocrx_word' id='word_1_50' title='bbox 904 970 1030 1014; x_wconf 90' lang='lat' dir='ltr'>mecum</span> <span class='ocrx_word' id='word_1_51' title='bbox 1055 946 1229 1013; x_wconf 84' lang='lat' dir='ltr'>absurdum</span> <span class='ocrx_word' id='word_1_52' title='bbox 1254 949 1428 1021; x_wconf 86' lang='lat' dir='ltr'>existimat,</span> 
     </span>
     <span class='ocr_line' id='line_1_7' title="bbox 235 1052 1492 1141; baseline -0.005 -20"><span class='ocrx_word' id='word_1_53' title='bbox 235 1059 383 1141; x_wconf 85' lang='lat' dir='ltr'>quonism</span> <span class='ocrx_word' id='word_1_54' title='bbox 408 1059 441 1119; x_wconf 94' lang='lat' dir='ltr'>in</span> <span class='ocrx_word' id='word_1_55' title='bbox 465 1055 635 1120; x_wconf 83' lang='lat' dir='ltr'>Oodicibus</span> <span class='ocrx_word' id='word_1_56' title='bbox 661 1059 776 1120; x_wconf 86' lang='lat' dir='ltr'>nostris</span> <span class='ocrx_word' id='word_1_57' title='bbox 802 1060 881 1137; x_wconf 71' lang='lat' dir='ltr'>&lt;tari</span> <span class='ocrx_word' id='word_1_58' title='bbox 893 1107 901 1134; x_wconf 91' lang='lat'>,</span> <span class='ocrx_word' id='word_1_59' title='bbox 926 1057 1028 1139; x_wconf 78' lang='grc' dir='ltr'><em>φασι,</em></span> <span class='ocrx_word' id='word_1_60' title='bbox 1049 1054 1158 1134; x_wconf 81' lang='grc' dir='ltr'><em>φαμὲν</em></span> <span class='ocrx_word' id='word_1_61' title='bbox 1177 1055 1217 1118; x_wconf 92' lang='lat' dir='ltr'>ob</span> <span class='ocrx_word' id='word_1_62' title='bbox 1241 1052 1430 1137; x_wconf 91' lang='lat' dir='ltr'>compendia</span> <span class='ocrx_word' id='word_1_63' title='bbox 1485 1091 1492 1104; x_wconf 87' lang='lat'><strong>·</strong></span> 
     </span>
    </p>

    <p class='ocr_par' dir='ltr' id='par_1_3' title="bbox 170 1157 1504 4550">
     <span class='ocr_line' id='line_1_8' title="bbox 170 1157 1428 1256; baseline -0.004 -30"><span class='ocrx_word' id='word_1_64' title='bbox 170 1237 178 1256; x_wconf 44' lang='lat'>¹</span> <span class='ocrx_word' id='word_1_65' title='bbox 233 1161 319 1226; x_wconf 81' lang='lat' dir='ltr'>mele</span> <span class='ocrx_word' id='word_1_66' title='bbox 342 1159 466 1246; x_wconf 84' lang='lat' dir='ltr'>expleta</span> <span class='ocrx_word' id='word_1_67' title='bbox 489 1171 642 1246; x_wconf 89' lang='lat' dir='ltr'>perpetuo</span> <span class='ocrx_word' id='word_1_68' title='bbox 666 1161 704 1226; x_wconf 93' lang='lat' dir='ltr'>de</span> <span class='ocrx_word' id='word_1_69' title='bbox 729 1161 798 1228; x_wconf 90' lang='lat' dir='ltr'>loco</span> <span class='ocrx_word' id='word_1_70' title='bbox 821 1169 965 1245; x_wconf 84' lang='lat' dir='ltr'>certent,</span> <span class='ocrx_word' id='word_1_71' title='bbox 989 1162 1039 1226; x_wconf 91' lang='lat' dir='ltr'>bis</span> <span class='ocrx_word' id='word_1_72' title='bbox 1062 1160 1115 1224; x_wconf 92' lang='lat' dir='ltr'>hic</span> <span class='ocrx_word' id='word_1_73' title='bbox 1137 1159 1239 1239; x_wconf 77' lang='grc' dir='ltr'><em>Φνοί</em></span> <span class='ocrx_word' id='word_1_74' title='bbox 1262 1179 1330 1223; x_wconf 87' lang='lat' dir='ltr'>esse</span> <span class='ocrx_word' id='word_1_75' title='bbox 1353 1157 1428 1222; x_wconf 88' lang='lat' dir='ltr'>scri·</span> 
     </span>
     <span class='ocr_line' id='line_1_9' title="bbox 236 1265 1429 1354; baseline -0.005 -21"><span class='ocrx_word' id='word_1_76' title='bbox 236 1268 392 1344; x_wconf 89' lang='lat' dir='ltr'>bendum,</span> <span class='ocrx_word' id='word_1_77' title='bbox 426 1305 466 1315; x_wconf 93' lang='lat'>-</span> <span class='ocrx_word' id='word_1_78' title='bbox 499 1266 661 1332; x_wconf 76' lang='lat' dir='ltr'>Homerus</span> <span class='ocrx_word' id='word_1_79' title='bbox 692 1289 823 1354; x_wconf 84' lang='lat' dir='ltr'>nempe.</span> <span class='ocrx_word' id='word_1_80' title='bbox 858 1307 900 1318; x_wconf 86' lang='lat'><em>-</em></span> <span class='ocrx_word' id='word_1_81' title='bbox 930 1266 1021 1333; x_wconf 86' lang='lat' dir='ltr'>facile</span> <span class='ocrx_word' id='word_1_82' title='bbox 1054 1266 1137 1330; x_wconf 90' lang='lat' dir='ltr'>mihi</span> <span class='ocrx_word' id='word_1_83' title='bbox 1168 1267 1266 1330; x_wconf 89' lang='lat' dir='ltr'>dabit.</span> <span class='ocrx_word' id='word_1_84' title='bbox 1315 1265 1429 1330; x_wconf 84' lang='lat' dir='ltr'><strong>Fidem</strong></span> 
     </span>
     <span class='ocr_line' id='line_1_10' title="bbox 234 1371 1430 1460; baseline -0.003 -20"><span class='ocrx_word' id='word_1_85' title='bbox 234 1375 349 1450; x_wconf 78' lang='lat' dir='ltr'>iaciat,</span> <span class='ocrx_word' id='word_1_86' title='bbox 381 1377 409 1438; x_wconf 92' lang='lat' dir='ltr'>si</span> <span class='ocrx_word' id='word_1_87' title='bbox 437 1377 509 1459; x_wconf 89' lang='lat' dir='ltr'>quis</span> <span class='ocrx_word' id='word_1_88' title='bbox 532 1373 635 1438; x_wconf 85' lang='lat' dir='ltr'>adhuc</span> <span class='ocrx_word' id='word_1_89' title='bbox 659 1373 802 1451; x_wconf 82' lang='lat' dir='ltr'>dubitet,</span> <span class='ocrx_word' id='word_1_90' title='bbox 827 1376 956 1440; x_wconf 87' lang='lat' dir='ltr'>initium</span> <span class='ocrx_word' id='word_1_91' title='bbox 985 1374 1169 1460; x_wconf 70' lang='lat' dir='ltr'>integrioris</span> <span class='ocrx_word' id='word_1_92' title='bbox 1193 1371 1430 1457; x_wconf 78' lang='lat' dir='ltr'>disputationis.</span> 
     </span>
     <span class='ocr_line' id='line_1_11' title="bbox 238 1477 1504 1561; baseline -0.003 -16"><span class='ocrx_word' id='word_1_93' title='bbox 238 1481 301 1545; x_wconf 76' lang='grc' dir='ltr'>Διὰ</span> <span class='ocrx_word' id='word_1_94' title='bbox 325 1482 356 1543; x_wconf 80' lang='grc' dir='ltr'>τί</span> <span class='ocrx_word' id='word_1_95' title='bbox 380 1481 513 1556; x_wconf 76' lang='grc' dir='ltr'><em>οὐδαμοῦ</em></span> <span class='ocrx_word' id='word_1_96' title='bbox 540 1487 594 1552; x_wconf 76' lang='grc' dir='ltr'>τῆς</span> <span class='ocrx_word' id='word_1_97' title='bbox 620 1481 764 1552; x_wconf 73' lang='grc' dir='ltr'><em>ποιήσεως</em></span> <span class='ocrx_word' id='word_1_98' title='bbox 792 1519 833 1530; x_wconf 90' lang='lat'>·-</span> <span class='ocrx_word' id='word_1_99' title='bbox 860 1479 1016 1558; x_wconf 82' lang='lat' dir='ltr'>„iliadem</span> <span class='ocrx_word' id='word_1_100' title='bbox 1042 1479 1119 1544; x_wconf 89' lang='lat' dir='ltr'>dicit</span> <span class='ocrx_word' id='word_1_101' title='bbox 1129 1477 1155 1561; x_wconf 86' lang='lat'>,”</span> <span class='ocrx_word' id='word_1_102' title='bbox 1179 1485 1327 1544; x_wconf 85' lang='lat' dir='ltr'>monente</span> <span class='ocrx_word' id='word_1_103' title='bbox 1349 1477 1427 1542; x_wconf 91' lang='lat' dir='ltr'>Din-</span> <span class='ocrx_word' id='word_1_104' title='bbox 1499 1499 1504 1509; x_wconf 93' lang='grc'><strong><em>·</em></strong></span> 
     </span>
     <span class='ocr_line' id='line_1_12' title="bbox 237 1584 1427 1666; baseline -0.003 -15"><span class='ocrx_word' id='word_1_105' title='bbox 237 1584 349 1662; x_wconf 75' lang='lat' dir='ltr'>dontio,</span> <span class='ocrx_word' id='word_1_106' title='bbox 378 1623 418 1634; x_wconf 94' lang='lat'><em>-</em></span> <span class='ocrx_word' id='word_1_107' title='bbox 450 1593 586 1666; x_wconf 77' lang='grc' dir='ltr'><em>χριοτοῖς</em></span> <span class='ocrx_word' id='word_1_108' title='bbox 621 1584 746 1662; x_wconf 75' lang='grc' dir='ltr'><em>βέλεσιν</em></span> <span class='ocrx_word' id='word_1_109' title='bbox 781 1584 871 1650; x_wconf 77' lang='grc' dir='ltr'><em>εἶπε</em></span> <span class='ocrx_word' id='word_1_110' title='bbox 906 1587 1038 1666; x_wconf 78' lang='grc' dir='ltr'><em>χρῆσθαι</em></span> <span class='ocrx_word' id='word_1_111' title='bbox 1075 1585 1167 1656; x_wconf 84' lang='grc' dir='ltr'><em>τοὺς</em></span> <span class='ocrx_word' id='word_1_112' title='bbox 1207 1586 1427 1659; x_wconf 79' lang='grc' dir='ltr'><em>πολεμίους</em></span> 
     </span>
     <span class='ocr_line' id='line_1_13' title="bbox 238 1673 1428 1776; baseline -0.003 -20"><span class='ocrx_word' id='word_1_113' title='bbox 238 1694 322 1756; x_wconf 80' lang='grc' dir='ltr'><em>εἴτε</em></span> <span class='ocrx_word' id='word_1_114' title='bbox 359 1693 452 1763; x_wconf 85' lang='grc' dir='ltr'><em>τοὺς</em></span> <span class='ocrx_word' id='word_1_115' title='bbox 489 1697 788 1776; x_wconf 75' lang='grc' dir='ltr'>πολεμοῦντας,</span> <span class='ocrx_word' id='word_1_116' title='bbox 816 1692 900 1758; x_wconf 72' lang='grc' dir='ltr'>ἀλλ’</span> <span class='ocrx_word' id='word_1_117' title='bbox 937 1695 961 1757; x_wconf 84' lang='lat' dir='ltr'>ci</span> <span class='ocrx_word' id='word_1_118' title='bbox 998 1673 1195 1756; x_wconf 60' lang='grc' dir='ltr'><em>πολλοὶπῶν</em></span> <span class='ocrx_word' id='word_1_119' title='bbox 1227 1690 1428 1766; x_wconf 79' lang='grc' dir='ltr'><em>τοξευομέναν</em></span> 
     </span>
     <span class='ocr_line' id='line_1_14' title="bbox 240 1798 1432 1879; baseline -0.001 -17"><span class='ocrx_word' id='word_1_120' title='bbox 240 1798 436 1879; x_wconf 77' lang='grc' dir='ltr'><em>διασώζονται</em></span> <span class='ocrx_word' id='word_1_121' title='bbox 469 1799 520 1862; x_wconf 75' lang='grc' dir='ltr'>καὶ</span> <span class='ocrx_word' id='word_1_122' title='bbox 546 1805 603 1861; x_wconf 82' lang='grc' dir='ltr'>τῶν</span> <span class='ocrx_word' id='word_1_123' title='bbox 628 1803 735 1877; x_wconf 78' lang='grc' dir='ltr'><em>Τρώων</em></span> <span class='ocrx_word' id='word_1_124' title='bbox 760 1801 811 1863; x_wconf 73' lang='grc' dir='ltr'>καὶ</span> <span class='ocrx_word' id='word_1_125' title='bbox 837 1807 894 1864; x_wconf 80' lang='grc' dir='ltr'>τῶν</span> <span class='ocrx_word' id='word_1_126' title='bbox 918 1799 1093 1873; x_wconf 60' lang='lat' dir='ltr'>&#39;Eiarinon</span> <span class='ocrx_word' id='word_1_127' title='bbox 1119 1798 1211 1878; x_wconf 88' lang='lat' dir='ltr'>Quod</span> <span class='ocrx_word' id='word_1_128' title='bbox 1234 1799 1287 1863; x_wconf 88' lang='lat' dir='ltr'>hic</span> <span class='ocrx_word' id='word_1_129' title='bbox 1311 1799 1432 1863; x_wconf 83' lang='lat' dir='ltr'>dicitnr</span> 
     </span>
     <span class='ocr_line' id='line_1_15' title="bbox 240 1901 1432 1991; baseline -0.003 -22"><span class='ocrx_word' id='word_1_130' title='bbox 240 1901 328 1987; x_wconf 78' lang='grc' dir='ltr'><em>εἴτε,</em></span> <span class='ocrx_word' id='word_1_131' title='bbox 350 1905 382 1968; x_wconf 94' lang='lat' dir='ltr'>id</span> <span class='ocrx_word' id='word_1_132' title='bbox 402 1907 436 1969; x_wconf 91' lang='lat' dir='ltr'>in</span> <span class='ocrx_word' id='word_1_133' title='bbox 455 1904 661 1968; x_wconf 81' lang='lat' dir='ltr'>contractiore</span> <span class='ocrx_word' id='word_1_134' title='bbox 681 1902 809 1970; x_wconf 86' lang='lat' dir='ltr'>Scholio</span> <span class='ocrx_word' id='word_1_135' title='bbox 830 1926 885 1991; x_wconf 91' lang='lat' dir='ltr'>per</span> <span class='ocrx_word' id='word_1_136' title='bbox 905 1906 983 1986; x_wconf 74' lang='grc' dir='ltr'>Φησὶ</span> <span class='ocrx_word' id='word_1_137' title='bbox 1004 1904 1165 1969; x_wconf 91' lang='lat' dir='ltr'>redditum</span> <span class='ocrx_word' id='word_1_138' title='bbox 1188 1907 1283 1970; x_wconf 89' lang='lat' dir='ltr'>fuisse</span> <span class='ocrx_word' id='word_1_139' title='bbox 1300 1902 1432 1989; x_wconf 89' lang='lat' dir='ltr'>planum</span> 
     </span>
     <span class='ocr_line' id='line_1_16' title="bbox 241 2009 1433 2097; baseline -0.002 -21"><span class='ocrx_word' id='word_1_140' title='bbox 241 2018 298 2076; x_wconf 88' lang='lat' dir='ltr'>est.</span> <span class='ocrx_word' id='word_1_141' title='bbox 346 2009 406 2076; x_wconf 81' lang='lat' dir='ltr'>Sed</span> <span class='ocrx_word' id='word_1_142' title='bbox 438 2012 615 2074; x_wconf 89' lang='lat' dir='ltr'>miserrime</span> <span class='ocrx_word' id='word_1_143' title='bbox 644 2009 788 2076; x_wconf 88' lang='lat' dir='ltr'>laborant</span> <span class='ocrx_word' id='word_1_144' title='bbox 818 2033 854 2076; x_wconf 88' lang='lat' dir='ltr'>aa</span> <span class='ocrx_word' id='word_1_145' title='bbox 878 2032 957 2097; x_wconf 87' lang='lat' dir='ltr'>quae</span> <span class='ocrx_word' id='word_1_146' title='bbox 980 2016 1166 2095; x_wconf 89' lang='lat' dir='ltr'>sequuntur.</span> <span class='ocrx_word' id='word_1_147' title='bbox 1213 2011 1297 2092; x_wconf 83' lang='lat' dir='ltr'>Nem</span> <span class='ocrx_word' id='word_1_148' title='bbox 1323 2010 1433 2075; x_wconf 90' lang='lat' dir='ltr'>bellis-</span> 
     </span>
     <span class='ocr_line' id='line_1_17' title="bbox 241 2114 1435 2197; baseline -0.001 -16"><span class='ocrx_word' id='word_1_149' title='bbox 241 2121 362 2182; x_wconf 87' lang='lat' dir='ltr'>simum</span> <span class='ocrx_word' id='word_1_150' title='bbox 386 2136 459 2180; x_wconf 83' lang='lat' dir='ltr'>sane</span> <span class='ocrx_word' id='word_1_151' title='bbox 480 2127 528 2180; x_wconf 90' lang='lat' dir='ltr'>est</span> <span class='ocrx_word' id='word_1_152' title='bbox 546 2115 646 2180; x_wconf 90' lang='lat' dir='ltr'>illud:</span> <span class='ocrx_word' id='word_1_153' title='bbox 670 2125 808 2196; x_wconf 79' lang='grc' dir='ltr'><em>χριπποῖς</em></span> <span class='ocrx_word' id='word_1_154' title='bbox 830 2118 938 2196; x_wconf 67' lang='grc' dir='ltr'><em>βέλεσι</em></span> <span class='ocrx_word' id='word_1_155' title='bbox 959 2114 1027 2182; x_wconf 84' lang='grc' dir='ltr'><em>εἷπε</em></span> <span class='ocrx_word' id='word_1_156' title='bbox 1047 2118 1179 2197; x_wconf 71' lang='grc' dir='ltr'><em>χρῆσθαι</em></span> <span class='ocrx_word' id='word_1_157' title='bbox 1204 2118 1297 2185; x_wconf 81' lang='grc' dir='ltr'><em>τοὺς</em></span> <span class='ocrx_word' id='word_1_158' title='bbox 1321 2133 1435 2181; x_wconf 77' lang='grc' dir='ltr'><em>πολε-</em></span> 
     </span>
     <span class='ocr_line' id='line_1_18' title="bbox 241 2223 1433 2308; baseline 0.001 -21"><span class='ocrx_word' id='word_1_159' title='bbox 241 2226 359 2302; x_wconf 76' lang='grc' dir='ltr'><em>μίους</em></span> <span class='ocrx_word' id='word_1_160' title='bbox 395 2225 479 2286; x_wconf 75' lang='grc' dir='ltr'><em>εἴτε</em></span> <span class='ocrx_word' id='word_1_161' title='bbox 514 2223 605 2293; x_wconf 83' lang='grc' dir='ltr'><em>τοὺς</em></span> <span class='ocrx_word' id='word_1_162' title='bbox 640 2231 943 2301; x_wconf 80' lang='grc' dir='ltr'><em>πολεμοῦντας,</em></span> <span class='ocrx_word' id='word_1_163' title='bbox 981 2227 1071 2308; x_wconf 82' lang='lat' dir='ltr'>qussi</span> <span class='ocrx_word' id='word_1_164' title='bbox 1108 2223 1210 2288; x_wconf 89' lang='lat' dir='ltr'>dicas:</span> <span class='ocrx_word' id='word_1_165' title='bbox 1243 2225 1339 2287; x_wconf 73' lang='grc' dir='ltr'><em>Ιιοιίιιο</em></span> <span class='ocrx_word' id='word_1_166' title='bbox 1368 2225 1433 2288; x_wconf 70' lang='lat' dir='ltr'>eive</span> 
     </span>
     <span class='ocr_line' id='line_1_19' title="bbox 241 2313 1432 2415; baseline 0.002 -23"><span class='ocrx_word' id='word_1_167' title='bbox 241 2330 417 2394; x_wconf 82' lang='lat' dir='ltr'>bellatores!</span> <span class='ocrx_word' id='word_1_168' title='bbox 449 2329 502 2393; x_wconf 87' lang='lat' dir='ltr'>Au</span> <span class='ocrx_word' id='word_1_169' title='bbox 526 2313 629 2415; x_wconf 57' lang='lat' dir='ltr'>igitur:</span> <span class='ocrx_word' id='word_1_170' title='bbox 651 2333 738 2413; x_wconf 89' lang='lat' dir='ltr'>optio</span> <span class='ocrx_word' id='word_1_171' title='bbox 762 2332 890 2396; x_wconf 82' lang='lat' dir='ltr'>dubitur</span> <span class='ocrx_word' id='word_1_172' title='bbox 912 2334 996 2396; x_wconf 88' lang='lat' dir='ltr'>inter</span> <span class='ocrx_word' id='word_1_173' title='bbox 1018 2332 1088 2400; x_wconf 83' lang='grc' dir='ltr'><em>τοὺς</em></span> <span class='ocrx_word' id='word_1_174' title='bbox 1113 2331 1279 2405; x_wconf 75' lang='grc' dir='ltr'><em>πολεμίους</em></span> <span class='ocrx_word' id='word_1_175' title='bbox 1305 2335 1338 2394; x_wconf 89' lang='lat' dir='ltr'>et</span> <span class='ocrx_word' id='word_1_176' title='bbox 1361 2330 1432 2400; x_wconf 77' lang='grc' dir='ltr'><em>τοὺς</em></span> 
     </span>
     <span class='ocr_line' id='line_1_20' title="bbox 242 2433 1433 2522; baseline 0 -22"><span class='ocrx_word' id='word_1_177' title='bbox 242 2433 476 2512; x_wconf 57' lang='lat' dir='ltr'>consociarer?</span> <span class='ocrx_word' id='word_1_178' title='bbox 519 2434 560 2498; x_wconf 75' lang='lat' dir='ltr'>us</span> <span class='ocrx_word' id='word_1_179' title='bbox 584 2455 640 2500; x_wconf 89' lang='lat' dir='ltr'>cur</span> <span class='ocrx_word' id='word_1_180' title='bbox 671 2434 799 2502; x_wconf 79' lang='lat' dir='ltr'>Troiani</span> <span class='ocrx_word' id='word_1_181' title='bbox 831 2435 1020 2502; x_wconf 86' lang='lat' dir='ltr'>bellatorum</span> <span class='ocrx_word' id='word_1_182' title='bbox 1053 2438 1180 2500; x_wconf 92' lang='lat' dir='ltr'>nomine</span> <span class='ocrx_word' id='word_1_183' title='bbox 1212 2437 1338 2522; x_wconf 79' lang='lat' dir='ltr'>indigni</span> <span class='ocrx_word' id='word_1_184' title='bbox 1362 2455 1433 2500; x_wconf 90' lang='lat' dir='ltr'>oen·</span> 
     </span>
     <span class='ocr_line' id='line_1_21' title="bbox 240 2540 1431 2630; baseline -0.003 -21"><span class='ocrx_word' id='word_1_185' title='bbox 240 2544 329 2610; x_wconf 88' lang='lat' dir='ltr'>sendi</span> <span class='ocrx_word' id='word_1_186' title='bbox 352 2544 469 2608; x_wconf 77' lang='lat' dir='ltr'>erunt?</span> <span class='ocrx_word' id='word_1_187' title='bbox 516 2540 578 2606; x_wconf 85' lang='lat' dir='ltr'>Sed</span> <span class='ocrx_word' id='word_1_188' title='bbox 609 2545 674 2607; x_wconf 83' lang='lat' dir='ltr'>iem</span> <span class='ocrx_word' id='word_1_189' title='bbox 707 2547 820 2608; x_wconf 87' lang='lat' dir='ltr'>missas</span> <span class='ocrx_word' id='word_1_190' title='bbox 852 2544 1006 2608; x_wconf 80' lang='lat' dir='ltr'>iaciamus</span> <span class='ocrx_word' id='word_1_191' title='bbox 1035 2543 1180 2630; x_wconf 79' lang='lat' dir='ltr'>argutias</span> <span class='ocrx_word' id='word_1_192' title='bbox 1209 2549 1241 2606; x_wconf 94' lang='lat' dir='ltr'>et</span> <span class='ocrx_word' id='word_1_193' title='bbox 1265 2541 1431 2628; x_wconf 81' lang='lat' dir='ltr'>legamus:</span> 
     </span>
     <span class='ocr_line' id='line_1_22' title="bbox 239 2644 1430 2730; baseline -0.002 -15"><span class='ocrx_word' id='word_1_194' title='bbox 239 2653 291 2716; x_wconf 75' lang='grc' dir='ltr'>διὰ</span> <span class='ocrx_word' id='word_1_195' title='bbox 319 2652 351 2714; x_wconf 76' lang='grc' dir='ltr'>τί</span> <span class='ocrx_word' id='word_1_196' title='bbox 378 2649 512 2724; x_wconf 76' lang='grc' dir='ltr'><em>οὐδαμοῦ</em></span> <span class='ocrx_word' id='word_1_197' title='bbox 536 2658 591 2722; x_wconf 81' lang='grc' dir='ltr'>τῆς</span> <span class='ocrx_word' id='word_1_198' title='bbox 625 2650 768 2723; x_wconf 68' lang='grc' dir='ltr'><em>ποιήσεως</em></span> <span class='ocrx_word' id='word_1_199' title='bbox 802 2659 939 2730; x_wconf 78' lang='grc' dir='ltr'><em>χοιοποῖς</em></span> <span class='ocrx_word' id='word_1_200' title='bbox 970 2649 1096 2725; x_wconf 75' lang='grc' dir='ltr'><em>βέλεσιν</em></span> <span class='ocrx_word' id='word_1_201' title='bbox 1129 2644 1197 2713; x_wconf 79' lang='grc' dir='ltr'><em>εἷπε</em></span> <span class='ocrx_word' id='word_1_202' title='bbox 1227 2651 1362 2730; x_wconf 76' lang='grc' dir='ltr'><em>χρῆσθαι</em></span> <span class='ocrx_word' id='word_1_203' title='bbox 1390 2687 1430 2697; x_wconf 87' lang='lat'>-</span> 
     </span>
     <span class='ocr_line' id='line_1_23' title="bbox 244 2754 1434 2841; baseline -0.003 -18"><span class='ocrx_word' id='word_1_204' title='bbox 244 2756 378 2823; x_wconf 79' lang='lat' dir='ltr'>malim:</span> <span class='ocrx_word' id='word_1_205' title='bbox 422 2758 650 2834; x_wconf 71' lang='grc' dir='ltr'><em>κεχρῆσθαι</em></span> <span class='ocrx_word' id='word_1_206' title='bbox 694 2795 734 2804; x_wconf 96' lang='grc'>-</span> <span class='ocrx_word' id='word_1_207' title='bbox 775 2755 909 2841; x_wconf 84' lang='grc' dir='ltr'><em>(οὔτε)</em></span> <span class='ocrx_word' id='word_1_208' title='bbox 955 2757 1048 2826; x_wconf 83' lang='grc' dir='ltr'><em>τοὺς</em></span> <span class='ocrx_word' id='word_1_209' title='bbox 1094 2754 1434 2832; x_wconf 81' lang='grc' dir='ltr'><em>πολεμουμένους</em></span> 
     </span>
     <span class='ocr_line' id='line_1_24' title="bbox 241 2861 1433 2948; baseline -0.003 -19"><span class='ocrx_word' id='word_1_210' title='bbox 241 2863 331 2929; x_wconf 80' lang='grc' dir='ltr'><em>οὔτε</em></span> <span class='ocrx_word' id='word_1_211' title='bbox 366 2862 457 2932; x_wconf 85' lang='grc' dir='ltr'><em>τοὺς</em></span> <span class='ocrx_word' id='word_1_212' title='bbox 489 2867 793 2938; x_wconf 77' lang='grc' dir='ltr'><em>ποοεμοῦντας,</em></span> <span class='ocrx_word' id='word_1_213' title='bbox 825 2864 940 2948; x_wconf 91' lang='lat' dir='ltr'>quibus</span> <span class='ocrx_word' id='word_1_214' title='bbox 973 2867 1118 2927; x_wconf 76' lang='lat' dir='ltr'>accurate</span> <span class='ocrx_word' id='word_1_215' title='bbox 1141 2861 1330 2945; x_wconf 83' lang='lat' dir='ltr'>respondent</span> <span class='ocrx_word' id='word_1_216' title='bbox 1353 2882 1433 2946; x_wconf 87' lang='lat' dir='ltr'>quae</span> 
     </span>
     <span class='ocr_line' id='line_1_25' title="bbox 241 2970 1433 3052; baseline -0.002 -17"><span class='ocrx_word' id='word_1_217' title='bbox 241 2973 352 3036; x_wconf 80' lang='lat' dir='ltr'>statim</span> <span class='ocrx_word' id='word_1_218' title='bbox 376 2975 568 3052; x_wconf 85' lang='lat' dir='ltr'>sequuntur:</span> <span class='ocrx_word' id='word_1_219' title='bbox 594 2971 701 3032; x_wconf 73' lang='grc' dir='ltr'><em>πολλοὶ</em></span> <span class='ocrx_word' id='word_1_220' title='bbox 733 3005 783 3018; x_wconf 90' lang='grc'>--</span> <span class='ocrx_word' id='word_1_221' title='bbox 807 2971 858 3034; x_wconf 74' lang='grc' dir='ltr'>καὶ</span> <span class='ocrx_word' id='word_1_222' title='bbox 884 2975 941 3033; x_wconf 82' lang='grc' dir='ltr'>τῶν</span> <span class='ocrx_word' id='word_1_223' title='bbox 966 2970 1073 3048; x_wconf 76' lang='grc' dir='ltr'><strong><em>Τρώων</em></strong></span> <span class='ocrx_word' id='word_1_224' title='bbox 1099 2971 1150 3032; x_wconf 75' lang='grc' dir='ltr'>καὶ</span> <span class='ocrx_word' id='word_1_225' title='bbox 1176 2974 1233 3032; x_wconf 83' lang='grc' dir='ltr'>τῶν</span> <span class='ocrx_word' id='word_1_226' title='bbox 1259 2970 1433 3042; x_wconf 76' lang='grc' dir='ltr'><em>Ἑλλήνων,</em></span> 
     </span>
     <span class='ocr_line' id='line_1_26' title="bbox 243 3073 1435 3162; baseline -0.004 -20"><span class='ocrx_word' id='word_1_227' title='bbox 243 3077 439 3162; x_wconf 87' lang='lat' dir='ltr'>oppositione</span> <span class='ocrx_word' id='word_1_228' title='bbox 469 3075 618 3138; x_wconf 88' lang='lat' dir='ltr'>omnibus</span> <span class='ocrx_word' id='word_1_229' title='bbox 650 3077 811 3140; x_wconf 83' lang='lat' dir='ltr'>veteribus</span> <span class='ocrx_word' id='word_1_230' title='bbox 843 3078 1065 3142; x_wconf 87' lang='lat' dir='ltr'>usitatissime.</span> <span class='ocrx_word' id='word_1_231' title='bbox 1115 3073 1200 3140; x_wconf 86' lang='lat' dir='ltr'>Nam</span> <span class='ocrx_word' id='word_1_232' title='bbox 1223 3081 1261 3139; x_wconf 89' lang='lat' dir='ltr'>ut</span> <span class='ocrx_word' id='word_1_233' title='bbox 1284 3077 1435 3140; x_wconf 85' lang='lat' dir='ltr'>omittam</span> 
     </span>
     <span class='ocr_line' id='line_1_27' title="bbox 243 3179 1436 3268; baseline -0.003 -21"><span class='ocrx_word' id='word_1_234' title='bbox 243 3180 560 3268; x_wconf 80' lang='lat' dir='ltr'>pervulgatissimum</span> <span class='ocrx_word' id='word_1_235' title='bbox 594 3179 675 3245; x_wconf 93' lang='lat' dir='ltr'>illud</span> <span class='ocrx_word' id='word_1_236' title='bbox 706 3181 957 3247; x_wconf 83' lang='lat' dir='ltr'>Sallustianum:</span> <span class='ocrx_word' id='word_1_237' title='bbox 992 3203 1114 3266; x_wconf 91' lang='lat' dir='ltr'>„neque</span> <span class='ocrx_word' id='word_1_238' title='bbox 1136 3190 1307 3265; x_wconf 67' lang='lat' dir='ltr'>reperentur</span> <span class='ocrx_word' id='word_1_239' title='bbox 1330 3183 1436 3268; x_wconf 82' lang='lat' dir='ltr'>magis</span> 
     </span>
     <span class='ocr_line' id='line_1_28' title="bbox 243 3287 1437 3376; baseline -0.003 -22"><span class='ocrx_word' id='word_1_240' title='bbox 243 3310 340 3374; x_wconf 86' lang='lat' dir='ltr'>quam</span> <span class='ocrx_word' id='word_1_241' title='bbox 372 3299 504 3368; x_wconf 71' lang='lat' dir='ltr'>reperent</span> <span class='ocrx_word' id='word_1_242' title='bbox 532 3287 640 3351; x_wconf 83' lang='lat' dir='ltr'>cesus”</span> <span class='ocrx_word' id='word_1_243' title='bbox 664 3287 749 3376; x_wconf 81' lang='lat' dir='ltr'>(lug.</span> <span class='ocrx_word' id='word_1_244' title='bbox 776 3289 831 3373; x_wconf 63' lang='lat'>15</span> <span class='ocrx_word' id='word_1_245' title='bbox 856 3291 900 3373; x_wconf 87' lang='lat'>5),</span> <span class='ocrx_word' id='word_1_246' title='bbox 924 3295 1051 3372; x_wconf 92' lang='lat' dir='ltr'>etpost</span> <span class='ocrx_word' id='word_1_247' title='bbox 1075 3287 1187 3374; x_wconf 85' lang='lat' dir='ltr'>paulo:</span> <span class='ocrx_word' id='word_1_248' title='bbox 1215 3292 1363 3365; x_wconf 85' lang='lat' dir='ltr'>„animus</span> <span class='ocrx_word' id='word_1_249' title='bbox 1386 3291 1437 3351; x_wconf 88' lang='lat' dir='ltr'>in-</span> 
     </span>
     <span class='ocr_line' id='line_1_29' title="bbox 243 3395 1436 3482; baseline -0.006 -17"><span class='ocrx_word' id='word_1_250' title='bbox 243 3403 427 3482; x_wconf 85' lang='lat' dir='ltr'>corruptus.</span> <span class='ocrx_word' id='word_1_251' title='bbox 464 3401 610 3458; x_wconf 88' lang='lat' dir='ltr'>aeternus</span> <span class='ocrx_word' id='word_1_252' title='bbox 635 3429 687 3443; x_wconf 91' lang='lat'>--</span> <span class='ocrx_word' id='word_1_253' title='bbox 712 3399 781 3481; x_wconf 80' lang='lat' dir='ltr'>egit</span> <span class='ocrx_word' id='word_1_254' title='bbox 816 3403 912 3478; x_wconf 88' lang='lat' dir='ltr'>atque</span> <span class='ocrx_word' id='word_1_255' title='bbox 929 3395 1031 3476; x_wconf 30' lang='lat' dir='ltr'>,dohet</span> <span class='ocrx_word' id='word_1_256' title='bbox 1065 3401 1196 3468; x_wconf 87' lang='lat' dir='ltr'>cuncte,</span> <span class='ocrx_word' id='word_1_257' title='bbox 1232 3415 1333 3480; x_wconf 88' lang='lat' dir='ltr'>neque</span> <span class='ocrx_word' id='word_1_258' title='bbox 1367 3397 1436 3478; x_wconf 85' lang='lat' dir='ltr'>ipse</span> 
     </span>
     <span class='ocr_line' id='line_1_30' title="bbox 242 3499 1437 3585; baseline -0.007 -15"><span class='ocrx_word' id='word_1_259' title='bbox 242 3503 382 3570; x_wconf 52' lang='lat' dir='ltr'>habetest</span> <span class='ocrx_word' id='word_1_260' title='bbox 406 3499 450 3585; x_wconf 87' lang='grc' dir='ltr'>(ΙΙ</span> <span class='ocrx_word' id='word_1_261' title='bbox 473 3499 548 3584; x_wconf 63' lang='lat' dir='ltr'>§dt</span> <span class='ocrx_word' id='word_1_262' title='bbox 576 3503 654 3564; x_wconf 92' lang='lat' dir='ltr'>item</span> <span class='ocrx_word' id='word_1_263' title='bbox 679 3503 783 3564; x_wconf 86' lang='lat' dir='ltr'>simite</span> <span class='ocrx_word' id='word_1_264' title='bbox 806 3500 1067 3566; x_wconf 69' lang='lat' dir='ltr'>ciceronianum:</span> <span class='ocrx_word' id='word_1_265' title='bbox 1090 3500 1224 3584; x_wconf 62' lang='lat' dir='ltr'>„Habea</span> <span class='ocrx_word' id='word_1_266' title='bbox 1246 3521 1308 3564; x_wconf 92' lang='lat' dir='ltr'>non</span> <span class='ocrx_word' id='word_1_267' title='bbox 1328 3501 1437 3563; x_wconf 79' lang='lat' dir='ltr'>debeor</span> 
     </span>
     <span class='ocr_line' id='line_1_31' title="bbox 242 3605 1436 3692; baseline -0.004 -17"><span class='ocrx_word' id='word_1_268' title='bbox 242 3609 404 3680; x_wconf 78' lang='lat' dir='ltr'>ahaide&#39;&#39;</span> <span class='ocrx_word' id='word_1_269' title='bbox 430 3606 495 3691; x_wconf 84' lang='lat' dir='ltr'>(dd</span> <span class='ocrx_word' id='word_1_270' title='bbox 519 3605 641 3670; x_wconf 85' lang='lat' dir='ltr'>Fsmm.</span> <span class='ocrx_word' id='word_1_271' title='bbox 668 3605 724 3682; x_wconf 83' lang='lat' dir='ltr'>IX,</span> <span class='ocrx_word' id='word_1_272' title='bbox 750 3605 792 3670; x_wconf 76' lang='lat'>26</span> <span class='ocrx_word' id='word_1_273' title='bbox 816 3609 834 3691; x_wconf 65' lang='grc' dir='ltr'>ξ</span> <span class='ocrx_word' id='word_1_274' title='bbox 859 3606 891 3692; x_wconf 84' lang='grc'>6)</span> <span class='ocrx_word' id='word_1_275' title='bbox 904 3627 912 3684; x_wconf 88' lang='grc'><strong>;</strong></span> <span class='ocrx_word' id='word_1_276' title='bbox 937 3628 976 3671; x_wconf 90' lang='lat' dir='ltr'>ne</span> <span class='ocrx_word' id='word_1_277' title='bbox 1000 3626 1246 3672; x_wconf 87' lang='lat' dir='ltr'>commemorem</span> <span class='ocrx_word' id='word_1_278' title='bbox 1267 3610 1436 3671; x_wconf 87' lang='lat' dir='ltr'>innumera</span> 
     </span>
     <span class='ocr_line' id='line_1_32' title="bbox 243 3710 1436 3798; baseline -0.008 -14"><span class='ocrx_word' id='word_1_279' title='bbox 243 3717 381 3798; x_wconf 82' lang='lat' dir='ltr'>Graeco,</span> <span class='ocrx_word' id='word_1_280' title='bbox 402 3713 441 3779; x_wconf 84' lang='lat' dir='ltr'>ab</span> <span class='ocrx_word' id='word_1_281' title='bbox 462 3711 632 3776; x_wconf 85' lang='lat' dir='ltr'>Homerico</span> <span class='ocrx_word' id='word_1_282' title='bbox 651 3713 741 3777; x_wconf 88' lang='lat' dir='ltr'>inde:</span> <span class='ocrx_word' id='word_1_283' title='bbox 766 3712 938 3789; x_wconf 61' lang='lat' dir='ltr'>„idcircor</span> <span class='ocrx_word' id='word_1_284' title='bbox 957 3736 991 3776; x_wconf 92' lang='grc' dir='ltr'>τε</span> <span class='ocrx_word' id='word_1_285' title='bbox 1008 3713 1059 3776; x_wconf 71' lang='grc' dir='ltr'>καὶ</span> <span class='ocrx_word' id='word_1_286' title='bbox 1074 3712 1270 3788; x_wconf 53' lang='lat' dir='ltr'>dicundumst</span> <span class='ocrx_word' id='word_1_287' title='bbox 1284 3733 1383 3796; x_wconf 87' lang='lat' dir='ltr'>usque</span> <span class='ocrx_word' id='word_1_288' title='bbox 1395 3710 1436 3775; x_wconf 79' lang='lat' dir='ltr'>ud</span> 
     </span>
     <span class='ocr_line' id='line_1_33' title="bbox 243 3819 1437 3906; baseline -0.005 -16"><span class='ocrx_word' id='word_1_289' title='bbox 243 3822 410 3898; x_wconf 84' lang='lat' dir='ltr'>Heracliti,</span> <span class='ocrx_word' id='word_1_290' title='bbox 419 3819 659 3906; x_wconf 80' lang='lat' dir='ltr'>Allegorisrum</span> <span class='ocrx_word' id='word_1_291' title='bbox 668 3819 914 3884; x_wconf 84' lang='lat' dir='ltr'>Homericsrum</span> <span class='ocrx_word' id='word_1_292' title='bbox 924 3820 1086 3904; x_wconf 88' lang='lat' dir='ltr'>scriptoris</span> <span class='ocrx_word' id='word_1_293' title='bbox 1098 3821 1300 3904; x_wconf 83' lang='lat' dir='ltr'>ineptissimi,</span> <span class='ocrx_word' id='word_1_294' title='bbox 1311 3821 1437 3902; x_wconf 79' lang='lat' dir='ltr'>saepius</span> 
     </span>
     <span class='ocr_line' id='line_1_34' title="bbox 244 3921 1439 4017; baseline -0.009 -19"><span class='ocrx_word' id='word_1_295' title='bbox 244 3932 415 4017; x_wconf 84' lang='lat' dir='ltr'>repetitum</span> <span class='ocrx_word' id='word_1_296' title='bbox 448 3927 661 4001; x_wconf 77' lang='grc' dir='ltr'><em>καταλαμπον</em></span> <span class='ocrx_word' id='word_1_297' title='bbox 689 3933 754 4006; x_wconf 83' lang='grc' dir='ltr'>φῶς</span> <span class='ocrx_word' id='word_1_298' title='bbox 780 3933 812 3990; x_wconf 86' lang='lat' dir='ltr'>et</span> <span class='ocrx_word' id='word_1_299' title='bbox 836 3925 1123 4002; x_wconf 66' lang='grc' dir='ltr'><em>καταλαμπόμενος</em></span> <span class='ocrx_word' id='word_1_300' title='bbox 1150 3929 1242 4000; x_wconf 75' lang='grc' dir='ltr'><em>τόπος</em></span> <span class='ocrx_word' id='word_1_301' title='bbox 1269 3927 1306 4014; x_wconf 91' lang='lat' dir='ltr'>(c.</span> <span class='ocrx_word' id='word_1_302' title='bbox 1334 3921 1439 3988; x_wconf 84' lang='lat' dir='ltr'>XLVI</span> 
     </span>
     <span class='ocr_line' id='line_1_35' title="bbox 244 4030 1439 4124; baseline -0.003 -24"><span class='ocrx_word' id='word_1_303' title='bbox 244 4061 275 4124; x_wconf 87' lang='lat' dir='ltr'>p.</span> <span class='ocrx_word' id='word_1_304' title='bbox 301 4035 342 4102; x_wconf 80' lang='lat'>97</span> <span class='ocrx_word' id='word_1_305' title='bbox 368 4043 400 4100; x_wconf 90' lang='lat' dir='ltr'>et</span> <span class='ocrx_word' id='word_1_306' title='bbox 424 4032 467 4098; x_wconf 89' lang='grc'>98</span> <span class='ocrx_word' id='word_1_307' title='bbox 490 4032 618 4118; x_wconf 84' lang='lat' dir='ltr'>Mehl.)‚</span> <span class='ocrx_word' id='word_1_308' title='bbox 641 4053 743 4117; x_wconf 83' lang='lat' dir='ltr'>peuce</span> <span class='ocrx_word' id='word_1_309' title='bbox 765 4033 803 4098; x_wconf 91' lang='lat' dir='ltr'>de</span> <span class='ocrx_word' id='word_1_310' title='bbox 823 4031 936 4098; x_wconf 90' lang='lat' dir='ltr'>multis</span> <span class='ocrx_word' id='word_1_311' title='bbox 956 4052 995 4097; x_wconf 80' lang='lat' dir='ltr'>ex</span> <span class='ocrx_word' id='word_1_312' title='bbox 1014 4031 1080 4097; x_wconf 93' lang='lat' dir='ltr'>solo</span> <span class='ocrx_word' id='word_1_313' title='bbox 1100 4031 1279 4119; x_wconf 86' lang='lat' dir='ltr'>Porphyrio</span> <span class='ocrx_word' id='word_1_314' title='bbox 1292 4030 1439 4115; x_wconf 82' lang='lat' dir='ltr'>exempla</span> 
     </span>
     <span class='ocr_line' id='line_1_36' title="bbox 244 4138 1439 4227; baseline -0.006 -18"><span class='ocrx_word' id='word_1_315' title='bbox 244 4142 402 4225; x_wconf 75' lang='lat' dir='ltr'>excitabo,</span> <span class='ocrx_word' id='word_1_316' title='bbox 435 4159 514 4224; x_wconf 85' lang='lat' dir='ltr'>quse</span> <span class='ocrx_word' id='word_1_317' title='bbox 547 4139 764 4203; x_wconf 85' lang='lat' dir='ltr'>demonstrent</span> <span class='ocrx_word' id='word_1_318' title='bbox 795 4159 890 4223; x_wconf 88' lang='lat' dir='ltr'>quam</span> <span class='ocrx_word' id='word_1_319' title='bbox 924 4138 983 4202; x_wconf 93' lang='lat' dir='ltr'>hoc</span> <span class='ocrx_word' id='word_1_320' title='bbox 1006 4141 1214 4222; x_wconf 88' lang='lat' dir='ltr'>oppositionis</span> <span class='ocrx_word' id='word_1_321' title='bbox 1237 4159 1338 4227; x_wconf 81' lang='lat' dir='ltr'>genus</span> <span class='ocrx_word' id='word_1_322' title='bbox 1361 4139 1439 4202; x_wconf 89' lang='lat' dir='ltr'>huic</span> 
     </span>
     <span class='ocr_line' id='line_1_37' title="bbox 246 4245 1438 4336; baseline -0.006 -23"><span class='ocrx_word' id='word_1_323' title='bbox 246 4268 369 4336; x_wconf 89' lang='lat' dir='ltr'>quoque</span> <span class='ocrx_word' id='word_1_324' title='bbox 393 4247 490 4311; x_wconf 84' lang='lat' dir='ltr'>fuerit</span> <span class='ocrx_word' id='word_1_325' title='bbox 514 4245 710 4311; x_wconf 84' lang='lat' dir='ltr'>adamatum.</span> <span class='ocrx_word' id='word_1_326' title='bbox 760 4246 809 4310; x_wconf 87' lang='lat' dir='ltr'>Ad</span> <span class='ocrx_word' id='word_1_327' title='bbox 830 4245 876 4322; x_wconf 86' lang='grc' dir='ltr'>β,</span> <span class='ocrx_word' id='word_1_328' title='bbox 899 4245 939 4309; x_wconf 79' lang='grc'>51</span> <span class='ocrx_word' id='word_1_329' title='bbox 963 4245 1061 4309; x_wconf 83' lang='lat' dir='ltr'>dixit:</span> <span class='ocrx_word' id='word_1_330' title='bbox 1083 4248 1124 4325; x_wconf 79' lang='grc' dir='ltr'>τῷ</span> <span class='ocrx_word' id='word_1_331' title='bbox 1145 4247 1438 4323; x_wconf 72' lang='grc' dir='ltr'><em>ἡγεμονοῡντι,</em></span> 
     </span>
     <span class='ocr_line' id='line_1_38' title="bbox 246 4345 1436 4436; baseline -0.007 -16"><span class='ocrx_word' id='word_1_332' title='bbox 246 4356 304 4421; x_wconf 72' lang='grc' dir='ltr'>κᾶν</span> <span class='ocrx_word' id='word_1_333' title='bbox 328 4355 430 4431; x_wconf 72' lang='grc' dir='ltr'><em>ὀλίγον</em></span> <span class='ocrx_word' id='word_1_334' title='bbox 452 4349 484 4432; x_wconf 70' lang='grc' dir='ltr'>ᾖ,</span> <span class='ocrx_word' id='word_1_335' title='bbox 509 4351 648 4416; x_wconf 79' lang='grc' dir='ltr'><em>πείθεται</em></span> <span class='ocrx_word' id='word_1_336' title='bbox 666 4351 700 4414; x_wconf 83' lang='grc' dir='ltr'>τὸ</span> <span class='ocrx_word' id='word_1_337' title='bbox 721 4351 1055 4428; x_wconf 73' lang='grc' dir='ltr'><em>ἦγεμονούμενον</em></span> <span class='ocrx_word' id='word_1_338' title='bbox 1073 4351 1198 4424; x_wconf 72' lang='grc' dir='ltr'><em>πλῆθος.</em></span> <span class='ocrx_word' id='word_1_339' title='bbox 1219 4353 1278 4436; x_wconf 90' lang='lat' dir='ltr'>(ita</span> <span class='ocrx_word' id='word_1_340' title='bbox 1296 4370 1335 4414; x_wconf 88' lang='lat' dir='ltr'>ex</span> <span class='ocrx_word' id='word_1_341' title='bbox 1346 4345 1436 4426; x_wconf 84' lang='lat' dir='ltr'>HM,</span> 
     </span>
     <span class='ocr_line' id='line_1_39' title="bbox 243 4455 1439 4550; baseline -0.005 -25"><span class='ocrx_word' id='word_1_342' title='bbox 243 4485 274 4550; x_wconf 90' lang='lat' dir='ltr'>p.</span> <span class='ocrx_word' id='word_1_343' title='bbox 297 4461 340 4526; x_wconf 83' lang='lat'>80</span> <span class='ocrx_word' id='word_1_344' title='bbox 364 4460 385 4524; x_wconf 88' lang='lat' dir='ltr'>l.</span> <span class='ocrx_word' id='word_1_345' title='bbox 414 4459 466 4542; x_wconf 93' lang='lat'>10,</span> <span class='ocrx_word' id='word_1_346' title='bbox 494 4459 532 4522; x_wconf 93' lang='lat' dir='ltr'>ll</span> <span class='ocrx_word' id='word_1_347' title='bbox 560 4457 670 4543; x_wconf 87' lang='lat' dir='ltr'>Diud.)</span> <span class='ocrx_word' id='word_1_348' title='bbox 718 4455 752 4521; x_wconf 92' lang='lat' dir='ltr'>ln</span> <span class='ocrx_word' id='word_1_349' title='bbox 785 4457 877 4523; x_wconf 87' lang='lat' dir='ltr'>libris</span> <span class='ocrx_word' id='word_1_350' title='bbox 909 4457 975 4537; x_wconf 75' lang='grc' dir='ltr'>περὶ</span> <span class='ocrx_word' id='word_1_351' title='bbox 1010 4459 1134 4536; x_wconf 75' lang='grc' dir='ltr'><em>οὶποχῆς</em></span> <span class='ocrx_word' id='word_1_352' title='bbox 1159 4455 1332 4523; x_wconf 82' lang='lat' dir='ltr'>habemus:</span> <span class='ocrx_word' id='word_1_353' title='bbox 1359 4457 1439 4542; x_wconf 86' lang='grc' dir='ltr'><strong><em>(σνν-</em></strong></span> 
     </span>
    </p>
   </div>
   <div class='ocr_carea' id='block_1_3' title="bbox 0 0 1632 5136">
    <p class='ocr_par' dir='ltr' id='par_1_4' title="bbox 0 0 1632 5136">
     <span class='ocr_line' id='line_1_40' title="bbox 0 0 1632 5136; baseline 0 0"><span class='ocrx_word' id='word_1_354' title='bbox 0 0 1632 5136; x_wconf 95' lang='lat' dir='ltr'> </span> 
     </span>
    </p>
   </div>
  </div>
 </body>
</html>
