3232 5136
672 351 714 420 19

113 547 189 625 μέσον
228 548 270 620 εἰς
304 543 381 613 οἶκον
416 548 656 626 ἀνακομισθῆναι
692 548 744 613 τὸν
779 544 933 611 Ὀδυσσέα
970 541 1066 616 αἴτιος
1101 541 1230 622 γέγονεν
1269 540 1283 606 d

111 653 220 734 Ἥλιος,
259 654 331 730 τοιδι,Ι
375 653 642 736 περιλειπομένους
677 654 872 727 οέποκτεέναο.
932 650 994 718 Sed
1028 652 1127 717 etium
1160 671 1200 715 ex
1233 650 1285 716 his

113 763 204 828 verbis
225 761 410 830 foedissimo
431 761 560 828 msouls
580 766 628 828 est
648 761 802 846 eluendo,
819 781 899 848 quse
916 764 1019 825 totum
1041 757 1286 846 argumentandi

116 875 241 936 onorem
265 871 313 936 its
334 871 506 955 pervertit,
529 875 568 934 ut
591 872 726 956 scriptor
747 867 841 955 plone
863 865 998 952 ineptire
1020 864 1178 932 ridentur.
1202 862 1287 945 Quid

113 973 206 1042 enimi
235 975 350 1043 ldeone
381 977 487 1062 potuit
519 974 630 1042 Ulixes
661 975 824 1042 servandis
854 976 911 1058 iis,
942 974 999 1058 qui
1028 974 1062 1036 in
1084 971 1184 1058 ipsius
1206 990 1287 1037 neve

114 1087 201 1160 oront,
246 1084 389 1148 monime
418 1101 546 1168 operum
569 1081 659 1156 dere,
684 1086 819 1168 qooeiom
841 1078 896 1147 Sol
919 1099 1015 1146 osnes
1036 1078 1099 1143 fuit
1121 1097 1178 1142 our
1201 1076 1288 1142 solus

113 1189 291 1274 inpubium
313 1185 547 1256 reverteretur?
570 1187 629 1254 lut
651 1189 730 1254 hsoe
751 1185 887 1253 mirilioo
910 1206 984 1253 sune
1007 1182 1177 1252 oouelusio.
1219 1182 1290 1265 Qus

114 1291 308 1360 liberabimur
337 1297 592 1381 interpuuotione
614 1294 732 1360 melius
754 1295 928 1360 constitute
949 1297 982 1358 ot
1004 1290 1127 1357 duobus
1150 1288 1288 1358 literulis

115 1402 248 1484 repetitis.
281 1399 491 1468 scribendum
515 1408 580 1468 est:
606 1437 626 1452 ·
639 1437 659 1451 -
683 1411 739 1476 τῆς
771 1399 921 1481 σοιτιρρέας
952 1398 1121 1482 φροντίζειν
1152 1397 1287 1463 ἐδύνατο.

116 1503 248 1573 ἔπειτα
279 1511 348 1572 τοῦ
378 1507 467 1586 μένον
497 1509 540 1581 οἷς
570 1503 646 1574 οἷκον
671 1510 913 1587 ἀνακομισθῆναι
937 1506 988 1572 τὸν
1012 1503 1168 1571 Ὀδυσσέα
1192 1504 1288 1576 αἴτιοι

115 1611 228 1692 γέγονεν
258 1613 272 1679 δ
302 1611 409 1688 Ἥλιος
438 1631 522 1692 κτλ,
549 1621 582 1683 ot
604 1615 794 1700 rotondum,
819 1621 880 1680 tres
902 1633 1012 1680 esuses
1035 1613 1190 1680 edduosre
1211 1613 1288 1680 Por-

114 1719 266 1808 phyrium,
300 1741 357 1788 eur
393 1719 556 1789 Homerus
591 1743 643 1790 οοο
676 1725 747 1788 κατ’
779 1719 890 1802 έξσχδρν
921 1725 1149 1788 commemoret
1183 1717 1289 1786 Ulixis

112 1827 249 1913 ἑταίρους,
269 1827 385 1923 quiob
405 1828 527 1896 ferinus
547 1835 658 1898 oontre
677 1829 761 1897 Solis
778 1829 1097 1924 boroeeommissum
1107 1827 1288 1894 miserrimo

112 1935 263 2023 muirsgio
288 1937 468 2020 perierunt,
495 1935 534 2003 do
556 1935 755 2023 reliquorum
777 1937 911 2002 interitu
933 1955 1018 2000 nuno
1040 1931 1143 2000 silest.
1189 1931 1287 2000 Porro

113 2045 139 2104 et
156 2041 211 2107 boo
232 2041 428 2117 rotondum,
452 2045 624 2108 transitum
649 2064 688 2109 ex
711 2041 776 2110 olis
798 2041 837 2108 sd
861 2041 958 2108 olium
982 2039 1051 2107 lieri
1073 2061 1130 2127 per
1148 2042 1286 2128 pertinu-

114 2143 167 2211 lun
192 2145 320 2231 ἔπειτα,
352 2165 434 2234 queo
460 2147 482 2214 l.
516 2146 560 2213 20
583 2155 669 2228 reete
692 2149 810 2234 soripto
833 2153 898 2226 est,
922 2153 1029 2214 nostro
1052 2167 1177 2234 quoque
1198 2145 1285 2222 loeo,

113 2257 142 2316 ut
173 2251 249 2332 feei,
284 2254 525 2321 restituendum.
572 2253 700 2322 Horum
735 2260 844 2321 autem
879 2275 1047 2322 oeusmum
1081 2255 1186 2341 prims
1219 2257 1284 2338 est,

113 2359 182 2442 qood
211 2379 264 2426 eos
294 2361 396 2426 soeios
426 2363 566 2428 maxime
596 2363 752 2448 respicere
776 2360 933 2438 solemus,
958 2362 1014 2445 qui
1035 2360 1126 2426 nobie
1149 2359 1287 2445 proximi

114 2471 189 2546 sunt;
212 2465 330 2550 ultera,
355 2466 440 2552 quod
462 2467 514 2533 his
538 2487 662 2554 quoque
681 2471 774 2536 sooiis
801 2469 945 2544 omissis,
972 2465 1080 2532 Ulixis
1103 2465 1286 2532 infortuniis

114 2571 188 2655 qussi
210 2571 360 2639 eumelus
383 2575 536 2652 sesessit}
556 2577 667 2653 tertio,
690 2574 775 2660 quod
799 2595 908 2642 eorum
932 2593 1019 2640 mors
1037 2572 1128 2640 nobis
1145 2573 1287 2638 mexime

113 2675 287 2762 deplorando
307 2679 455 2759 videtur,
481 2683 537 2767 qui
559 2681 679 2749 servari
701 2685 884 2768 potuerunt,
908 2681 971 2746 nisi
989 2682 1052 2767 ipsi
1070 2678 1211 2747 stultitia
1229 2699 1288 2746 ouo

113 2783 140 2846 in
158 2783 352 2852 onlomitetes
375 2787 551 2854 irruissent.
583 2787 730 2854 Primam
752 2808 881 2854 esusom
905 2787 1105 2854 emendatum
1130 2787 1286 2854 dedimus.

113 2887 275 2958 Quodam
310 2893 469 2978 quomodo
504 2895 668 2984 intelliget
701 2894 915 2984 Porphyrius,
952 2893 1098 2982 exemplo
1132 2893 1285 2964 illustret.

111 2993 223 3080 Ωστσρ
251 2994 300 3066 οὖν
334 2997 378 3063 αν
406 3023 454 3073 τις
477 2999 597 3079 λέγοι
621 3003 764 3086 (ito,-
788 3002 873 3088 quod
903 2999 1085 3069 Dindorfius
1107 3001 1291 3070 dubitanter

114 3107 225 3170 tentum
245 3108 413 3192 proposuit
435 3109 471 3173 in
494 3108 780 3193 sdnotutione,-
799 3109 930 3175 omnino
951 3107 1125 3198 legendum
1148 3114 1197 3176 est
1218 3131 1290 3196 pro·

113 3207 143 3272 sl
160 3233 200 3284 τις
223 3211 356 3298 λέγει)
384 3211 407 3299 ¹)
432 3235 486 3280 του
510 3215 581 3288 τοὺς
605 3222 715 3295 Τρῶας
738 3215 910 3313 απολέσέαι
934 3213 1030 3282 αἴτιον
1054 3217 1209 3284 Ὀδυσσέα
1236 3240 1292 3296 γε·

113 3314 199 3384 soso
229 3321 272 3385 τὰ
302 3319 371 3399 περὶ
400 3318 452 3384 τδν
484 3319 576 3387 ἵππον
609 3319 896 3405 μηχανησάμενον,
928 3324 1028 3388 καίτοι
1056 3325 1115 3388 τῶν
1139 3325 1293 3391 πλσέστισν

114 3425 358 3503 τροαπολιιλέτυν
394 3427 452 3494 ὑπὸ
490 3427 684 3511 Ἀχιλλέως,
717 3427 955 3509 Νεοπτολέμου,
987 3429 1120 3505 Alassos
1151 3432 1203 3498 καὶ
1235 3438 1293 3500 τῶν

113 3539 207 3598 λοιπῶν
241 3531 387 3613 ἀριστέων
414 3571 455 3583 -
469 3572 510 3585 -
528 3573 570 3586 -
596 3533 689 3608 οὕτος
724 3536 885 3602 κιένταῦέα
910 3535 1010 3601 αἰτίου
1032 3542 1085 3603 τοῦ
1109 3537 1198 3615 μένον
1222 3540 1293 3604 ὑπο-

113 3637 229 3718 στρέψαι
259 3641 312 3704 rio
339 3640 496 3706 Ὀδυσσέα
531 3643 694 3721 γεγονότος
729 3643 834 3709 Ἡλίου
867 3641 989 3714 δικαίας
1023 3639 1108 3709 εἶπεν
1132 3643 1294 3726 ,μύτοὶρὸ
1333 3713 1338 3720 ,

113 3753 194 3810 τοῖσιν
221 3747 374 3829 ἀφείλετο
403 3745 545 3827 νόστιμον
578 3743 694 3831 ἦμαρ.”
716 3749 831 3791 W*
856 3747 1006 3815 ἔπειτα
1028 3751 1061 3816 οὐ
1081 3751 1205 3817 πάντων
1224 3765 1294 3820 κτλ.

115 3847 183 3918 l'oto
211 3859 319 3920 sutem
350 3853 430 3920 bose
463 3854 564 3922 ultore
591 3877 686 3923 oense
708 3862 740 3936 (n
764 3877 829 3924 ur.
854 3851 893 3920 ds
917 3881 946 3923 κ.
970 3856 1117 3936 μάλιστα
1140 3857 1162 3924 l.
1189 3857 1230 3923 11
1255 3858 1295 3925 sd

114 3975 168 4024 νσ.
202 3957 342 4038 νέστιμσν
371 3957 455 4041 ἦμαρ
488 3961 511 4027 l.
547 3961 606 4048 20)
635 3963 725 4030 obest
756 3983 774 4029 ο
804 3963 950 4030 Psrisino
979 3961 1019 4029 D.
1043 3962 1080 4029 ln
1102 3963 1295 4050 Hurloisno,

115 4081 197 4146 quem
226 4068 328 4155 igitur
357 4066 462 4133 solum
498 4067 614 4134 duoem
646 4067 822 4154 hebemus,
852 4074 926 4136 onte
956 4069 1295 4150 έπειτα,,1οσυιιοοοσ

115 4173 155 4234 tot
182 4171 347 4240 literarum
379 4174 513 4262 ospsn”‚
539 4181 618 4262 quot
641 4177 774 4243 suntin
796 4197 859 4243 uno
883 4178 1009 4244 oiroiter
1029 4197 1125 4245 versu
1146 4178 1295 4246 editionis

115 4331 292 4351 ξ.-

145 4431 166 4492 1)
181 4431 221 4484 ue
237 4433 275 4486 bie
291 4436 395 4486 usitetur
412 4437 487 4488 etism
506 4438 569 4504 epod
587 4438 679 4490 Attieos
696 4439 782 4490 herum
799 4437 973 4506 pertieulsrum
989 4437 1054 4487 ordo.
1072 4437 1122 4488 cfr.
1140 4437 1167 4488 Is.
1185 4439 1295 4504 undem,

117 4511 141 4560 td
156 4513 255 4584 impin
273 4517 407 4571 Μουσικὴ
426 4519 448 4582 1,
466 4519 494 4570 11
511 4523 523 4584 t
539 4522 562 4571 8.
