3232 5136
814 283 934 403 ον’

242 532 282 598 ad
306 557 346 616 α,
371 529 436 594 259
461 528 626 613 adscripta.
652 526 804 607 Ἀνατέριο
824 529 881 604 μὲν
899 526 1093 610 γράψαντες,
1111 533 1232 616 inquil,
1246 527 1427 606 λελθιιαμεν

239 642 274 704 τὸ
296 643 349 703 τοῦ
373 639 483 721 „erola
506 635 633 708 τθλνκα
650 634 702 698 καὶ
723 634 773 700 δύο
793 634 912 713 totae?
930 631 1002 716 ὅπερ
1023 637 1087 701 ἐστὶ
1108 637 1143 700 τὸ
1162 643 1276 716 πρῶτον
1288 636 1425 718 ζήτημα.

241 753 291 810 νῦν
322 746 352 810 δὲ
383 743 652 818 σκοτιθσιομεν
684 747 761 812 τῶς
793 742 846 805 καὶ
870 741 905 806 τὸ
928 743 1065 822 δεθτερον
1088 743 1123 809 τὸ
1146 747 1200 809 τοῦ
1226 745 1320 822 ,παρ’
1341 741 1425 806 Ἶλον

239 849 467 934 artaperses?
485 870 564 934 quae
583 851 739 914 sententia
756 868 817 913 non
836 848 963 914 videtur
982 853 1102 915 exitum
1127 853 1285 926 invenire,
1311 848 1427 934 quippe

239 980 318 1048 quae
348 962 380 1023 in
411 958 477 1022 his:
503 955 703 1031 σκοπήσομεν
728 961 806 1026 πῶς
832 978 903 1019 aar.
931 955 1083 1034 deriserat,
1108 957 1243 1024 verbum
1266 963 1338 1041 post
1362 961 1426 1026 τῶς

238 1067 469 1147 necessarium,
494 1101 535 1111 —
561 1060 693 1138 λύσομεν
730 1060 781 1127 val
812 1061 918 1126 simile
952 1062 1047 1147 quid,
1074 1101 1116 1139 -,
1140 1063 1305 1129 desideret.
1354 1062 1425 1128 Non

238 1175 378 1259 amplius
408 1169 612 1245 desiderabit,
650 1170 677 1232 si
692 1159 826 1233 'mutato
850 1175 977 1233 tantum
1001 1175 1133 1234 accentu
1157 1170 1348 1235 scribamus:
1374 1173 1425 1233 νῦν

236 1281 266 1345 δὲ
302 1275 570 1352 σκοτθσαμέν
605 1299 683 1344 τοις
715 1275 767 1338 καὶ
801 1276 834 1339 τὸ
866 1274 1015 1353 δεύτερον,
1052 1275 1322 1360 quemadmodum
1346 1296 1422 1340 v.c.

236 1386 320 1472 apud
351 1385 520 1450 Platonem
550 1385 584 1446 in
615 1381 783 1446 Phaedone
816 1403 843 1445 c.
869 1381 932 1445 XV
966 1382 1009 1467 (p.
1036 1381 1110 1466 700)
1134 1380 1278 1448 Socrates
1301 1384 1424 1467 inquit:

236 1490 475 1570 σκεψώμεθα
498 1491 528 1554 δὲ
549 1488 649 1552 αὐτὸ
669 1487 765 1566 τῇδέ
783 1501 925 1567 τριιτλ,
939 1496 971 1553 et
983 1489 1172 1554 itademum
1184 1494 1269 1554 recte
1281 1491 1426 1574 sequitur

235 1599 319 1685 apud
342 1605 500 1663 nostrum:
528 1597 582 1659 ιιοιθ
598 1599 706 1674 φαμεν
727 1593 832 1658 οὑτοσὶ
854 1593 1017 1664 λύοντες
1038 1600 1127 1668 caet..
1152 1595 1423 1680 quemadmodum

235 1687 445 1792 praecesserat
457 1703 592 1782 άιιοτέρω
605 1726 641 1775 μ.
654 1699 835 1780 γράψαντες
849 1715 867 1764 λ
879 1715 918 1764 ελ
929 1701 945 1763 θ
956 1725 974 1764 ιι
984 1725 1005 1764 α
1013 1724 1039 1777 μ
1048 1725 1062 1765 ε
1072 1727 1097 1766 ν.
1108 1701 1165 1767 'Ns
1177 1705 1210 1766 in
1223 1702 1345 1768 duabus
1357 1723 1426 1768 sen·

235 1815 345 1879 tentiis
365 1811 510 1895 deinceps
529 1809 615 1874 idem
636 1809 768 1872 verbum
790 1806 872 1871 λθειν
885 1813 1091 1891 compareret,
1104 1810 1150 1874 sic
1161 1811 1285 1875 variare
1298 1809 1424 1875 maluit.

277 1919 370 1994 Rem,
392 1917 430 1982 de
449 1936 511 2000 qua
529 1916 581 1980 hic
601 1917 678 2002 agit,
700 1917 765 1979 iam
786 1914 820 1978 in
840 1913 999 1998 superiore
1020 1915 1203 2000 quaestione
1215 1914 1268 2000 (ad
1282 1937 1328 1980 vs.
1342 1915 1422 1997 255)

234 2028 384 2113 tetigerat
395 2023 601 2108 Porphyrius.
615 2023 640 2085 εἰ
654 2022 718 2098 γάρ
731 2017 837 2092 θἿλος
850 2021 932 2091 θεοὺς
945 2019 1124 2103 σεβόμενος,
1134 2059 1176 2069 -
1187 2023 1290 2098 ,θεοὺς
1305 2023 1423 2098 νεμεσί-

233 2139 301 2215 ζετο
322 2133 386 2198 αἰὲν
407 2128 532 2200 θθντας”
551 2130 585 2192 in
605 2129 746 2193 Homero
764 2135 813 2192 est
829 2149 859 2191 v.
874 2125 957 2202 263,
972 2123 1061 2193 —‘rl
1074 2127 1242 2204 θανάσιμον
1255 2128 1423 2208 Φάρμακον

233 2244 287 2307 οὐκ
312 2239 419 2304 ἔδακεν
443 2233 604 2322 (Ulixi),t
625 2235 691 2305 δοὺς
713 2235 892 2313 Ἀγχίαλος
915 2232 1163 2312 ὁμολογουμένως
1182 2234 1220 2300 tv
1233 2235 1277 2308 εθη
1292 2237 1421 2315 άσεβθε.

230 2348 292 2415 Sed
312 2366 374 2411 non
394 2347 441 2409 est
460 2345 522 2416 ita,
545 2339 725 2426 Porphyrio
743 2338 866 2415 indice,
891 2347 985 2424 atque
1008 2340 1091 2406 illud
1114 2341 1214 2424 ,θεοὺς
1229 2341 1424 2424 ιεμεσθζετο”

231 2455 298 2520 Ilus
311 2448 534 2538 praetendebat
547 2451 684 2511 tantum.
706 2445 852 2530 Namque
865 2447 889 2508 εὶ
903 2442 937 2520 ἦν
949 2447 1064 2524 οὶσεβὲς
1077 2445 1111 2512 τὸ
1125 2446 1246 2525 διδόναι,
1260 2449 1374 2526 ἀσεβὲς
1388 2447 1422 2523 ἦν

234 2560 286 2624 καὶ
300 2559 335 2622 τὸ
348 2556 524 2630 κεκτῆσθαι,
539 2559 679 2618 attamen
692 2573 848 2617 venenum
865 2552 1046 2638 possidebat
1060 2560 1093 2618 et
1113 2553 1180 2620 Ilus
1197 2557 1273 2640 ipse.
1296 2555 1388 2620 Ἀλλ’
1408 2555 1422 2619 θ

234 2669 290 2745 μὲν
306 2663 390 2734 Ἶλος
404 2665 455 2727 οὐκ
470 2659 577 2728 ἔδωκε.
591 2659 661 2730 τοὺς
674 2660 756 2731 θεοὺς
768 2658 946 2736 φάμενος
961 2661 1192 2746 (praetendens)
1205 2664 1421 2741 εὐλαβεῖσθαι,

231 2775 244 2838 ὃ
282 2772 314 2836 δὲ
355 2768 535 2847 Ἀγχίαλος
570 2763 694 2842 ἔδωκεν,
730 2764 796 2829 οὐδὲ
828 2765 986 2842 εὐλαβθθνι
1020 2767 1143 2850 [πρὸς]
1176 2767 1231 2839 τὴν
1255 2769 1351 2844 δόσιν,
1376 2765 1420 2836 θ’τι

230 2881 296 2945 οὐδὲ
327 2879 381 2952 τὴν
413 2882 528 2946 κτῆσιν.
576 2872 638 2952 Qui
670 2893 744 2938 cum
770 2873 918 2937 omnibus
942 2871 1014 2936 aliis
1036 2874 1262 2958 scriptoribus,
1287 2897 1343 2940 nec
1366 2877 1419 2942 hic

228 2985 331 3052 solum
355 2983 408 3048 sed
433 2987 465 3046 et
488 2983 522 3044 in
542 2981 673 3044 caeteris
693 2982 762 3044 eius
783 2980 949 3063 operibus,
971 2979 1174 3056 εὐλαβεῖσθαι
1193 3002 1317 3066 semper
1336 2989 1421 3049 recte
1522 3035 1524 3044 ,

229 3114 304 3160 cum
336 3090 517 3154 accusativo
548 3089 681 3155 struxit.
711 3097 840 3150 etcum
865 3085 903 3149 de
926 3088 1067 3169 personis
1091 3107 1194 3152 sermo
1219 3095 1267 3153 est
1290 3095 1323 3153 ct
1346 3111 1420 3154 cum

229 3199 267 3264 de
299 3198 393 3262 rebus
424 3196 492 3259 vita
522 3193 722 3266 carentibus.
749 3188 776 3276 1)
808 3213 880 3256 eum
913 3213 976 3279 non
1008 3200 1086 3277 puto
1109 3193 1209 3258 semel
1231 3194 1283 3259 hic
1308 3217 1326 3260 a
1350 3217 1422 3264 con-

229 3303 396 3371 suetudine
419 3306 544 3384 recepta
566 3294 729 3364 deflectere
754 3298 908 3373 voluisse,
934 3297 988 3363 sed
1013 3305 1069 3363 aut
1093 3297 1165 3379 τρθς
1189 3321 1255 3366 esse
1272 3301 1423 3368 inducen-

231 3413 325 3494 dum,
349 3414 405 3475 aut
424 3411 542 3472 iterum
566 3409 600 3470 in
625 3403 811 3470 encliticam
837 3429 900 3476 τιος
924 3408 1128 3471 mutandum.
1154 3407 1180 3491 ²)

234 3537 404 3551 .....-—--

267 3617 291 3676 1)
308 3613 445 3665 Adscribarn
462 3613 516 3662 fidei
534 3611 653 3661 laniandae
670 3625 738 3658 causa
757 3609 822 3658 locos
839 3609 930 3674 aliquot
948 3626 976 3658 ex
994 3610 1062 3660 libris
1079 3611 1134 3674 οτιρθ
1151 3610 1258 3676 ἐποχῆς.
1276 3613 1350 3664 bibl
1364 3631 1384 3666 c.
1395 3618 1423 3666 8:

227 3707 249 3756 ιθ
270 3703 297 3754 dl
321 3701 412 3761 πάντες
431 3699 544 3752 θθθναντσ
563 3699 662 3762 amnas
681 3698 764 3760 θμνθας
783 3697 824 3748 καὶ
842 3697 993 3760 μνημονεθιιν
1011 3701 1043 3750 τὸ
1062 3701 1198 3766 σνμφθρσι,
1218 3701 1283 3753 obdis
1301 3699 1330 3752 ds
1349 3722 1425 3768 τριισ·

227 3794 321 3846 ιθθσντο
331 3797 413 3856 νθμιιιν,
423 3788 482 3843 ἀλλ’
493 3790 635 3856 αιίθιιιρθτοος
651 3790 693 3839 τθι
707 3789 750 3849 μὶν
761 3787 863 3850 ιθλαβ
872 3785 946 3840 οῧντ
955 3807 975 3850 ο,
989 3792 1024 3840 τά
1033 3790 1060 3841 dl
1069 3789 1200 3857 θιτραττον,
1210 3812 1256 3860 quo
1266 3796 1318 3846 loco
1327 3797 1425 3848 omnino

227 3903 281 3938 curn
299 3885 405 3935 Nanckio
421 3883 574 3949 expungenda
588 3885 644 3930 sunt
656 3885 706 3929 τθον
720 3877 879 3942 ἀπειρημένων
888 3885 941 3945 post
950 3882 985 3930 τά
994 3879 1038 3942 μθν
1047 3881 1099 3932 aba.
1110 3889 1134 3934 et
1143 3891 1192 3933 aas
1203 3885 1425 3947 προστεταγμένων

229 3983 281 4044 post
305 3973 436 4038 θτραττνν.
454 4001 488 4009 -
503 3971 556 4022 Lib.
577 3971 595 4020 l.
613 3987 632 4019 c.
652 3971 695 4020 85:
721 3969 762 4018 καὶ
781 3968 987 4030 edendas-los
1007 3975 1066 4032 rtis
1085 3975 1113 4023 ἰιι
1132 3979 1178 4032 τθς
1197 3975 1280 4037 στείρας
1300 3973 1425 4039 μάχην.

227 4095 261 4104 -
278 4055 835 4121 Ιιίθ).1σι42;καῖθμνῖςσθν(νθνάνθ),
856 4060 942 4122 Φασθν,
965 4063 1006 4110 ἐὰν
1033 4061 1263 4126 ιθλαβιρθθμεν
1288 4067 1427 4128 βρῶσιν,

227 4151 389 4215 θθονλάθιρμνν
414 4159 450 4216 τῷ
476 4143 521 4200 τοῦ
545 4150 621 4212 φθβνν
641 4148 784 4222 operatam
802 4178 836 4186 -
853 4149 904 4200 Lib.
925 4151 945 4200 1.
963 4169 982 4202 c.
1003 4155 1046 4204 ὅθι
1067 4153 1168 4203 ιιαθθλον
1188 4152 1214 4203 dl
1234 4153 1304 4217 θρθιθς
1324 4155 1338 4203 θ
1358 4151 1426 4206 Ἐτί-

228 4263 308 4308 ιισνρος
323 4243 428 4307 ’θφασιιεν
448 4237 653 4302 ιθλιιβιιτθσν
671 4236 730 4288 εἶναι
749 4237 873 4303 τρυφάν
892 4250 950 4289 κτλ.
970 4269 1002 4278 -
1022 4244 1072 4294 Lib,
1093 4245 1119 4295 11
1137 4261 1158 4294 c.
1176 4245 1216 4294 61.
1235 4244 1300 4305 μήτε
1319 4243 1426 4296 stadal-

229 4354 299 4394 νονς
318 4337 376 4394 τοῦς
394 4333 443 4384 dard
459 4337 507 4382 τθι
526 4335 624 4380 τσλλθν
643 4329 884 4392 τθλαβοθμενον
902 4341 961 4380 ιιτλ.
996 4334 1042 4382 Sed
1065 4334 1120 4382 nolo
1138 4335 1186 4384 ianr
1204 4336 1273 4400 plura
1291 4337 1424 4389 ermribcre

232 4423 257 4472 in
275 4437 301 4471 rs
318 4408 449 4469 manifesta.

260 4510 285 4570 2)
303 4509 366 4572 Πρθς
383 4506 515 4558 insiticium
528 4521 577 4554 esse
586 4503 658 4554 eliam
666 4521 694 4554 cs
703 4507 871 4563 confirmatur.
881 4505 957 4568 qnod,
966 4504 986 4553 si
995 4504 1211 4569 genninnmforst,
1223 4509 1429 4560 noannoeane
