3232 5136
797 333 896 429 ,aa

281 529 407 612 tempus
441 529 498 591 est.
535 524 682 590 Vidimus
716 525 893 592 Aristarchi
922 487 1130 610 sententiam,
1163 546 1237 592 eum
1268 547 1307 592 ax
1334 523 1482 592 Homeri

280 639 387 700 mente
417 655 486 734 non·
503 631 722 714 μονόφθαλμον
747 631 801 698 sed
824 631 1053 712 ἑτερόφθαλμον
1077 633 1189 717 fuisse,
1211 637 1319 698 nostro
1350 631 1483 698 scholio

280 745 391 808 inesse.
415 741 477 807 His
496 761 620 827 quoque
631 739 782 807 nonnulla
794 740 909 818 habeo,
924 760 1004 825 quae
1016 741 1176 806 adiiciam.
1190 739 1348 804 -Primum
1360 760 1401 805 cx
1413 739 1483 806 hoc

157 877 161 892 ,
280 847 334 916 vel
364 847 421 914 tali
452 856 617 934 praecepto
647 868 710 913 non
733 848 854 932 optima
877 845 1040 912 intellecto
1064 847 1146 911 mihi
1169 845 1298 912 fluxisse
1320 846 1483 913 videntur

281 977 361 1043 quac
391 954 595 1042 Phrynichus
625 956 659 1019 in
692 973 821 1020 summa
852 953 1009 1020 brevitate
1032 952 1203 1020 falsissima
1226 953 1264 1018 da
1288 955 1483 1020 Atticorum

280 1066 315 1129 in
349 1060 513 1128 vocabulis
547 1059 767 1139 μονόφθαλμος
805 1065 837 1125 et
871 1059 1100 1140 ἑτερόφθαλμος
1132 1059 1319 1126 adhibendis
1351 1081 1416 1126 usu
1444 1065 1483 1128 in

282 1169 401 1256 ecloga
425 1189 482 1235 sua
505 1168 681 1234 admonuit.
707 1164 1011 1247 Μονόφθαλμον
1035 1169 1067 1232 ni
1090 1166 1203 1248 ρ’νρτόον,
1227 1167 1483 1250 ἑτερόφθαλ-

280 1300 351 1355 μον
382 1273 423 1342 δέ.
473 1281 617 1352 Κρατῖνος
646 1274 710 1353 γὰρ
737 1273 936 1352 μονόμματον
967 1269 1036 1338 εἷπε
1068 1277 1120 1339 τόν
1148 1273 1309 1342 Κύκλωπα
1334 1281 1380 1361 (p.
1408 1275 1482 1342 136

281 1383 385 1468 lach),
420 1403 516 1467 quem
550 1381 685 1447 Photius
721 1403 745 1446 s.
766 1403 795 1447 v.
834 1385 866 1445 et
900 1379 1019 1446 Moeris
1053 1382 1097 1466 (p.
1133 1380 1215 1466 153,
1247 1383 1304 1448 ubi
1334 1383 1484 1451 videnda

281 1491 424 1556 Piersoni
454 1489 543 1572 note)
571 1493 766 1573 sequuntur,
790 1487 823 1552 id
847 1492 894 1552 est
917 1486 1108 1553 describunt.
1137 1487 1161 1572 ¹)
1184 1487 1315 1554 Rectius
1338 1491 1484 1557 Ammo-

282 1599 373 1662 nius:
401 1593 731 1675 Ἐπερόφθαλμος
755 1594 807 1658 καὶ
833 1593 1138 1674 Μονόφθαλμος
1157 1594 1358 1679 διαφέρουσιν.
1385 1600 1484 1664 Ἐτε-
1605 1586 1606 1656 l

276 1702 461 1784 ,ρόφθαλμος
491 1702 548 1779 μὲν
577 1701 639 1780 γὰρ
672 1703 685 1766 θ
717 1701 803 1766 κατὰ
833 1701 1016 1782 περίπτωσιν
1044 1702 1187 1780 πηρωθεὶς
1215 1705 1266 1769 τὸν
1291 1701 1390 1784 ἕτερον
1415 1713 1484 1772 τῶν

282 1812 468 1892 ὀφθαλμῶν·
492 1808 713 1890 μονόφθαλμος
746 1809 777 1872 δὲ
812 1807 826 1872 ό
862 1804 915 1872 ἕνα
950 1807 1039 1886 μόνον
1075 1811 1238 1891 όφθαλμθν
1274 1808 1355 1893 ἔχων
1386 1815 1429 1884 ὡς
1467 1815 1482 1879 ό

283 1918 437 1997 Κύκλωψ,
463 1913 509 1998 (Π
532 1914 590 1995 85)
614 1921 646 1981 et
669 1919 779 1981 auctor
802 1912 913 1990 λέξεων
936 1916 1092 1996 ῥητορικῶν
1116 1917 1150 1980 in
1172 1915 1275 1983 Bekk.
1299 1918 1410 1984 Aneod
1451 1921 1482 1986 I.

281 2045 314 2110 p.
345 2021 428 2088 280:
454 2020 756 2102 Μονόφθαλμοςε
782 2019 860 2092 ἔθνος
886 2044 915 2086 τι
939 2021 1096 2101 ἀνθρώπων
1120 2019 1174 2087 ἕνα
1198 2023 1360 2103 ὀφθαλμόν
1386 2025 1483 2106 axau-
1606 2074 1607 2104 ,

280 2156 348 2196 των.
374 2129 444 2201 τοὺς
468 2129 531 2208 γὰρ
555 2129 606 2194 τόν
630 2125 728 2207 ἕτερον
752 2126 939 2199 tanatum
963 2127 1124 2209 ὀφθαλμὸν
1149 2130 1481 2211 ἑτεροφθοόλμους

281 2224 440 2314 Ικαλοῦσιν,
473 2257 551 2322 quos
580 2235 665 2302 locos
697 2237 753 2321 qui
781 2235 936 2301 indicavit
959 2235 1137 2301 hobechins
1161 2238 1209 2301 ita
1232 2239 1336 2325 pergit
1360 2241 1394 2304 in
1420 2242 1482 2308 ad·

281 2348 441 2412 notatione
464 2345 574 2410 critica
596 2342 636 2408 ad
658 2342 879 2430 Phrynichum
902 2360 1016 2408 sunm:
1045 2342 1148 2426 „mihi
1167 2343 1268 2409 fateor
1287 2345 1346 2410 hoc
1366 2351 1482 2413 totum

280 2453 319 2518 de
353 2450 482 2544 Cratino
513 2450 553 2516 ab
581 2447 684 2514 alicua
706 2471 802 2515 manu
827 2449 1022 2535 adscriptum
1046 2449 1167 2534 videri,
1191 2450 1385 2536 eandemque
1405 2473 1484 2520 sen·

281 2563 415 2626 tentiam
456 2557 571 2624 habere
613 2577 709 2642 quam
752 2558 944 2622 Ammonius
984 2561 1016 2622 et
1051 2553 1291 2624 Grammaticus
1332 2557 1483 2628 Bolskeri
1607 2564 1608 2570 ’

280 2689 312 2754 p.
344 2664 410 2732 280
438 2662 642 2751 profitentur,
672 2684 725 2729 cos
755 2665 811 2748 qui
842 2663 972 2728 unoculi
1004 2665 1072 2729 nati
1095 2665 1180 2741 sint,
1207 2661 1377 2750 Cyclopes,
1401 2669 1484 2734 Ari·

280 2793 416 2858 maspos,
429 2777 514 2837 recte
525 2769 763 2849 μονοφθάλμους
776 2770 849 2854 dici,
862 2776 899 2835 ut
911 2771 994 2835 dixit
1005 2769 1198 2855 Herodotus,
1212 2770 1428 2839 Philostratus
1438 2777 1479 2862 ²),

279 2879 393 2946 Strabo
416 2878 462 2954 11,
486 2875 561 2954 189,
579 2876 614 2961 (l.
636 2875 661 2950 1.
678 2875 735 2962 21)
755 2876 928 2942 Pausanias
944 2875 971 2959 I,
992 2875 1046 2953 24,
1069 2875 1122 2941 92.
1148 2877 1216 2944 Hos
1236 2883 1482 2965 poetacucvon-

281 2985 418 3065 μότους,
439 2990 602 3062 μουνῶπας
623 2988 655 3049 et
675 2982 874 3061 μονοδέρκτας
895 2983 1070 3069 appellant,
1089 2983 1336 3066 ἑτεροφθοθλμυυς
1349 2991 1482 3056 nemo.’'

280 3094 370 3159 Haec
394 3090 467 3168 ille,
492 3109 550 3155 noc
574 3089 717 3154 multum
742 3089 835 3155 aliter
859 3101 931 3154 autc
950 3110 1024 3155 eum
1043 3088 1209 3156 Sallierius
1225 3091 1265 3156 ad
1283 3092 1479 3183 Moeridem‚

281 3201 321 3267 ad
363 3199 577 3264 Ammonium
619 3195 877 3262 Valckenaerius.
932 3196 1100 3264 Praeterea
1140 3199 1372 3266 observandum
1406 3212 1479 3291 est,

280 3306 412 3373 eandam
444 3325 569 3390 prorsus
598 3303 774 3368 Aristarchi
798 3305 1007 3380 sententiam,
1033 3305 1139 3371 verbis
1160 3306 1256 3392 paulo
1280 3307 1375 3373 aliter
1401 3331 1480 3377 con·

279 3414 441 3490 formatis,
472 3412 588 3476 iterum
620 3412 654 3474 in
683 3407 718 3474 M
749 3413 870 3494 aptiore
898 3409 967 3476 loco
990 3409 1073 3497 legi,
1095 3433 1211 3498 nempe
1233 3414 1272 3480 ad
1297 3437 1321 3487 ο,
1348 3413 1433 3480 383:
1465 3421 1478 3485 ὁ

279 3520 418 3598 Κύκλωψ
453 3517 539 3582 κατὰ
574 3517 632 3594 μὲν
664 3513 801 3596 Ὀμηρον
834 3517 887 3581 οθκ
924 3511 956 3588 ἦν
986 3517 1206 3600 μονόφθαλμος
1237 3521 1350 3601 φύσει,
1383 3523 1480 3592 ἄλλό

281 3625 367 3690 αοοτςθἸ
398 3647 468 3690 τινα
491 3623 663 3702 συντυχίαν
687 3622 738 3688 τὸν
761 3619 858 3703 ἕτερον
882 3627 939 3688 τῶν
964 3623 1133 3702 όφθαλμῶν
1164 3627 1478 3706 ἀποβεβλήκει.

284 3789 453 3802 ...-..--

314 3879 341 3940 1)
364 3875 466 3927 Photius
492 3877 538 3934 ita,
564 3873 843 3937 Ἔπερόφθαλμοςε
868 3873 945 3931 clauc
965 3873 1093 3936 λόγουοω,
1114 3873 1140 3925 td
1159 3877 1348 3941 Μονόφθαλμος,
1366 3881 1478 3937 Μυρτὶς,

281 3966 545 4030 Ἐτερθφθωλμον,
567 3963 702 4023 Ἀττικῆς,
721 3963 888 4026 μονόφθαλμον
906 3963 1059 4024 ‘Auamma

313 4051 339 4112 2)
360 4052 436 4100 Iocus
456 4047 611 4107 Philostrati,
640 4063 710 4112 quem
733 4051 816 4097 notare
838 4049 970 4114 supersedit
994 4049 1031 4098 vir
1053 4066 1170 4111 sammua,
1196 4051 1292 4102 ridetur
1309 4053 1356 4118 legi
1372 4055 1399 4106 iu
1418 4058 1481 4110 Vite

280 4139 392 4190 Aristidis
416 4138 500 4204 (Vitas
523 4136 630 4202 Sophist.
654 4137 680 4186 Ic
701 4137 879 4199 11,1x‚§a),
899 4137 938 4187 sed
957 4137 990 4188 ibi
1008 4143 1044 4189 est
1061 4141 1180 4206 poeticum
1197 4142 1361 4203 μονθμματος.
1382 4147 1416 4194 Ol
1433 4147 1479 4197 αθ-

280 4228 320 4278 rai
339 4257 372 4266 -
389 4228 468 4292 inquit
485 4255 519 4264 -
535 4229 700 4288 ααπνςγοροθαι
719 4225 760 4275 καὶ
776 4223 934 4288 οαθμματας,
950 4226 1031 4288 ’σπονδὴ
1047 4231 1104 4287 τοὺς
1122 4226 1289 4293 ’Annamatia
1306 4235 1364 4292 τυθς
1385 4253 1481 4302 μονομ-

281 4318 375 4382 μθτονς
391 4315 438 4380 ion
446 4313 573 4378 ξυγγενοῐς
581 4311 640 4366 eluar
649 4319 695 4365 τοῦ
704 4317 835 4376 Φιλίππου,
845 4330 873 4364 ex
882 4327 930 4377 quc
938 4316 989 4368 ioco
999 4319 1059 4369 illud
1068 4321 1147 4385 potius
1156 4337 1227 4386 qaam
1236 4323 1365 4373 clarissime
1375 4335 1480 4392 apparet

281 4409 394 4459 Aristidis
406 4413 513 4472 temporo
530 4423 599 4456 omne
616 4406 742 4456 discrimen
759 4407 823 4456 iutcr
840 4407 1007 4470 μονόφθαλμος
1027 4411 1087 4472 (sive
1104 4411 1271 4478 μανθμματος)
1286 4417 1311 4462 et
1327 4410 1478 4480 ότιρόφθαρ.

281 4515 326 4563 μος
344 4513 370 4548 cx
388 4497 512 4548 homiuum
529 4499 586 4546 tnnc
602 4496 734 4550 urentium
751 4497 869 4549 mentibus
884 4500 1012 4550 asennaa
