3232 5136
821 317 863 394 58

245 511 350 594 λέγειν
382 512 448 598 „roi
480 515 506 580 δ’
539 517 622 596 αὐτῷ
652 519 782 588 πυκινῶς
814 518 1024 604 ιίτοίιὶσομιιιΙ
1054 515 1091 582 αί
1120 541 1155 582 κε
1185 516 1326 602 τίίιιαι,”
1351 517 1439 583 ἔπαι-

212 663 216 672 =
245 629 338 687 νοῡσα
374 626 412 694 ὡς
448 625 545 700 σοφὴν
581 625 636 698 τίςν
670 624 814 699 τοιαιίτιρν
851 626 1038 704 παραίνεσιν.
1087 625 1158 692 Non
1186 623 1299 688 multis
1331 623 1439 692 verbis

245 749 325 815 opus
355 750 423 796 esse
453 729 589 796 arbitror
612 735 649 794 ut
672 730 878 815 persuadeam
903 733 1099 796 coniunctim
1123 751 1189 796 esse
1212 731 1435 798 scribendum:

246 835 298 900 καί
332 833 412 912 ίμας
445 836 632 903 ὑπαιτίου
655 837 745 911 οιίσνς
769 847 825 914 τῆς
849 838 1040 915 συμβουλῆς.
1089 837 1213 922 Nempe
1239 836 1314 902 deae
1338 840 1438 902 oonsi-

245 942 325 1008 lium
349 962 412 1007 non
435 943 637 1026 reprehensum
661 950 721 1019 est,
748 981 788 990 -
814 943 966 1010 debuerat
990 949 1074 1009 certe
1100 942 1151 1006 ὑπ’
1175 943 1297 1024 αἰτία,
1318 943 1437 1010 -sed

245 1049 463 1131 reprehensioni
485 1071 588 1112 ansam
610 1050 685 1114 dare
706 1055 831 1134 poterat
856 1050 962 1115 iudice
985 1049 1181 1136 Porphyrio,
1203 1069 1299 1134 quam
1320 1069 1436 1116 vanem

246 1176 312 1220 esse
350 1161 382 1220 et
415 1163 650 1242 praeposteram
686 1176 743 1221 suo
773 1175 878 1240 more,
909 1156 943 1220 id
975 1162 1022 1221 est
1046 1175 1174 1242 operose
1198 1176 1233 1222 ac
1258 1155 1435 1234 laboriose,

245 1265 290 1327 sic
309 1262 454 1329 ostendit.
480 1261 587 1326 Patris
610 1264 817 1349 investigatio
831 1299 868 1310 -
886 1264 991 1348 inquit
1004 1299 1046 1310 —-
1060 1261 1212 1341 πάρεργον
1237 1267 1364 1326 tantum
1388 1267 1436 1330 est

243 1371 507 1458 peregrinationis
527 1367 728 1444 Telemachi,
759 1389 834 1434 vera
857 1389 953 1434 causa
976 1369 1039 1434 alia
1062 1373 1117 1434 est.
1165 1368 1313 1432 Φαίνεται
1338 1367 1436 1431 τοίνυν

241 1477 379 1556 Ὅμηρος
400 1463 549 1542 άδιίνατον
573 1479 697 1550 νομίσαι
720 1473 815 1554 ἄνδρα
839 1477 895 1541 ὑπὸ
921 1475 1043 1560 γυναικί
1068 1473 1276 1554 τεθραμμένα
1303 1509 1355 1526 ··
1380 1475 1433 1539 καί

244 1584 275 1647 ἓν
299 1583 368 1661 viare
392 1585 671 1660 κατακεκλειμένον
696 1585 803 1662 πλιίρει
830 1583 978 1662 ὑβριστῶν
999 1583 1169 1664 crepereo,
1192 1582 1222 1644 ἐν
1243 1581 1433 1660 θεραπαινίσι

244 1716 279 1756 τε
314 1690 482 1768 άσελρίσιν
519 1687 715 1766 ἕναυξίμευον
753 1726 838 1740 ---
875 1690 951 1767 μηδὲ
986 1688 1194 1771 μετασχόντα
1231 1687 1340 1768 ἀνδρῶν
1380 1688 1433 1752 καί

245 1798 488 1877 ἀγωνιάσαντα·
521 1797 552 1860 ἐν
583 1794 669 1868 ὅσαις
700 1797 879 1873 άδυμονίαις
914 1795 1025 1874 γέγονε
1057 1796 1253 1875 Τηλέμαχος
1279 1794 1433 1874 προσιέναι

244 1903 369 1983 μέλλων
393 1905 522 1984 Νέστορί
541 1905 648 1968 τεκαὶ
671 1903 822 1984 Μενελάῳ
843 1903 893 1968 καί
915 1903 1041 1982 Ἑλένῃ·
1054 1904 1202 1975 Φαίνεται
1227 1897 1293 1966 οὖν
1313 1901 1433 1977 μήτοι

244 2013 283 2080 ίαν
313 2011 468 2086 δυνιρίῆνοιι
501 2013 622 2086 νομίσαι
650 2012 759 2089 άρετῆς
784 2009 888 2081 άλλως
913 2034 975 2081 ποις
1001 2015 1189 2089 μετασχεῖν.
1236 2007 1272 2076 In
1295 2006 1346 2072 his
1370 2011 1434 2094 pri·

243 2141 336 2186 mum
370 2120 495 2186 mutavi
526 2118 828 2202 interpunctionem,
862 2137 937 2182 nam
967 2104 1064 2184 verba
1088 2117 1118 2179 ἐν
1142 2111 1227 2186 ίσαις
1251 2115 1432 2190 άδνμονίαις

243 2263 263 2276 -
278 2263 296 2276 -
310 2263 330 2276 -
350 2231 400 2292 ιιαί
415 2224 522 2304 Ἑλένῃ
533 2223 747 2310 parenthetioe
760 2245 827 2290 esse
839 2223 993 2290 collocate
1003 2222 1260 2308 praecedentium
1274 2219 1432 2306 exemplis

241 2331 528 2400 confirmandorum
560 2351 656 2396 causa
684 2335 718 2396 et
746 2351 802 2414 per
832 2351 865 2395 se
896 2336 984 2416 petet
1007 2337 1039 2394 st
1063 2329 1287 2414 comprobatur
1310 2327 1432 2394 solenni

240 2445 312 2524 post
343 2439 422 2504 talia
450 2437 638 2522 repetitione
667 2439 810 2521 primarii
842 2437 948 2502 verbi:
980 2437 1128 2514 Φαίνεται
1154 2430 1214 2499 οὖν.
1264 2433 1432 2500 Praeterea

241 2544 445 2631 praetulerim
474 2547 623 2624 φαίνεται
647 2537 696 2606 οὗν
720 2543 814 2620 μιίτι
841 2541 878 2607 άν
902 2544 1057 2616 δυνηθῆναι
1083 2541 1204 2616 νομίσαι
1229 2543 1339 2606 eodem
1362 2543 1431 2605 iure

240 2673 303 2737 quo
326 2651 420 2737 paulo
445 2657 517 2736 post
540 2651 583 2736 (p.
612 2651 665 2728 52,
693 2647 748 2732 18)
771 2647 953 2716 Dindorfius
974 2649 1053 2718 bene
1078 2650 1229 2718 correxit:
1252 2647 1303 2722 μιί
1323 2647 1362 2710 τί
1383 2671 1430 2724 τε

240 2760 327 2836 παρά
358 2765 415 2822 τῶν
448 2754 741 2837 συστρατευσάντων
773 2755 937 2832 πυίίμενος
963 2755 1029 2835 περί
1054 2761 1112 2823 τοῖιν
1139 2753 1251 2818 ἐκείνου
1275 2751 1429 2832 πράξεων,
1474 2821 1480 2832 ,

240 2885 296 2950 pro
331 2865 421 2941 μήτοι
459 2888 514 2941 γε,
551 2863 634 2948 quod
665 2861 712 2940 Ι),
743 2863 788 2942 μίν
815 2864 930 2946 τοίνυν,
960 2865 1028 2926 sine
1061 2885 1119 2938 γε,
1153 2861 1235 2946 qnod
1266 2857 1300 2924 H
1322 2859 1429 2926 hebet.

241 2969 355 3054 (Praef.
381 2991 412 3056 p.
438 2971 564 3055 xxxiv).

284 3076 346 3144 Sed
376 3077 453 3142 haec
480 3078 606 3141 minuta
629 3083 722 3151 sunt,
748 3076 914 3146 videamus
937 3076 1097 3163 graviora.
1142 3072 1255 3139 Totam
1279 3073 1359 3140 hanc
1383 3093 1430 3137 ar-

238 3184 490 3272 gumentationis
513 3187 638 3266 partem
657 3183 703 3246 ita
722 3181 894 3247 concludit.
922 3183 955 3247 εί
979 3181 1050 3258 μὲν
1075 3181 1091 3253 d
1111 3180 1266 3260 πρόφασις
1288 3175 1430 3252 ἐξέτασιν

239 3287 309 3372 εἶχε
333 3291 449 3369 πατρὸς
474 3288 637 3362 ἐπανόδου,
663 3291 773 3360 σκοπὸς
798 3291 824 3354 δ’
849 3283 881 3362 ἦν
906 3287 1023 3362 ταύτης
1049 3286 1228 3362 παίδευσις,
1252 3287 1312 3365 ἀφ’
1336 3282 1369 3361 ἧς
1394 3285 1430 3348 τὸ

240 3397 326 3468 κλέος
364 3399 393 3462 ἐν
428 3395 603 3474 άνίρώποισι
638 3398 778 3473 γίνεται,
811 3395 856 3469 εἴη
886 3395 925 3458 άν
957 3397 1021 3458 θεία
1053 3395 1070 3467 ἡ
1102 3393 1279 3474 παραίνεσις
1313 3393 1365 3456 καί
1390 3402 1429 3474 τῇ

150 3545 152 3550 -
239 3508 351 3588 ’Λίννρῖ
378 3503 555 3584 τρέπουσα,
581 3502 637 3569 ubi
661 3505 836 3572 necessario
861 3498 908 3568 οὖν
931 3500 1132 3566 inserendum
1157 3505 1205 3565 est
1228 3502 1262 3562 in
1289 3501 1432 3564 oratione

239 3610 473 3680 concludentis:
510 3611 536 3674 εί
572 3609 629 3685 μὲν
663 3603 751 3696 (οὖν)
787 3611 804 3683 ἦ
839 3608 994 3692 πρόφασις
1027 3605 1168 3683 ἐξέτασιν
1192 3601 1259 3684 εἶχε
1282 3620 1353 3671 κτλ.
1376 3642 1430 3655 --

239 3719 284 3795 sin
316 3719 354 3786 dv
383 3718 449 3782 ίεία
482 3718 499 3791 ἧ
524 3716 712 3796 παραίνεσις.
748 3713 866 3786 Contra
888 3714 985 3790 μένων
1008 3714 1033 3778 δ’
1059 3715 1090 3778 ἐν
1114 3713 1219 3792 'recep
1242 3711 1431 3778 άπαίδευτος

351 3821 437 3901 άξιίς
473 3848 509 3888 τε
541 3824 594 3890 οὐκ
626 3822 664 3886 άν
695 3827 749 3887 τοῦ
781 3822 895 3899 πατρὸς
929 3819 1051 3899 ἐγένετο
1075 3821 1120 3898 μιί
1143 3820 1176 3884 τί
1199 3844 1239 3898 γε
1260 3821 1348 3901 παρὰ
1371 3827 1431 3885 τῶν

239 3930 532 4013 συστρατευσάντων
562 3929 727 4004 πυθόμενος
758 3928 824 4008 περὶ
855 3935 913 3992 τῶν
946 3927 1057 3992 ἐκείνου
1092 3926 1247 4007 πράξεων·
1281 3927 1336 3991 διὸ
1360 3929 1429 3991 καί

238 4044 422 4104 συνεῖναι
465 4037 570 4112 αὐτῷ
607 4034 762 4100 ἐλίίντι
800 4033 1077 4120 [κωλυόμενος]
1112 4033 1319 4098 πεπαίδευται
1363 4034 1428 4110 ἤδη.

239 4143 382 4208 Monstra
403 4142 456 4207 hio
480 4140 567 4228 loqui
590 4140 720 4208 videtur
742 4139 949 4228 Porphyrius.
996 4139 1109 4204 Potuit
1132 4139 1266 4212 dixisse,
1291 4143 1352 4205 etsi
1372 4161 1430 4208 neo

237 4269 351 4314 verum
386 4252 434 4313 cst
469 4268 525 4314 nec
558 4252 704 4314 accurate
734 4267 936 4332 expressum,
967 4246 1175 4311 πεπαίδευται
1200 4244 1427 4324 Telemachus,

238 4362 372 4420 συνεῖναι
403 4356 505 4436 αὐτῷ,
538 4393 579 4402 -
615 4355 677 4418 i.e.
709 4355 810 4438 patri,
843 4392 885 4403 —
918 4351 1121 4428 κωλυόμενος,
1154 4353 1208 4418 sed
1240 4351 1428 4430 κωλυόμενος

238 4469 369 4531 συνεῖναι
390 4462 497 4542 αὐτῷ
518 4461 677 4526 ἑλίίντι
698 4460 737 4526 de
756 4458 946 4526 Telemacho
966 4468 998 4526 et
1018 4457 1115 4526 Ulixe
1135 4479 1261 4544 prorsus
1281 4479 1430 4546 perversa
