3278 5148
901 286 966 373 att

334 495 456 562 πολλῶν
476 494 565 560 ὄντων
587 498 644 560 τῶν
663 495 840 574 μελλόντων
861 499 1055 578 εὐωχεῖσθαι.
1076 495 1127 562 καί
1146 495 1267 577 Κροίτιρς
1291 493 1320 558 δέ
1334 493 1369 558 τὸ
1384 494 1461 559 αὐτὸ
1475 493 1525 559 πέ-

334 606 437 669 πονίεν
467 605 570 675 αὐτοῖς
595 603 717 675 ποίντοις
744 603 874 680 οίίμενος
899 608 970 676 τοὺς
997 606 1140 676 Φαίακας
1165 603 1348 684 εὐωχεῖσθαι
1372 603 1460 684 ποορέι
1485 605 1526 684 τῷ

335 709 491 791 Ἀλκινίιρ.
527 713 567 776 οὐ
602 712 678 790 reip
714 708 747 786 ἦν
778 712 812 777 τὸ
844 713 957 786 πλῆθος
987 713 1190 790 ἠθροισμένον,
1216 711 1304 773 aaut
1328 708 1446 774 δώδεκα
1470 709 1525 787 μὲν

332 819 497 900 βασιλεῖς,
534 819 627 890 αὐτὸς
659 817 690 884 δὲ
721 817 986 896 τρισκαιδέκατος,
1017 820 1068 883 καί
1094 819 1118 882 οί
1145 816 1255 888 παῖδες
1281 816 1397 898 αὐτοῦ,
1423 817 1476 880 καί
1502 819 1527 880 ci

333 924 433 1004 ἐρέται
458 934 512 1000 τῆς
539 927 603 1000 νοὸς
629 927 819 1000 πεντήκοντα
840 925 901 990 δύο.
925 924 1020 1010 (HQ).
1046 925 1186 1009 Apparet
1206 929 1278 986 ante
1297 925 1329 988 οὐ
1342 923 1407 1001 γὰρ
1420 923 1527 988 deesse

331 1033 462 1096 initium
486 1040 541 1106 τῆς
566 1033 694 1105 λύσεως.
744 1030 834 1112 Quod
859 1051 918 1096 non
944 1031 1078 1096 absorde
1101 1034 1146 1092 ita
1169 1027 1387 1094 revocabitur:
1417 1067 1459 1076 --
1486 1031 1527 1109 τῷ

332 1136 489 1220 Ἀλκινόῳ.
514 1141 590 1223 (οὐκ
609 1136 677 1224 οὗ.)
701 1140 739 1203 οὐ
764 1139 820 1215 yet
829 1163 844 1218 ρ
870 1135 902 1212 ἦν
926 1139 959 1202 τὸ
985 1137 1098 1213 πλῆίος
1124 1131 1328 1214 ἠθροισμένον,
1350 1135 1441 1200 οὶλλέο
1456 1150 1525 1199 κτλ.

376 1348 406 1424 ί,
435 1343 509 1410 163.
558 1346 597 1410 Iu
630 1345 690 1412 line
726 1345 951 1432 disputationis
987 1345 1025 1410 de
1057 1345 1162 1410 verbis
1194 1342 1308 1424 φίρτον
1339 1367 1374 1407 πε
1399 1345 1526 1422 μνήμων

332 1453 383 1518 καί
427 1453 592 1525 ἐπίσκοπος
632 1456 754 1518 variam
794 1451 963 1518 lectionem
1002 1451 1225 1535 Aristophanis
1265 1451 1418 1535 praebent
1453 1449 1524 1531 EQ:

248 1639 254 1658 Ι
334 1597 374 1612 --
401 1560 625 1641 ’Δριστοφάνιρς
661 1561 692 1625 δὲ
726 1561 793 1624 οὶντί
830 1565 883 1624 τοῦ
920 1559 1084 1628 ἐπίσκοπος
1118 1557 1299 1638 ἐπίστροφος
1332 1563 1524 1636 σςμειοῖιται.

332 1663 446 1730 Dicine
477 1671 580 1752 potest
616 1664 842 1744 Ἀριστοφοίνςς
876 1666 1058 1746 ἐπίστροφος
1090 1669 1290 1747 σομειοῠτοιι,
1328 1684 1384 1748 pro
1419 1663 1524 1741 λέγει,

333 1771 470 1853 ρροίφει,
504 1769 749 1851 ἐναριμνιίσκειί
796 1771 941 1836 Multum
971 1771 1105 1848 dubito,
1130 1770 1353 1854 dubitavitqus
1377 1777 1452 1836 ante
1476 1793 1525 1835 me

332 1877 499 1945 Nauchius
532 1901 562 1944 ν.
600 1879 639 1944 cl.
674 1879 844 1966 legendum
880 1879 1067 1943 coniiciens:
1102 1868 1116 1939 ὃ
1150 1876 1332 1954 οςμείωσοι.
1381 1876 1443 1942 Sed
1476 1876 1526 1942 rcl

333 1985 459 2050 facilins
490 1986 574 2051 idem
607 2006 728 2063 sensus,
763 2005 855 2071 quem
887 1983 944 2049 ille
972 1983 1117 2060 volebat,
1144 1986 1189 2050 sic
1212 1982 1417 2048 restituetur:
1444 1987 1526 2064 'np-

334 2092 492 2171 ττοφοίνιςς
513 2093 544 2157 δὲ
565 2093 634 2156 οίντί
655 2097 707 2156 τοῦ
733 2093 895 2164 ἐπίσκοπος
921 2092 1121 2170 ἐπίστροφος,
1147 2091 1241 2176 (καί)
1266 2095 1526 2169 σιςμειοῦται.

334 2196 412 2285 (Οίτ.
426 2199 463 2264 ad
477 2199 501 2276 β
516 2197 590 2275 313,
605 2223 626 2275 γ
643 2197 711 2284 71.)
734 2198 858 2283 Nempe
877 2198 929 2261 καί
942 2247 950 2282 ,
969 2202 1218 2278 ταχυρραφικῶς
1240 2199 1393 2282 scriptum
1405 2245 1413 2274 ,
1427 2206 1499 2284 post
1512 2224 1526 2270 ς

333 2306 469 2384 excidit,
494 2305 612 2387 ρριίφει
640 2303 689 2371 vel
713 2303 819 2369 simile
839 2304 915 2389 quid
934 2303 1014 2369 solet
1032 2306 1149 2368 omitti.
1195 2301 1243 2368 De
1267 2306 1335 2387 ipsa
1358 2324 1393 2370 re
1416 2312 1450 2370 et
1475 2309 1526 2370 cni

333 2413 455 2478 auctori
478 2411 539 2477 hoc
558 2410 702 2477 scholion
722 2410 928 2476 tribuendum
948 2413 1002 2488 sit,
1017 2412 1051 2474 in
1063 2408 1163 2475 altera
1175 2415 1263 2495 parte
1276 2409 1523 2495 disputabimus

378 2620 411 2698 ί,
439 2617 513 2684 175.
561 2619 611 2684 Ad
634 2619 719 2684 hunc
740 2639 866 2684 versum
886 2619 919 2682 in
936 2617 1018 2694 ΒΕΘ
1031 2618 1254 2683 adscribuntur
1263 2623 1295 2684 et
1307 2618 1371 2684 alin
1384 2625 1416 2686 et
1428 2621 1525 2706 hacc,

332 2746 411 2812 quae
442 2727 548 2812 potius
579 2726 618 2791 ad
648 2731 832 2811 sequentem
864 2763 905 2772 -
930 2727 968 2797 ὥς
1001 2724 1053 2790 καί
1086 2724 1129 2789 σοί
1156 2721 1234 2799 εἶδος
1258 2727 1315 2804 μὲν
1338 2728 1525 2815 α’ριπρεπές,

332 2831 410 2898 otte
429 2857 480 2897 κεν
504 2825 615 2914 ,ἄλλως
638 2832 743 2913 1Ιοὺἐέ
775 2829 838 2902 tric
863 2830 980 2908 τεύξειε
1004 2871 1046 2881 -
1070 2835 1281 2918 pertinerent:
1308 2835 1325 2908 ἦ
1350 2836 1381 2898 δὲ
1407 2835 1524 2902 διοίνσια

331 2939 392 3004 οὐδ’
425 2938 463 3008 ἂν
498 2937 561 3010 θεὸς
588 2937 773 3016 βουλόμενος
807 2941 1057 3005 κατασκεοιίσαι.
1103 2938 1174 3005 Uno
1205 2939 1361 3005 vocabulo
1396 2944 1430 3006 in
1466 2942 1526 3010 fine

332 3047 449 3112 inserto
484 3065 593 3111 sensus
629 3047 796 3110 restitutus
838 3048 909 3111 erit.
957 3045 1112 3134 Legatur:
1159 3047 1175 3118 ί
1214 3048 1245 3111 δὲ
1287 3046 1422 3112 διοίνοια·
1464 3052 1527 3117 οῦδ·

333 3152 371 3217 ἐιν
404 3153 467 3226 θεὸς
502 3152 687 3231 βουλόμενος
722 3153 961 3218 κατασκευάσαι
994 3154 1119 3240 (optat.)
1155 3153 1392 3240 (καλλίονα).
1440 3155 1525 3224 Fieri

331 3265 441 3326 tamen
474 3267 596 3347 potest.
631 3266 668 3326 ut
703 3260 798 3347 paulo
834 3261 927 3347 plura
962 3262 997 3325 in
1031 3259 1164 3326 eandem
1200 3265 1391 3328 sententiam
1429 3266 1526 3331 verbs

332 3367 523 3444 exciderint,
560 3373 592 3432 et
622 3367 834 3454 supplendum
866 3367 908 3431 sit
940 3365 1082 3432 scholion
1115 3369 1149 3432 in
1173 3367 1257 3434 hunc
1281 3369 1345 3435 fers
1371 3373 1520 3437 modum:

332 3477 393 3542 ott·
423 3474 465 3541 ἂν
493 3477 554 3549 θεὸς
586 3475 771 3554 βουλόμενος
796 3474 1034 3540 κατασκευάσαι
1070 3476 1207 3558 (καλὸν
1237 3474 1366 3550 ἄλλως
1401 3504 1523 3544 κατα-

331 3583 568 3669 σκευάσασα),
606 3582 876 3668 quemadmodum
915 3586 948 3648 in
982 3581 1135 3670 Vulgatis
1159 3589 1222 3660 est,
1249 3583 1303 3649 sed
1328 3591 1360 3650 et
1384 3585 1435 3651 his
1460 3585 1523 3652 alia

331 3699 420 3776 parte
449 3692 591 3757 mutilis:
621 3693 646 3755 εί
672 3691 734 3762 ίεὸς
759 3689 886 3766 ἐελνίσαι
912 3693 1006 3756 καλὸν
1032 3697 1156 3764 ποιῆσαι
1181 3697 1313 3756 τοιοῦτον
1336 3687 1394 3765 οἶος
1420 3691 1452 3760 εἷ
1471 3695 1521 3760 ον’.

331 3795 435 3864 Immo
459 3819 551 3865 vero:
577 3801 602 3864 εί
628 3798 689 3870 θεὸς
710 3799 836 3873 ἐελιίσαι
857 3801 954 3864 καλὸν
966 3807 1108 3876 ποιῆσαι,
1122 3803 1253 3864 τοιοῦτον
1266 3799 1324 3886 (dcv
1344 3803 1522 3888 ποιιίσαι)

330 3899 387 3976 οίος
401 3901 489 3971 είσὺ.
513 3905 641 3992 integra
653 3907 749 3982 haec,
763 3905 847 3990 quod
860 3927 932 3971 sone
946 3909 1065 3970 mirum
1079 3953 1086 3982 ,
1099 3904 1253 3994 leguntur
1265 3913 1392 3973 tanturn
1405 3913 1439 3974 in
1451 3909 1478 3976 'P
1492 3905 1520 3992 ¹)

334 4041 496 4051 ---—--

365 4111 392 4176 1)
409 4111 521 4160 Scholion
538 4126 566 4160 cx
584 4111 603 4158 Τ
621 4109 683 4176 apud
700 4109 851 4160 Dindortinm
869 4109 902 4157 sic
919 4109 1011 4160 oditur:
1036 4104 1086 4159 ott*
1109 4104 1138 4159 ίὶν
1165 4110 1212 4168 θεὸς
1232 4113 1424 4175 ἐπιβαλλόμενος
1443 4132 1520 4165 κατα·
1622 4087 1623 4098 l

327 4199 445 4250 σκευάσαι
470 4199 543 4248 καλὸν
569 4191 687 4248 καλλίονα
712 4196 912 4248 κατασκευάσειε.
943 4197 984 4248 οίικ
1002 4199 1120 4262 ἰβονλιίίις
1139 4199 1165 4250 δὲ
1186 4202 1344 4252 παντάπασιν
1362 4211 1473 4264 λυπῆσαι
1492 4207 1522 4254 τὸ

327 4289 460 4354 μειράκιον,
488 4288 554 4340 iant
580 4289 610 4338 τέ
634 4287 725 4346 καλλος
751 4285 852 4338 ἔπαινοίν
877 4287 917 4338 οὒκ
944 4286 1038 4340 ἐπαινεῖ
1060 4292 1103 4341 τὸν
1128 4285 1186 4342 νοῦν.
1225 4296 1352 4346 Contendit
1371 4297 1522 4346 Lndnichins

329 4383 362 4448 (p.
381 4385 442 4447 449)
459 4381 484 4431 in
503 4381 581 4431 codice
599 4397 658 4430 esse:
678 4379 814 4441 ἐβονλίίς,
833 4381 993 4440 παντάπασι,
1012 4381 1156 4442 1ἐπαινέτας,
1177 4389 1200 4433 ct
1216 4387 1277 4448 qnod
1294 4385 1391 4435 maioris
1407 4388 1519 4438 momenti

329 4478 375 4540 est,
394 4473 419 4522 in
437 4475 516 4540 priore
533 4475 600 4538 purte
618 4487 691 4534 neque
709 4472 783 4520 καλέν
801 4473 879 4520 adesse
899 4489 973 4536 ucquc
991 4475 1119 4532 καλλίονα,
1141 4475 1179 4522 sed
1204 4480 1268 4522 certo
1293 4493 1337 4542 pro
1361 4479 1442 4542 priore
1468 4493 1521 4526 τοτε
