3220 5144
764 281 830 348 499

193 489 233 534 ex
269 468 324 550 QV
360 471 437 555 quid
468 471 511 536 sit
545 471 851 553 docemur.''Epcoic
885 473 971 539 κατὰ
1005 473 1077 546 Διός
1108 469 1246 536 ιιίλενοιν
1275 469 1391 534 οίνελίιν

195 578 307 654 Ἀργον
337 576 388 642 τόν
421 583 475 650 τῆς
508 583 584 650 Ἰοῦς
616 579 751 660 Φόλαιια
780 580 861 661 ἤχθη
887 580 944 646 ὑπὸ
970 580 1074 664 δίκην,
1097 577 1195 660 Ἥρας
1219 577 1312 642 αὐτόν
1337 575 1389 641 καί

193 689 252 746 τῶν
287 680 392 749 ἄλλων
426 685 615 762 ἀγαγόντων
650 685 720 754 θεῶν
751 687 793 757 είς
826 687 920 766 κρίσιν
952 683 998 752 ότι
1032 693 1147 765 πρῶτος
1177 683 1389 762 ἐπιβεβλήκει

194 787 343 867 δαιμόνων
367 793 477 864 θνητῶν
501 791 664 868 μιάσματι
688 790 740 856 τόν
760 779 877 871 ’Ἄργον
900 793 953 858 καί
978 793 1129 874 οίνηριίκει.
1155 790 1285 858 Prolixa
1303 797 1388 869 nota,

194 897 285 961 cuius
308 917 392 962 nunc
414 897 546 962 initium
570 897 662 983 posui
685 899 827 986 graviter
847 905 1051 985 corruptum,
1070 896 1191 988 legitur
1212 900 1310 964 etiam
1323 903 1390 962 tota

194 1003 258 1067 sere
277 1004 311 1067 in
330 1002 556 1090 Etymologico
575 1002 707 1092 Magno.
730 1006 763 1068 in
776 1005 905 1070 brevius
918 1009 1079 1071 contracta
1091 1003 1388 1091 apudHesyohium

195 1115 227 1174 at
249 1108 357 1195 Etym.
381 1105 465 1174 Gud.
489 1109 512 1194 ¹)
533 1107 596 1174 Res
616 1109 753 1176 editores
766 1111 886 1197 lugisse
898 1110 1034 1188 videtur,
1049 1117 1086 1177 ut
1098 1130 1175 1177 mox
1188 1110 1388 1186 videbimus,

195 1222 229 1280 at
261 1213 429 1303 Sylburgii
459 1214 660 1301 Albcrtiique
690 1215 893 1304 diligentiam
907 1237 988 1297 „non
1019 1217 1141 1306 effugit.
1190 1215 1260 1296 Quo
1283 1218 1388 1303 magis

195 1323 310 1396 miror,
335 1321 498 1388 neminem
523 1320 688 1387 offendisse
711 1324 744 1388 in
768 1325 809 1388 iis
829 1343 909 1408 quae
930 1328 1072 1388 extremo
1092 1322 1161 1388 loco
1178 1323 1279 1408 posui.
1305 1321 1390 1388 Nam

196 1427 272 1512 quid
297 1427 426 1493 tandem
449 1429 499 1492 est
523 1429 573 1492 τὸν
595 1431 712 1507 Ἄργον
737 1429 922 1506 ἐπιβιίλλειν
948 1429 1059 1504 θνητῶν
1083 1425 1267 1507 μιοίσματιί
1291 1427 1392 1494 Inter·

194 1533 326 1612 fecerat,
351 1534 461 1620 credo,
485 1531 613 1621 Argum
638 1533 724 1601 lovis
750 1538 855 1620 iusso,
880 1537 963 1621 quod
985 1535 1056 1622 quis
1076 1532 1197 1601 Graece
1218 1537 1263 1600 sic
1284 1530 1391 1600 dicati

194 1641 256 1708 Sed
289 1641 338 1708 sac
362 1661 469 1726 posse,
496 1662 553 1706 cur
575 1639 756 1708 Mercurius
780 1647 895 1720 πρῶτος
921 1641 1070 1722 δαιμόνων
1094 1641 1128 1707 id
1152 1642 1263 1707 fecisse
1284 1643 1391 1729 argui·

199 1743 271 1812 turi
306 1746 390 1812 Nolo
422 1753 559 1814 caeteras
590 1746 752 1813 molestiae
783 1768 962 1832 recensere,
996 1768 1074 1834 quas
1106 1768 1216 1827 omues
1239 1746 1390 1814 tollemus

195 1855 240 1920 sic
271 1853 452 1918 scribendo:
487 1849 533 1916 ότι
558 1860 674 1933 πρῶτος
699 1855 1025 1933 περιεβεβληκει
1050 1855 1253 1933 δαίμονας
1278 1856 1388 1930 θνητῶν

194 1960 355 2037 μιοίσμαπι
386 1958 437 2022 τόν
464 1963 582 2038 ’Ἄργον
615 1960 835 2044 οίνηρηιιόις.
882 1957 1008 2026 Desunt
1040 1961 1117 2026 haec
1146 1963 1281 2046 ipsa-
1307 1961 1391 2048 quod

195 2065 340 2132 doleo-
354 2066 439 2151 apud
456 2064 702 2154 lltymologum‚
724 2067 855 2133 fortasse
868 2067 952 2152 quod
964 2069 1029 2132 iam
1041 2072 1117 2153 tuuc
1130 2073 1278 2152 corrupta
1289 2073 1390 2134 trans·

196 2173 331 2238 scribere
362 2171 484 2248 noluit,
519 2173 686 2239 emendare
720 2194 781 2240 non
805 2175 922 2259 potuit.
968 2171 1031 2238 sed
1054 2175 1174 2259 requiri
1199 2174 1282 2258 quod
1307 2174 1390 2241 dica·

197 2279 291 2356 bam,
329 2279 537 2365 (Mercurium
570 2282 603 2345 in
636 2279 794 2347 iudicium
826 2300 894 2346 esse
926 2277 1119 2358 adductum,
1150 2279 1234 2364 quod
1265 2281 1389 2366 primus

196 2407 346 2471 superum
381 2385 454 2450 deos
490 2387 644 2473 sanguine
676 2386 817 2452 humano
848 2384 1016 2472 polluisset
1046 2388 1133 2475 Argo
1165 2387 1388 2472 obtruncato,)

198 2492 248 2558 vel
268 2493 433 2578 sequentia
451 2495 529 2558 satis
550 2491 741 2560 defenduut:
763 2491 917 2574 κρίνοντας
938 2493 968 2558 δὲ
988 2493 1058 2564 τοὺς
1079 2492 1161 2566 θεοὺς
1182 2493 1386 2570 εὐλαβεῖσθαι

195 2599 252 2676 μὲν
284 2599 334 2664 τόν
361 2599 425 2664 Δία
449 2599 499 2664 διόι
526 2601 550 2685 ²)
578 2599 612 2663 τό
639 2599 778 2665 ὑπόδικον
802 2598 991 2678 γεγενῆσθαι
1020 2599 1071 2664 τόν
1095 2603 1209 2680 Ἑρμῆν
1233 2609 1304 2674 ταῖς
1328 2603 1388 2666 αθ-

196 2710 249 2770 rori
283 2706 540 2785 παραγγελίαις,
577 2701 664 2784 θίμα
695 2706 734 2770 δὲ
766 2706 1084 2786 οίφωοιωμθνονς
1115 2709 1157 2771 τὸ
1189 2707 1293 2785 ιἰγος
1318 2707 1387 2772 καί

196 2819 267 2886 τῆς
299 2813 571 2892 ἀνδροφονίας
596 2812 864 2887 οίπολθοντας,
881 2807 931 2884 αίς
955 2807 1040 2894 εἶχον
1065 2813 1172 2894 όργαῖς
1195 2815 1388 2893 προσβαλεῖν

196 2919 280 3000 αὐτῷ
315 2919 373 2991 τὰς
407 2917 550 2999 ψήφους,
584 2919 635 2984 καί
668 2917 761 2994 οὕτως
793 2919 1024 3001 ἕπισωρενόῆναι
1056 2919 1128 3000 πρὸς
1153 2927 1216 2992 τοῖς
1240 2919 1309 2985 ποσί
1334 2925 1387 2986 τοῦ

200 3105 368 3117 ----—.-.

196 3201 270 3253 saue
293 3203 322 3252 eo
339 3207 364 3252 a
381 3203 441 3256 aaa
462 3204 492 3252 τι
511 3201 538 3252 ιι
558 3201 609 3254 »νο
629 3161 782 3268 clema
803 3205 876 3267 προς
895 3199 982 3254 ’,πω
1002 3205 1033 3263 ος
1052 3205 1086 3264 ,ις
1105 3203 1226 3266 cerame.
1246 3207 1287 3258 aar
1302 3209 1333 3258 ss
1348 3209 1389 3260 aar

197 3294 243 3341 ποθ
261 3295 339 3357 ιονρίον
359 3295 416 3356 πρός
433 3292 623 3354 όνπιδιαττολην
642 3292 752 3358 διάφορον
769 3296 837 3344 πόνον
852 3291 997 3357 Mittere,
1013 3289 1043 3354 'cie
1061 3291 1183 3357 Ἀθηναῖος
1198 3297 1240 3348 καῖ
1257 3292 1388 3361 Ἀθιίνιιιος,

194 3383 307 3447 ἀγοραῖος
326 3383 368 3434 ui
385 3384 507 3448 ιἰγόραιος.

229 3467 256 3532 1)
280 3469 347 3533 Quae
371 3469 396 3518 iu
419 3469 585 3534 Etymologico
607 3469 683 3518 desint
705 3484 733 3518 ex
760 3469 848 3518 uostris
866 3470 996 3536 supplenda
1013 3471 1140 3536 diligenter
1157 3472 1271 3522 iudicarit
1288 3473 1387 3538 Sylbur-

194 3561 258 3622 gius,
276 3561 330 3626 qui,
349 3563 547 3625 quemadmodum
565 3563 726 3610 Buttmannus
742 3553 780 3615 ιιίς
798 3553 867 3622 νίχον
882 3555 965 3622 ὀργαῖς
991 3563 1097 3628 reposuit
1120 3578 1164 3628 pro
1180 3557 1218 3618 αῖς
1237 3557 1289 3626 alx.
1306 3561 1388 3626 θργέν,

194 3653 229 3701 ita
253 3653 277 3702 in
300 3653 402 3718 lltymcl.
427 3669 470 3719 pro
493 3650 520 3708 tis
540 3646 591 3713 ιῖχ.
612 3648 684 3712 θργιίν
707 3651 881 3700 commendavit
900 3650 1051 3701 simillimum
1069 3649 1083 3717 ἦ
1102 3647 1170 3715 nixos
1188 3649 1264 3717 θργῇ,
1283 3671 1325 3704 ,νο
1341 3672 1389 3720 quo

196 3735 335 3785 inflammati
353 3741 423 3785 erant
440 3735 490 3784 irae
507 3731 623 3800 impetu.”
642 3733 685 3782 list
701 3734 777 3798 igitur
794 3733 838 3782 hoc
857 3733 944 3782 vitium
963 3750 975 3782 e
992 3735 1156 3799 compendiose
1172 3735 1291 3801 scriptura
1309 3743 1389 3790 ortum

185 3818 322 3881 ¹admodum
342 3823 463 3868 νοθιιοόιιιο
481 3821 552 3882 etque
569 3817 627 3866 adeo
645 3815 803 3882 Etymologici
821 3814 976 3880 compilatore
993 3816 1116 3866 vetustius
1140 3818 1182 3867 ·1n
1200 3819 1322 3882 Hesychic
1339 3825 1385 3872 est:

195 3903 340 3969 Ἑρμαῖος
369 3909 481 3970 λόφος
512 3906 569 3963 τοῖς
595 3906 684 3968 repete
710 3909 758 3954 τῶν
784 3904 852 3954 λίθων
880 3903 966 3968 Ἑρμᾶς
993 3905 1036 3970 (sc.
1060 3901 1179 3966 Ινιοοίλονν),
1206 3907 1265 3964 ταῖς
1289 3903 1388 3968 όνπαῒς

194 3995 254 4056 όδοῖς
280 3996 418 4060 γινομίνονς
437 3997 470 4053 τίς
493 3997 567 4058 τιμὴν
585 3998 631 4045 ποθ
650 3988 713 4045 θεοῦ·
734 3990 835 4053 Ἐνθδιος
853 3993 911 4058 γιίρ.
930 3996 1074 4046 Brevissima
1091 3997 1116 4046 in
1134 3998 1207 4046 Gud:
1228 3996 1388 4062 Ἑρμαῖος,

194 4087 283 4152 λόφος,
301 4085 394 4147 πόντος,
413 4083 494 4149 θνομα.
513 4087 671 4154 (Bellissimct
698 4087 853 4152 Corrigatcr:
881 4083 1023 4149 Ἑρμαίος
1043 4088 1157 4149 λόφος·
1177 4087 1277 4137 πόντον
1296 4087 1389 4156 Ιὄνομα.)

194 4179 289 4230 νῖιθθαοι
308 4173 436 4248 (cmm)
456 4179 505 4240 γαρ
526 4179 550 4226 οῖ
566 4177 667 4226 παλαιοί
685 4177 774 4239 σωροὺς
794 4177 821 4226 ’τοι
840 4173 909 4225 λίθων
928 4171 1018 4236 ποινῖν,
1037 4175 1076 4234 otia
1094 4176 1195 4228 tesiam
1209 4180 1332 4243 Ἓρμαίας.

228 4273 252 4332 a)
271 4273 341 4321 Detet
358 4267 398 4320 θιὲι
415 4270 439 4320 in
457 4273 481 4335 Q
498 4269 533 4335 (ῖ)
550 4273 575 4318 et
590 4269 617 4318 in
636 4268 794 4333 vulgatorum
810 4269 890 4316 vetere
908 4267 1018 4316 editione.
1047 4268 1140 4317 Adiecit
1157 4270 1261 4331 Buttm,
1280 4288 1388 4340 compro·

194 4353 259 4431 berit
283 4357 305 4404 O
331 4369 345 4404 a
370 4354 494 4404 Dindcrtlo
519 4367 628 4402 excussus
652 4351 742 4417 (Praei
769 4366 793 4416 ρ.
817 4350 917 4415 LXIV).
952 4349 1052 4400 Poterat
1075 4367 1170 4416 quoque
1193 4355 1245 4420 peti
1261 4371 1289 4406 ex
1307 4356 1388 4422 atym.

195 4437 292 4502 Magno.
