3232 5136
692 345 733 422 41

176 563 210 626 οι,
238 534 307 610 130.
344 544 394 610 Ad
423 546 520 620 πότην
548 544 578 610 δ’
608 544 637 616 ἕο
670 545 764 628 όρόνον
796 541 875 612 εἷσεν
905 543 991 624 ἄγων
1015 549 1152 631 quatuor
1176 539 1307 612 Godiooo

140 647 264 735 OEMTD)
296 651 430 716 habant:
465 652 629 732 ὑποφαίνει
663 653 714 720 διὰ
750 655 857 719 τσότον
894 653 946 717 sui
983 650 1063 716 ἄλλο
1097 677 1127 716 τι
1160 652 1308 728 κοιόιῑιιον,

140 751 177 819 ότι
204 760 249 820 τοῦ
278 756 351 822 iiico
383 756 480 835 θρόνον
513 759 712 838 παρεχώρησε
743 760 785 840 τῷ
817 758 891 840 ξένῳ
921 760 934 822 ό
963 758 1170 837 Τηλέμαχος.
1202 757 1309 822 πόντοι

140 857 180 925 οὖν
200 864 318 944 ἐλέγχει
343 863 378 927 τό
403 866 520 945 σῶφρον
538 869 592 930 τοῦ
618 865 680 931 νόον
692 914 700 943 ,
722 867 763 932 τόν
784 871 836 930 τοῦ
859 868 954 944 λόγον
975 866 1027 930 xci
1041 865 1084 930 τόν
1097 869 1150 930 τοῦ
1172 865 1216 930 τό
1224 887 1309 941 ποιι,

139 966 169 1031 τό
188 993 218 1032 τε
241 970 332 1050 ἔγχος
357 971 610 1049 οὶνκλοιμβοόνιον
635 973 701 1038 aad
725 979 794 1037 τοῦ
818 971 914 1053 όρόνον
939 979 1170 1052 παραχωρῶν.
1202 971 1239 1036 In
1262 971 1313 1036 his

139 1095 225 1140 mum
253 1079 369 1142 vitium
401 1077 547 1143 codicum
581 1100 638 1165 ope
670 1085 848 1145 conectam
880 1083 945 1155 est,
973 1117 1013 1126 -
1040 1083 1164 1164 poterat
1188 1083 1219 1143 at
1244 1079 1311 1142 sine

138 1181 184 1258 iis,
205 1205 340 1248 -cum
371 1203 412 1248 ex
444 1183 502 1249 Du
533 1189 747 1251 necessarium
779 1185 830 1250 διὰ
862 1169 1009 1249 τούτου
1044 1186 1220 1269 repositum
1249 1186 1310 1260 sit,

139 1290 252 1354 cacteris
279 1289 331 1356 dria
362 1294 479 1355 τοῦτο
505 1292 730 1376 praebentibus
762 1293 942 1358 contusione
965 1292 1141 1356 notissima.
1189 1289 1309 1354 Eadem

138 1393 192 1459 iera
212 1397 365 1462 medicina
388 1397 565 1463 sanandum
591 1438 632 1447 -
657 1421 697 1464 nc
720 1420 804 1464 nunc
829 1397 909 1464 alios
932 1397 1017 1464 locos
1043 1403 1175 1484 tangam
1199 1395 1310 1461 codam

139 1501 239 1566 mondo
265 1502 461 1578 laborantur,
487 1542 528 1552 -
553 1504 702 1570 Scholion
734 1506 773 1570 ud
805 1530 844 1582 ον,
873 1503 951 1570 197:
984 1503 1061 1568 ἀλλ’
1087 1503 1131 1568 ἔτι
1157 1527 1214 1568 που
1238 1501 1311 1583 ζωός

139 1607 324 1685 κατερύκεται
338 1612 419 1688 εὐρέϊ
427 1611 536 1690 πόντῳ,
551 1612 682 1697 κόσμιον
695 1610 872 1692 vorbaEQ:
893 1611 944 1676 διόι
960 1615 1080 1676 τοῦτο
1097 1609 1221 1675 εὔελπιν
1233 1618 1316 1675 ποιεῖ

139 1712 181 1776 τόν
201 1713 267 1780 νέον.
291 1715 411 1782 Verum
433 1715 488 1797 EQ
507 1737 569 1782 non
588 1717 646 1782 hoc
667 1718 802 1801 habant,
824 1717 878 1782 ssd
898 1716 957 1791 ara.
973 1721 1091 1781 τοῦτο
1113 1717 1313 1782 rossanus

140 1829 307 1885 ποιεῖται
328 1824 378 1886 τὸν
398 1821 470 1888 νέον.
498 1821 653 1903 Quoniam
674 1831 782 1889 autem
805 1825 977 1908 requiritur
990 1823 1311 1907 ρνονιιιιοοπόνινκόιιιιι

140 1924 300 1994 Bindorfius
318 1930 395 1995 hacc
418 1934 574 2013 „correxit
597 1951 634 1996 ex
653 1929 780 1996 Schedia
801 1929 1022 2015 praecedente'’
1043 1930 1114 2004 ΜΡ,
1134 1930 1312 1996 ubieadem
1391 1932 1394 1938 '

139 2035 223 2098 rerba
239 2039 290 2101 aad
310 2039 493 2122 incorrupta
512 2035 735 2102 adscribuntur
755 2036 794 2101 ad
811 2058 858 2100 vs.
875 2034 954 2100 194:
968 2041 1018 2099 νῦν
1031 2035 1057 2100 δ’
1071 2032 1168 2108 ἦλθον.
1193 2033 1308 2113 Recte,

140 2139 185 2204 red
206 2142 394 2227 quantillum
416 2143 518 2208 fuerat
538 2143 637 2208 simui
658 2145 814 2230 corrigere
839 2141 889 2206 διόι
911 2141 1076 2226 τούτων,
1101 2163 1176 2208 nam
1197 2144 1243 2207 sic
1267 2147 1315 2208 est

140 2248 287 2314 emendate
319 2251 354 2312 in
376 2248 455 2314 MP:
483 2248 533 2313 διόκ
557 2251 708 2314 τούτων
732 2247 901 2313 εὔελπιν
926 2257 1036 2313 ποιεῖ
1057 2248 1109 2312 τόν
1132 2248 1205 2314 νέον.
1252 2246 1314 2314 Sed

140 2350 189 2416 hoc
210 2355 237 2416 ἐν
255 2354 386 2436 sardin.
411 2354 447 2418 In
466 2361 573 2420 nostro
590 2355 718 2421 Scholia
738 2358 801 2419 tria
820 2355 923 2420 adhuc
946 2357 1063 2421 vitiosa
1085 2359 1176 2437 sunt,
1200 2354 1316 2439 quibua

142 2458 246 2526 codices
275 2482 338 2528 non
368 2461 520 2527 ridentur
548 2460 698 2547 opitulati
728 2483 803 2528 csse.
852 2461 1060 2526 Scribendum
1094 2461 1195 2538 anim,
1223 2465 1260 2524 ut
1284 2465 1316 2526 ct

141 2571 279 2634 mutantia
316 2575 440 2634 constet
472 2573 504 2633 st
534 2571 635 2634 oratio
670 2565 791 2634 Graeca
822 2571 881 2632 sit:
915 2567 1022 2631 πόντοι
1054 2562 1102 2631 οὖν
1127 2567 1256 2647 ἐλέγχει
1281 2569 1315 2634 τὸ

141 2677 242 2751 σῶφρον
273 2680 328 2739 τοῦ
362 2676 445 2748 νέον,
478 2676 519 2739 τόν
551 2680 605 2739 τοῦ
638 2677 733 2751 λόγον
765 2674 817 2736 uni
841 2675 883 2737 τόν
907 2678 960 2737 τοῦ
985 2675 1133 2751 τρόπον
1159 2671 1196 2760 ¹),
1221 2673 1257 2738 τό
1281 2698 1316 2738 τε

142 2775 224 2857 ἔγχος
257 2780 530 2858 ἀντιλαμβάνειν
565 2779 617 2844 aui
653 2781 707 2860 (ri
743 2780 817 2864 ius.)
853 2784 907 2844 τοῦ
943 2781 1039 2860 όρόνοιι
1076 2789 1316 2859 παραχωρεῖν.

142 2881 306 2952 Modestum
331 2892 363 2952 at
386 2887 534 2952 decorum
564 2885 793 2952 Telemachum
818 2887 989 2952 ostendunt
1013 2894 1045 2952 et
1065 2890 1134 2952 eius
1155 2886 1260 2969 rerba,
1276 2925 1316 2934 -

143 2993 255 3076 respicit
286 3003 399 3078 Χιιῖρε,
423 2995 520 3070 ξεῖνε,
546 2995 619 3072 παρ’
642 2991 727 3070 όιμμι
753 2994 903 3074 Φιλησεοιι
928 3008 998 3058 κτλ.
1027 2996 1088 3081 (vs.
1117 2993 1193 3077 123)
1221 3031 1261 3042 ·-
1288 2999 1319 3058 ct

143 3097 201 3162 sius
230 3122 341 3183 mores,
374 3100 457 3186 quod
489 3099 687 3166 advenientis
715 3100 851 3184 hospitis
873 3099 1000 3164 hastam
1026 3102 1142 3184 accipit
1166 3104 1257 3185 siqua
1279 3100 1318 3165 de

144 3203 205 3268 seda
227 3227 281 3272 sua
304 3207 458 3293 adsurgit.

182 3443 216 3496 s,
243 3418 312 3485 132.

263 3527 325 3604 πόνρ
349 3524 376 3588 δ’
400 3528 492 3599 σκότος
517 3528 648 3604 κλισμὸν
672 3526 738 3590 sno
763 3525 916 3603 ποικίλον,
942 3523 1061 3590 ἔκτοθεν
1085 3524 1192 3591 ἄλλων

264 3635 439 3711 μνηστήρων
464 3647 535 3698 κτλ.

145 3733 228 3831 Recte
258 3742 302 3806 ita
332 3740 407 3805 feeit
437 3738 656 3804 Telemachus.
688 3740 722 3803 τό
753 3740 816 3818 γὰρ
846 3739 1026 3817 μετοιβηνοιι
1052 3740 1094 3809 εἷς
1119 3735 1218 3818 ἕτερον
1242 3733 1318 3802 οἶκον

146 3841 265 3924 instinc
297 3847 335 3911 ιἰν
366 3845 507 3926 πσιρὲσχε
540 3855 602 3916 τοῖς
635 3853 820 3925 μνηστῆρσιν
844 3845 1030 3923 ἐπιβουλῆς,
1056 3843 1148 3909 όπότε
1173 3845 1225 3909 aad
1249 3841 1318 3920 ἑξῆς

147 4027 275 4046 ⁸-

174 4159 194 4216 1)
208 4159 264 4210 'l'am
279 4161 374 4210 aridam
391 4159 437 4209 hoc
454 4158 550 4223 quidem
567 4163 602 4208 esi
619 4160 710 4221 τρόπον
727 4157 831 4223 requiri,
848 4163 875 4208 ut
892 4160 970 4208 τόπον
989 4158 1025 4208 vel
1039 4159 1125 4208 calami
1140 4158 1177 4208 vsi
1193 4173 1319 4224 operarum

147 4240 218 4292 vitium
230 4243 349 4302 habeam,
365 4243 411 4292 nisi
425 4245 449 4291 ct
460 4243 486 4291 in
502 4245 568 4291 textu
583 4247 607 4290 at
616 4243 640 4292 in
649 4242 802 4291 adnotatione
810 4243 893 4292 critica
902 4243 978 4292 textui
988 4241 1092 4291 subiecta
1101 4245 1126 4290 et
1135 4242 1159 4291 in
1169 4232 1320 4291 praefatione

148 4337 165 4384 p.
180 4325 234 4388 xxxj
252 4327 284 4376 ita
301 4326 417 4392 scriptum
433 4325 565 4389 legeretur,
584 4326 628 4374 atsi
645 4341 727 4388 margo
744 4325 940 4389 Pluygersiauua‚
965 4341 1012 4388 quo
1028 4323 1163 4373 collationis
1181 4325 1272 4374 Codicis
1290 4327 1319 4374 M

147 4415 250 4466 sesua
267 4418 295 4467 V.
312 4418 348 4466 Ol.
366 4417 486 4466 coniectas
502 4415 665 4480 apographum
680 4415 830 4472 continetur,
848 4417 958 4477 τρόπον
974 4415 1037 4464 clare
1054 4413 1139 4473 habat,
1155 4415 1183 4463 de
1197 4432 1244 4480 quo
1258 4420 1321 4470 tacet

147 4493 272 4550 Diuorum.
