3232 5136
806 325 811 332 ·
851 304 909 398 ου’

282 515 404 608 aliquot
422 522 567 588 versibus
585 522 668 586 inira
680 521 810 586 demum
823 521 915 606 plena
928 527 1078 608 sequatur
1089 519 1396 608 patrisappellatiol
1408 518 1474 589 Sed

280 630 441 696 velnimis
454 631 513 694 hoo
525 635 573 695 eet
585 635 857 716 argumentorum.
883 629 992 696 illecto
1004 630 1196 697 emblemate
1217 631 1313 696 verba
1333 635 1408 695 sunt
1428 632 1475 695 ita

282 737 447 802 struenda:
469 733 560 807 οὕτως
591 737 687 800 τοίνυν
717 738 734 811 η
769 736 905 807 ὑπόθεσις
930 739 985 820 (sc.
1010 744 1068 802 τῶν
1092 738 1281 823 μνηστήρων)
1306 741 1473 801 πεπεῖσθαι

282 843 445 910 δοκούντων
468 845 506 915 ὡς
535 842 586 906 καί
617 842 787 907 adscivisti
808 841 994 922 συμφέροντι
1014 844 1178 921 γενομένης
1198 851 1254 917 τῆς
1275 842 1472 918 ύποδημίας,

282 954 335 1016 καί
361 991 379 1002 -
395 987 414 1000 -
438 948 619 1028 ἐλπιζόντων
643 986 663 999 -
677 985 697 998 -
711 985 733 996 -
773 949 866 1023 μηδὲν
887 950 1040 1030 ἐγχειρεῖν
1059 951 1152 1014 ἐποίει
1179 987 1219 1001 --
1246 952 1288 1020 είς
1313 952 1364 1014 τὸν
1383 946 1472 1014 οίκον.

281 1058 392 1144 Neque
412 1061 518 1122 minue
541 1056 664 1142 reliqua
686 1054 840 1121 laborant.
877 1053 1011 1141 Sparant
1034 1059 1137 1142 proci,
1163 1079 1222 1120 που
1244 1054 1471 1124 Telemachum

281 1184 343 1229 non
378 1184 444 1229 assa
474 1165 707 1250 profecturum,
734 1201 775 1211 -
802 1183 875 1247 cur,
909 1183 982 1227 cum
1014 1165 1082 1228 eius
1105 1163 1257 1248 pmfectio
1282 1165 1324 1226 iis
1349 1181 1473 1246 quoqne

281 1271 427 1357 prodesse
458 1271 544 1336 dicta
572 1267 632 1334 sict
656 1307 698 1319 -
723 1268 777 1334 aed
809 1290 881 1334 eum
907 1291 946 1335 en
969 1272 1220 1357 peregrinatione
1242 1271 1418 1357 longinqua
1442 1274 1474 1334 at

281 1377 458 1462 periculosa
488 1375 619 1442 fortasse
649 1397 711 1441 non
742 1396 808 1440 esse
837 1398 1038 1441 reversuram:
1063 1373 1109 1441 ύτι
1134 1377 1187 1441 οὐκ
1212 1375 1471 1453 ἕπιδημιίσει.

221 1543 225 1550 .
281 1484 411 1550 Etenim
454 1487 499 1548 sio
532 1485 777 1548 ratiocinantur:
813 1488 870 1548 aut
904 1503 965 1548 non
1001 1483 1118 1548 redibit
1152 1481 1382 1560 Telemachus,
1416 1489 1475 1547 aut

281 1591 382 1656 redux
405 1590 443 1655 da
466 1593 565 1675 patrie
588 1591 721 1654 interitu
745 1609 807 1654 non
830 1589 969 1673 amplius
993 1589 1161 1653 dubitabit.
1180 1590 1202 1671 ¹)
1251 1589 1367 1654 isthic
1389 1589 1474 1654 unde

283 1701 401 1763 vitium
432 1701 543 1762 natum
568 1698 611 1759 sit
634 1703 731 1779 patet.
777 1694 876 1759 Porro
899 1695 976 1779 quid
1000 1702 1065 1760 est:
1090 1696 1178 1759 αλλ’
1203 1697 1473 1772 ἀποκριθῆναι

283 1805 340 1867 ὑπὸ
364 1813 418 1878 τῆς
442 1803 686 1880 μνηστευομένης
712 1803 805 1872 αὐτὸς
830 1797 958 1871 ἕκαστος
984 1799 1088 1877 ilioni
1113 1801 1339 1886 Unusquisque
1364 1823 1473 1888 proco-

281 1931 351 1974 rum
386 1910 549 1993 cupiebat,
581 1927 643 1972 non
671 1908 862 1990 respondere.
896 1910 1024 1992 opinor,
1050 1947 1090 1956 -
1116 1929 1190 1972 nam
1221 1908 1280 1972 hoc
1311 1914 1359 1972 est
1389 1908 1473 1994 apud

281 2019 440 2101 aequiores
469 2017 665 2092 ιθπονριθῆναι
695 2033 751 2098 pro
775 2015 953 2078 Atticorum
979 2013 1081 2079 forma
1105 2015 1324 2092 ἀποκρίνασθαι
1352 2051 1392 2063 -
1419 2015 1473 2079 sed

282 2124 413 2189 caeteris
435 2141 454 2186 a
474 2119 630 2205 Penelope
642 2120 809 2203 praeferri.
840 2117 974 2204 Scripsit
994 2123 1101 2204 itaquo
1120 2120 1333 2207 Porphyrius:
1361 2123 1471 2186 ιὶλλοὶ

282 2231 540 2308 προκριθῆναι
559 2227 617 2290 ὑπὸ
637 2235 692 2300 τῆς
713 2229 974 2309 μνηστευομίνης,
996 2227 1078 2312 quod
1095 2227 1260 2311 probabit,
1275 2267 1313 2276 -
1330 2229 1356 2292 si
1380 2229 1414 2293 in
1438 2250 1472 2293 re

282 2345 348 2400 tam
381 2334 550 2400 manifesta
573 2335 671 2399 etiam
697 2331 879 2416 probatione
903 2352 982 2417 opus
1006 2339 1071 2408 eet,
1097 2371 1138 2382 -—
1163 2333 1362 2421 Porphyrius
1384 2336 1472 2419 ipse,

281 2442 320 2507 ad
343 2467 374 2525 α,
397 2440 461 2505 332
482 2440 637 2505 scribens:
659 2435 789 2510 ἕκαστος
801 2445 859 2502 τῶν
871 2440 1047 2516 μνηστήρων
1068 2439 1187 2510 αὐτὸς
1209 2441 1471 2519 κριθήσεσθαι

281 2551 455 2627 νυμφίος
481 2544 713 2622 ὑπολαμβάνων
736 2543 849 2609 ἐκύλυε
870 2547 920 2608 τὸν
945 2546 1044 2616 πέλας
1069 2546 1173 2622 βίαιόν
1195 2569 1225 2610 τι
1251 2526 1322 2626 δροίν
1348 2555 1393 2632 (p.
1418 2547 1471 2621 59.

282 2654 350 2740 32),
384 2661 416 2720 et
441 2655 555 2727 ἐπιεικῆ
582 2652 613 2716 δὲ
637 2656 709 2732 πρὸς
734 2653 847 2726 ἐκείνην
872 2651 1028 2735 (ἑαυτὸν
1051 2652 1137 2732 add.)
1161 2653 1382 2729 ἐπιδείκνυσιν,
1409 2651 1470 2719 ἵνα

281 2763 479 2843 προκριθῇ.
506 2762 550 2846 (p.
575 2757 626 2835 60,
657 2762 701 2836 1.)
732 2756 836 2824 Simul
867 2758 945 2844 haec
975 2759 1109 2843 probant
1139 2767 1245 2824 nostro
1276 2758 1346 2826 loc'o
1371 2763 1470 2826 etiam

281 2875 338 2934 τῶν
362 2868 472 2947 γονέων
496 2865 581 2931 male
604 2885 671 2930 esso
693 2865 920 2950 interpolatum
946 2863 1013 2951 (cir.
1035 2870 1116 2950 etp.
1143 2863 1195 2943 58,
1210 2865 1286 2950 24),
1308 2866 1468 2932 adiectum

279 2977 410 3040 fortasse
445 2974 484 3038 ab
520 2971 627 3058 aliquo
660 2972 699 3037 ob
733 2971 943 3037 Homericum
975 2971 1001 3034 οί
1032 2972 1064 3036 δὲ
1096 2972 1199 3050 γαμον
1237 2972 1376 3050 τεύξουσι
1414 2973 1467 3037 καί

281 3081 469 3163 ἀρτυνέουσιν
502 3077 606 3154 ἔεδνα,
642 3077 694 3164 (α,
720 3077 799 3162 277)
823 3077 877 3143 sed
901 3085 985 3142 certe
1007 3098 1070 3142 non
1094 3099 1133 3143 cn
1154 3083 1261 3144 mente
1285 3078 1468 3166 Porphyrii.

279 3187 384 3253 Unam
420 3186 524 3251 adhuc
557 3187 589 3249 in
626 3185 830 3270 sequentibus
861 3184 1006 3249 indicabo
1036 3183 1330 3270 interpolationem,
1361 3190 1470 3252 minus

278 3293 446 3359 molestam
476 3292 652 3377 prioribus,
683 3290 738 3356 sed
766 3311 828 3356 non
858 3293 966 3356 minus
990 3289 1172 3355 ridiculam:
1199 3293 1236 3362 ὡς
1261 3292 1325 3370 γὰρ
1349 3293 1391 3357 τοὶ
1415 3317 1470 3359 τε·

279 3408 430 3475 λευταία,
454 3395 506 3464 dre
532 3400 656 3481 ἐπανῄει
681 3401 734 3482 [τε
759 3398 824 3463 καί
850 3397 1112 3484 ε’πανηλθεν],
1137 3398 1388 3474 ἐπιβουλεύοντες
1412 3401 1471 3466 διε-

279 3508 396 3592 τέλουν,
421 3504 511 3578 οὕτως
537 3507 575 3571 ίιν
598 3506 770 3585 παρθντι
795 3504 877 3568 καθ’
898 3503 1013 3583 ἡμέραν
1033 3505 1088 3578 την
1108 3511 1216 3584 πεῖραν
1236 3505 1470 3586 προσλαβόντες

280 3614 396 3702 (multo
419 3617 574 3700 praestat:
609 3611 754 3692 παρόντα
780 3611 847 3674 καί
874 3609 958 3672 καθ’
983 3610 1098 3689 ἡμέραν
1122 3633 1151 3675 τ.
1177 3635 1213 3675 π.
1236 3612 1470 3692 προσλαβόντες

276 3725 339 3786 nisi
374 3723 445 3806 quis
480 3717 642 3799 παρόντος
679 3717 745 3783 καθ’
781 3720 835 3794 ἧμ.
872 3719 926 3790 την
961 3725 1069 3795 πεῖραν
1104 3717 1334 3796 προσλαβόντες
1360 3719 1468 3808 malit)

278 3829 408 3908 ἔδρασαν
432 3824 469 3890 ἄν
494 3850 523 3891 τι
549 3829 607 3890 τῶν
631 3824 813 3900 ἀνηκέστων.
837 3821 969 3888 Omittit
987 3822 1017 3888 D
1038 3824 1151 3892 verba:
1172 3849 1207 3889 τε
1219 3826 1273 3891 καί
1285 3826 1465 3902 ἐπανῆλθεν,

275 3941 307 4002 et
331 3940 405 3999 sunt
427 3933 532 3999 hercle
556 3933 699 3998 absurda.
726 3930 842 3996 Verum
865 3929 1020 3994 undenam
1042 3931 1170 3997 tandem
1190 3939 1468 4019 natumputemus

275 4044 420 4127 ineptum
445 4039 626 4106 emblemal
660 4038 784 4122 Nempe
807 4036 910 4101 scriba
934 4037 1051 4102 codicis
1073 4035 1239 4104 Harleiani
1264 4077 1306 4090 -
1331 4040 1382 4106 vel
1405 4041 1467 4108 ior·

275 4155 357 4214 tasse
390 4151 456 4214 iam
488 4147 557 4212 eiua
579 4145 745 4231 archetypi
766 4181 805 4191 -
824 4142 1008 4228 exemplum
1036 4164 1129 4208 suum
1154 4143 1256 4210 literis
1278 4147 1468 4215 maiusculis

275 4256 344 4318 sine
355 4253 453 4319 dubio
466 4256 619 4338 scriptum
638 4249 831 4338 malelegit3
853 4250 1057 4328 ὲπανιίγει
1077 4250 1181 4336 dedit,
1202 4273 1277 4318 cum
1297 4255 1466 4337 ἐπανῄει

310 4495 334 4556 1)
352 4495 479 4544 &ultorio
497 4509 577 4543 errore
595 4496 715 4559 peccatum
733 4498 768 4543 eat
785 4493 814 4543 ud
831 4507 860 4553 α,
881 4493 943 4556 328,
961 4511 975 4542 n
993 4493 1140 4544 Buttmanno
1157 4503 1297 4548 correctum.
