3220 5144
852 294 916 360 516

287 511 312 554 s.
337 510 367 554 r.
405 485 687 563 Δυσιρλεγέος·
726 487 755 550 ἐν
787 495 825 572 τῇ
856 512 883 570 χ
917 493 973 560 πῆς
1008 483 1193 556 Ὀδυσσείας
1228 483 1242 546 o'
1274 483 1478 566 ’λρίσσιιρχυι

289 590 384 674 „lraa
415 593 471 672 ροέν
504 594 584 676 λέγῃ
615 593 666 657 τὸν
699 591 829 658 ίοίναπον
860 599 1012 669 τοιοῦτον,
1044 593 1186 670 σημαίνει
1215 591 1478 670 μακριιισίμιεπσν,

287 697 362 767 ίπαν
386 701 416 765 δὲ
440 697 563 776 ἄλλος,
589 699 801 783 καταστρέφει
823 699 865 772 είς
890 695 1002 765 ταύτὸν
1027 699 1069 780 τῷ
1093 698 1345 775 ααιισιιοίροιιπον.”

333 931 374 989 χ,
404 907 480 974 462.
529 907 592 976 Τὸν
634 908 685 973 tre
725 909 833 990 ξίφους
873 908 1001 975 oetaeo
1033 915 1085 974 ποῦ
1119 907 1343 990 ἦγχινιοιαέυου
1376 909 1480 996 [lave-

287 1019 354 1100 σου]
390 1017 523 1099 ἐνόμιζον
560 1017 771 1098 ααίαριίσερον.
798 1015 854 1104 (Q)
888 1015 999 1083 Eieeto
1035 1015 1167 1082 demum
1205 1013 1337 1082 ίανοίσου
1379 1019 1480 1084 oratio

288 1123 408 1192 Graeco
431 1145 518 1191 more
541 1125 715 1209 composita
738 1125 809 1190 erit.

329 1341 373 1421 ψ,
397 1334 451 1400 81.
499 1333 655 1420 Penelope
684 1334 724 1399 ab
747 1332 907 1420 Euryclea
931 1334 969 1399 de
995 1331 1101 1399 Ulixis
1125 1333 1231 1399 reditu
1257 1335 1373 1400 certior
1396 1331 1481 1397 bots

286 1449 320 1509 at
342 1439 487 1508 diffidens
510 1443 571 1508 rei:

466 1557 550 1626 μαῖα
574 1547 674 1629 Φίλα,
698 1547 844 1628 χαλεπίν
867 1571 902 1614 σε
927 1547 997 1612 ίεῶν
1020 1543 1238 1627 αἰειγενετάων

465 1655 555 1730 δήνεα
578 1654 731 1738 είρυσίαι,
754 1651 847 1730 μοίλα
871 1678 927 1734 περ
952 1653 1105 1738 πολιίιδριν
1130 1655 1250 1721 ἐοῦσαν.

282 1763 473 1854 Paraphrasi
509 1761 586 1827 haec
622 1761 824 1828 illustrantur
854 1762 918 1827 ita:
951 1761 1115 1842 χαλεπόν,
1148 1761 1176 1826 εί
1205 1786 1252 1834 σις
1283 1765 1316 1828 οὐ
1340 1762 1479 1842 Φυλαξει

284 1872 354 1935 ίεῶν
377 1869 604 1952 βουλεύματα,
627 1870 661 1932 πὸ
685 1866 828 1946 Φυλσίξαι
853 1869 1023 1948 ἀνθρώπων.
1051 1867 1140 1936 Haec
1164 1871 1400 1936 Ambrosianus.
1424 1869 1478 1956 (Q)

283 1977 399 2062 Ecquis
423 1971 604 2062 intellegit?
628 1973 761 2040 Meliora
784 1995 852 2039 esse
876 1975 1026 2040 dicuntur
1050 1978 1082 2040 in
1107 1973 1291 2041 Hnrleiano.
1339 1973 1480 2042 Dindor-

283 2081 359 2147 fius:
400 2081 519 2166 „scribe
556 2077 619 2154 ἥτις
656 2082 688 2144 οὐ
725 2079 901 2159 φυλάσσεις
940 2101 978 2146 ex
1013 2079 1078 2145 H”.
1112 2079 1227 2166 (Praei.
1254 2102 1285 2166 p.
1310 2082 1404 2167 nrm)
1429 2081 1479 2150 Ne

282 2210 366 2255 nuno
398 2186 527 2272 quidem
559 2185 651 2272 plane
682 2185 851 2274 intellego,
884 2189 948 2252 nisi
978 2185 1253 2254 substantivorum
1277 2191 1404 2256 inverso
1428 2209 1480 2256 or-

283 2295 373 2360 dine:
405 2293 568 2374 χαλεπόν,
600 2292 664 2365 cirre
697 2299 730 2358 ού
754 2291 928 2373 Φυλοίσσεις
954 2294 1165 2373 erepere»
1188 2293 1419 2380 βουλεύματα,
1443 2301 1478 2360 τὸ

281 2399 425 2482 Φυλαξαι
449 2401 549 2465 θεῶν.
596 2399 720 2485 Nempe
744 2399 893 2466 videntur
916 2421 956 2494 er
975 2400 1136 2466 veteribus
1155 2401 1383 2488 interpretibus
1406 2404 1478 2488 qni·

282 2509 354 2574 dam
374 2507 509 2572 verbnm
530 2507 662 2586 εἴρυσθαι
682 2513 714 2570 et
726 2506 779 2572 hic
790 2528 845 2592 per
857 2505 1032 2586 Φυλάσσειν
1045 2510 1252 2597 expressisse,
1265 2527 1345 2593 quae
1358 2511 1478 2575 usitata

281 2623 330 2682 est
361 2611 561 2703 significatio.
608 2611 729 2681 Melius
763 2613 966 2681 Aristarchus
998 2635 1053 2698 por
1083 2613 1212 2697 εἰδέναι,
1245 2625 1282 2678 nt
1313 2614 1414 2680 efficio
1439 2637 1478 2680 er

282 2719 444 2808 Apollonii
474 2719 599 2807 glossa:
632 2717 849 2799 Είρυσίαι·
880 2725 930 2784 νῦν
963 2719 1042 2792 ittae
1069 2721 1103 2783 rt
1127 2721 1258 2802 είρυσίαι
1283 2722 1334 2785 ἐπὶ
1358 2725 1412 2786 ποῦ
1437 2724 1477 2788 εί-

282 2829 365 2895 δέναι
389 2827 618 2907 παρείλυππαι·
644 2825 709 2891 ἔστι
733 2827 795 2906 γὰρ
816 2827 883 2892 nturi
906 2829 1014 2908 ποῦίὶ.
1028 2849 1055 2893 e.
1077 2823 1157 2893 solet
1176 2827 1262 2892 enim
1282 2827 1475 2918 significare)

280 2935 455 3018 Φυλάσσειν
480 2934 531 2999 καὶ
557 2931 678 3014 σώζειν·
704 2939 810 3008 »μαῖα
833 2934 932 3018 Φίλε,
955 2933 1101 3013 χαλεπόν
1120 2957 1155 2996 σε
1176 2970 1217 2982 -
1238 2933 1396 3015 πολύϊδριν
1414 2937 1478 3002 sos·

283 3041 372 3108 σαυ.”
394 3040 443 3107 lux
467 3041 638 3106 Aristonici
660 3045 735 3104 nota
758 3039 835 3104 haee
855 3041 1014 3127 originem
1034 3042 1167 3106 traxisse
1187 3040 1310 3124 videri,
1330 3044 1364 3106 in
1377 3041 1476 3108 ultera

283 3157 374 3236 parte
398 3139 612 3212 demonstrare
634 3145 778 3212 conabor.

328 3369 373 3440 ψ,
406 3357 459 3425 82.
509 3358 691 3442 Πολύἵδριν·
728 3360 909 3436 πολυπαθῆ,
946 3359 1051 3424 πολλὰ
1086 3360 1209 3425 είδυῑαν.
1249 3357 1301 3448 (Q)
1339 3353 1473 3428 Credam

284 3469 391 3556 potius
416 3469 469 3540 rire
493 3467 711 3544 πολυμαθῆ
735 3467 933 3556 designaut·

329 3683 375 3760 ψ,
399 3673 476 3742 296.
523 3673 688 3741 Ἀσπσίσισι
712 3676 844 3758 λέκτροιο
870 3679 1007 3742 παλαιοῦ
1033 3676 1141 3753 θεσμὸν
1165 3671 1270 3741 lacero.
1319 3675 1474 3762 Interpres

283 3787 389 3850 neseio
420 3783 491 3869 quls
521 3785 554 3847 in
584 3781 672 3848 MV:
704 3785 875 3855 οὶσπασπιῖις
908 3783 960 3846 καί
991 3786 1213 3859 ἐπιθυμητικῶς
1238 3781 1473 3860 ὑπεμνήσίιρσαν

284 3896 337 3956 ποῦ
370 3891 472 3955 πιίλαι
506 3897 561 3965 τῆς
586 3891 746 3961 συνουσίας
771 3889 870 3965 νόμου.
918 3885 963 3954 Ut
985 3891 1161 3958 rectissime
1189 3887 1308 3956 dieitur
1331 3887 1345 3952 α’
1370 3889 1472 3956 πάλαι

284 3997 386 4075 νίμος,
412 3999 527 4062 siccine
551 3997 647 4061 etlam
673 3995 686 4060 ί
710 3995 813 4061 ποίλαι
837 4003 892 4072 τῆς
917 3997 1076 4068 συνουσίας
1102 3993 1211 4076 adure?
1235 3991 1318 4060 (lum
1331 3993 1472 4062 multum

283 4103 445 4182 dubitem,
480 4105 711 4188 rescripserim:
746 4104 982 4178 ὑπεμνήσίιισαν
1009 4105 1062 4167 ποῦ
1088 4107 1269 4167 παλαιοῦ
1293 4111 1349 4178 τῆς
1373 4126 1472 4168 συνου-

283 4213 353 4282 σίας
385 4209 486 4287 alnoo.
533 4207 571 4273 ln
602 4209 757 4275 vocabulo
780 4209 880 4275 semel
903 4209 956 4276 hic
981 4209 1064 4295 apud
1087 4205 1266 4274 Homerum
1291 4217 1473 4276 occurrente

282 4321 405 4386 veteres
439 4315 567 4382 solitam
603 4315 867 4410 significationem
898 4338 1066 4405 agnoscere
1098 4337 1136 4381 ex
1168 4315 1226 4380 hae
1258 4323 1335 4380 ncta
1365 4315 1471 4402 pelam

283 4421 336 4500 fit,
368 4444 469 4509 neque
500 4444 552 4487 me
584 4424 624 4486 iis
656 4443 693 4487 ex
721 4423 947 4489 recentioribus
977 4422 1166 4509 adstipulari
1188 4443 1294 4507 posse,
1320 4426 1378 4510 qui
1404 4427 1471 4490 roci
