3318 5138
717 328 781 398 115

152 521 322 602 ponantur,
347 539 423 584 eum
446 522 531 586 nerto
554 515 727 604 Porphyrii
749 541 809 584 ννονν
833 520 915 596 aiut,
940 519 995 584 ssd
1014 523 1046 585 et
1066 521 1136 598 eius
1154 525 1187 586 et
1205 519 1343 588 aliorum

152 627 425 710 interpretationes
446 626 585 690 breviter
604 632 802 710 recenseant,
822 625 1094 710 quemadmodum
1112 626 1164 692 his
1175 625 1344 692 simillimo

149 731 324 797 sedetiam
349 734 494 798 breviora
517 731 603 796 edita
626 739 702 796 suni
726 752 765 796 ex
790 731 888 816 BQV,
911 754 941 818 p.
969 731 1048 810 116,
1075 731 1096 797 l.
1125 731 1176 812 18,
1203 731 1254 798 19.
1279 731 1342 798 His

149 839 249 924 igitur
272 840 389 904 amotis
411 843 553 921 eaetera,
573 847 610 903 ut
629 837 714 921 dixi,
734 839 953 926 coniungenda
973 859 1102 922 nauseo,
1122 839 1364 923 quodrelini·¹

149 947 230 1010 tium
253 945 496 1030 disputationis,
515 947 576 1010 etsi
587 943 699 1030 prooul
711 944 809 1010 dubio
820 951 1009 1029 contractae,
1021 947 1099 1012 satis
1112 946 1259 1012 ostendit.
1279 945 1342 1027 Qui

148 1053 243 1117 verba
265 1051 438 1120 Homerica
461 1054 507 1138 ita
530 1051 705 1138 composita
729 1050 879 1117 adduxit:
904 1051 939 1118 τὸ
961 1055 1081 1132 »ἀκραῆ
1102 1050 1228 1131 ζέφυρον
1248 1051 1342 1118 κελα-

147 1158 276 1236 1οντα,”
301 1161 351 1222 καὶ
377 1157 412 1222 τὸ
439 1157 610 1241 ,ἐπλέομεν
632 1158 723 1238 βορέῃ
742 1157 845 1236 ἀνέμῳ
865 1157 999 1236 ἀκραέ1’”
1021 1157 1070 1244 (ξ,
1083 1157 1175 1243 253),
1194 1160 1247 1224 οὐκ
1260 1157 1342 1225 ἔστιν

146 1264 244 1344 ἄκρως
269 1264 408 1349 τνέοντι,
422 1265 508 1349 ,((ροο
531 1263 626 1330 modo
652 1268 685 1328 et
708 1263 764 1330 alii
787 1266 1077 1350 interpretabantur
1099 1271 1131 1330 et
1154 1264 1343 1352 Apollonius

146 1369 297 1455 Sophiste
318 1372 341 1434 i.
365 1391 409 1446 ν.,
433 1389 511 1447 nou,
540 1375 577 1434 ut
600 1368 794 1438 Villoiaonua
816 1370 937 1448 edidit,
959 1369 1063 1452 ἄκρῳ
1088 1371 1251 1452 τνέοντα,)
1268 1372 1342 1438 ἄλλ’

147 1475 325 1554 exspecter
357 1476 474 1541 πνέοντι
486 1523 494 1552 ,
526 1513 567 1526 -
593 1477 648 1562 qui
671 1479 774 1564 igitur
796 1475 931 1544 Homeri
954 1478 1120 1544 verbalia
1143 1482 1341 1565 eomposuit‚
1389 1561 1393 1570 ι

147 1583 233 1649 idem
265 1582 377 1668 opinor
407 1583 446 1648 ds
475 1582 657 1647 κέλαδοντα
677 1603 739 1650 non
770 1604 845 1648 oum
877 1583 1031 1650 vocabulo
1061 1583 1169 1650 πόντον
1193 1586 1342 1654 struendo

143 1689 252 1754 addita
285 1710 379 1755 eausa
409 1691 570 1754 monuisse
593 1695 708 1774 potest.
753 1687 872 1756 Contra
895 1692 948 1755 cui
971 1709 1008 1756 ea
1031 1691 1186 1758 debentur
1209 1712 1290 1777 quae
1313 1691 1340 1760 Τ

30 1839 31 1842 =
143 1796 274 1880 praebet
304 1797 400 1881 (App.
437 1816 468 1880 p.
505 1793 603 1879 743),
642 1799 829 1860 neutrarum
873 1795 1015 1881 partium
1059 1800 1088 1862 is
1129 1798 1212 1877 fuit,
1255 1799 1340 1884 quod

30 1967 31 1980 ,
144 1909 253 1968 temen
286 1922 348 1967 non
378 1901 534 1986 impediet
563 1905 735 1987 quominus
765 1904 834 1968 eius
865 1902 961 1968 verba
991 1902 1106 1970 leviter
1134 1910 1283 1990 eorrupta
1303 1906 1338 1970 in

144 2009 289 2074 ordinem
321 2027 492 2095 cogamus:
525 2007 684 2072 κελάδοντ’
716 2009 767 2073 r’rri
793 2007 899 2074 ο1νοτα
922 2008 1048 2074 eteros:
1073 2010 1136 2085 ἦτον
1161 2011 1227 2096 (τὸν
1248 2011 1338 2097 add.)

143 2119 284 2198 ἠχοῦντα
306 2118 361 2190 τὴν
386 2115 550 2180 θάλατταν
573 2116 655 2200 [τὸν]
679 2115 791 2193 ἄνεμον
814 2116 831 2190 e
857 2116 943 2180 narde
967 2117 1019 2181 τὸν
1038 2116 1211 2182 κελάδοντα
1230 2118 1339 2184 ederae

142 2223 284 2288 πνέοντα.
332 2220 515 2305 ridiculus,
541 2222 625 2307 quod
648 2242 740 2307 saepe
765 2222 924 2300 vidimus,
954 2225 989 2288 in
1008 2223 1181 2312 archetypo
1198 2229 1337 2293 emmona

142 2337 173 2394 st
203 2349 301 2414 supra
331 2327 451 2394 lineam
482 2326 535 2394 vel
565 2330 601 2393 in
631 2329 813 2415 marginem
845 2315 1010 2415 suppletus
1032 2328 1101 2396 loeo
1122 2351 1185 2397 uon
1207 2352 1265 2398 suo
1287 2335 1366 2399 in·’

144 2441 247 2500 sertus
270 2439 329 2499 est.

185 2644 229 2728 β,
262 2643 342 2709 430.
377 2643 565 2722 Δηοοέμενον·
586 2646 613 2710 δ’
642 2642 704 2724 ἄρα
733 2641 818 2710 ἔτλα
851 2647 917 2721 θοὴν
948 2646 1011 2712 ese
1041 2655 1100 2724 νῆα
1131 2647 1283 2727 μέλαιναν
1305 2652 1324 2725 ΙΙ

142 2754 295 2825 στήσαντο
326 2757 475 2829 κρητῆρος
500 2765 571 2815 κτλ.
609 2731 670 2818 11ο“
681 2754 934 2837 interpunetioua
956 2752 1054 2819 buius
1073 2775 1185 2820 ‘rerem
1207 2756 1255 2821 ita
1277 2756 1336 2822 Ni·

142 2875 251 2922 emor:
286 2856 397 2936 βραχὺ
428 2857 630 2924 δοαοταλτέον
663 2858 680 2932 ἢ
713 2860 797 2932 μετὰ
828 2859 880 2922 τὰ
912 2853 1015 2937 ὄτλον,
1047 2859 1063 2935 ἢ
1095 2863 1181 2937 μετὰ
1209 2861 1246 2927 τὸ
1276 2873 1335 2939 νῆα

143 2965 306 3037 μέλαιναν.
332 2960 404 3047 (Η.)
427 2963 599 3049 Aliquanto
622 2966 741 3030 reetius
764 2965 842 3030 erit:
867 2965 885 3040 ἢ
910 2966 994 3042 μετὰ
1018 2967 1060 3032 τὸ
1083 2963 1187 3045 ὅπλα,
1213 2968 1337 3046 dns-rb

144 3068 176 3134 τὸ
212 3077 268 3142 νῆα
293 3068 457 3146 μέλαιναν.
504 3069 664 3136 Similiter
686 3095 722 3148 ο,
751 3068 816 3134 128
839 3072 945 3137 editur
966 3072 1086 3154 ένπρτῇε
1112 3073 1194 3155 δεινῷ
1219 3077 1333 3163 εἰπεῖν,

30 3173 31 3186 ³
141 3175 158 3250 ἢ
188 3177 301 3254 λογίῳ,
335 3177 422 3256 ταρὰ
453 3178 495 3240 τοὶ
526 3177 585 3252 ἔτη
618 3176 694 3262 (V),
727 3178 784 3243 ubi
814 3177 961 3262 equidem
993 3178 1099 3246 multo
1126 3182 1334 3266 praetulerim

141 3286 226 3361 rapot
263 3283 302 3348 τὸ
339 3281 408 3358 ἔτη.
445 3281 511 3350 Gir.
542 3309 556 3346 ν
589 3282 655 3350 332
689 3293 721 3350 et
751 3287 900 3370 inprimis
931 3309 945 3350 ε
981 3283 1062 3372 182,
1097 3287 1181 3355 uude
1209 3294 1242 3354 st
1274 3291 1336 3357 hoo

142 3389 300 3454 doetrinae
324 3389 563 3476 Porphyriones
586 3390 761 3456 frustulum
785 3411 851 3456 esse
875 3397 1014 3477 apparet.

185 3497 345 3560 Admonet
378 3517 431 3562 me
458 3503 566 3562 sutem
591 3497 651 3562 hoo
673 3496 829 3582 pusillum
853 3499 971 3581 vitium
996 3498 1165 3585 aliquoties
1187 3505 1335 3567 oommis·

142 3623 210 3666 sum
237 3603 320 3668 alius
344 3603 383 3667 ad
407 3603 492 3667 buno
515 3601 636 3668 librum
657 3603 770 3669 scholii
789 3607 911 3688 partim
927 3607 961 3670 in
981 3605 1166 3692 Appendiee
1188 3613 1233 3694 (p.
1256 3607 1351 3694 teet*

141 3711 311 3793 partimin
336 3709 536 3774 Praefatione
561 3711 604 3794 (p.
628 3711 698 3794 xm)
722 3707 868 3782 latentia.
893 3714 925 3775 in
947 3732 1010 3796 quo
1029 3713 1214 3800 corrigendo
1231 3718 1334 3782 anim·

142 3817 377 3882 adversionibus
401 3814 441 3881 ad
463 3815 593 3880 secundi
618 3813 694 3880 libri
712 3815 834 3882 scholia
852 3815 948 3882 finem
969 3817 1139 3905 aliquando
1160 3823 1333 3906 imponam.

137 3918 180 3984 ’Ἦ
204 3922 255 3986 καὶ
281 3919 391 3985 ἔπειτα
418 3957 459 3970 -
485 3919 695 3986 Telemachus
718 3921 798 3986 dicit
818 3921 887 3988 loeo
910 3926 1077 3990 notissimo
1103 3963 1143 3974 -
1164 3927 1332 4004 λευγαλέοι

142 4030 169 4091 τ’
201 4027 353 4102 induenda
383 4027 436 4090 καὶ
469 4031 501 4092 οὐ
533 4027 716 4101 δεδαηκότες
739 4029 852 4103 ἀλκήν.
880 4029 940 4116 (vs.
964 4029 1018 4107 60,
1043 4029 1113 4117 61.)
1135 4031 1271 4121 Legitur
1291 4035 1333 4100 etl

30 4193 31 4204 ,
144 4135 305 4211 λευγαλέον
337 4135 564 4200 brevissimum
597 4131 746 4200 Scholion
777 4156 817 4200 ex
841 4133 864 4200 S
886 4138 919 4200 in
944 4141 1037 4202 textu
1059 4140 1218 4223 positum,
1243 4139 1332 4206 aliud

143 4240 243 4305 multo
276 4241 401 4325 plenius
435 4239 489 4304 sed
523 4239 629 4305 verbis
664 4241 856 4324 quibusdam
885 4245 993 4306 minus
1025 4242 1176 4309 distincte
1205 4247 1332 4331 seriptis

145 4349 175 4410 in
214 4345 242 4410 Τ
275 4355 338 4423 eat,
381 4349 415 4410 in
458 4345 675 4433 Appendioem
718 4353 756 4412 ut
800 4348 868 4414 dixi
910 4347 1048 4415 relatum
1091 4351 1331 4418 huiuscemodi:

30 4501 31 4544 t
145 4452 306 4531 λευγαλέον
337 4453 384 4517 r’:
418 4460 530 4518 πονεῖ
556 4451 768 4532 τὸνλόγον
792 4455 939 4520 derived
963 4455 1213 4530 οὶτέενεῖο.....
1237 4483 1331 4542 προσ·
