3242 5140
731 355 795 425 387

165 565 228 632 quo
259 549 292 612 ei
313 547 383 632 ipso
414 547 540 632 egimus
549 547 574 630 ‚l
604 567 662 612 noc
685 545 827 620 malain
851 545 889 624 Τ,
913 547 999 612 nude
1021 549 1144 610 meiere
1167 545 1353 619 manarunt,

165 655 207 717 ἐκ
232 653 297 718 θεοῦ
317 652 526 728 ε’μπνενοθεθς.
563 650 626 717 Sed
649 655 683 718 in
703 652 824 718 scholio
845 674 863 718 a
882 654 1081 738 sequioribus
1101 649 1358 736 compendifacio

165 767 198 826 et
224 761 376 844 rescripto
401 758 479 824 talia
502 761 621 824 iniecta
645 758 824 845 relinquere
846 763 947 824 satius
970 762 1041 824 erit.

211 977 247 1060 θ,
273 975 349 1041 515.
371 975 492 1040 Ἤειδεν
515 975 542 1040 δ’
565 977 612 1048 ὥς·
629 974 711 1038 claro
736 973 893 1052 διέπραθον
915 969 977 1045 νόες
1002 975 1141 1054 Ἀχαιῶν

372 1081 499 1146 ἱππόθεν
525 1081 709 1164 ἐκχύμενοι,
734 1089 832 1146 κοῖλον
855 1080 950 1162 λόχον
975 1079 1219 1158 ἐκπρολιπόντες.

372 1186 469 1254 ἄλλον
490 1188 517 1252 θ’
541 1186 624 1267 όιλλρ
649 1186 731 1252 circle
757 1187 847 1254 πόλιν
870 1186 1048 1266 κεραϊζέμεν
1072 1188 1187 1264 αόπήν,

291 1359 295 1366 .
374 1297 475 1375 αότόιρ
500 1294 660 1368 'oloronis
684 1296 769 1372 προτὶ
794 1295 924 1372 δόματα
950 1293 1122 1374 Δηϊφόβοιο

370 1402 507 1500 βήμεναι
532 1403 599 1476 ἠΰτ’
619 1403 722 1480 ’Άριροι
748 1402 802 1466 σὺν
822 1401 946 1481 οόντιθέορ
959 1402 1121 1480 Μενελοόιρ.
1141 1399 1359 1486 (ule-518).

168 1508 244 1574 Sine
270 1507 424 1575 lemmate
447 1509 487 1574 ad
511 1529 557 1574 vs.
584 1508 648 1574 515
673 1509 751 1574 haec
774 1507 874 1574 relata
897 1517 972 1574 aunt
996 1529 1035 1573 ex
1058 1506 1108 1572 H:
1132 1506 1228 1572 ἄλλον
1252 1507 1360 1583 τρόπον

169 1613 372 1696 ἐξετραγῴδει
405 1617 442 1686 ὡς
474 1615 528 1688 rio
555 1616 645 1679 πόλιν
669 1617 837 1693 πορθοῦντα
860 1615 913 1679 καὶ
937 1616 1169 1694 διαφθείραντα.
1216 1611 1289 1680 Non
1313 1619 1362 1678 est

170 1739 309 1809 magnae
342 1723 527 1808 sagacitatis
555 1723 748 1806 perspicere,
772 1731 917 1806 qnorum'
933 1741 1082 1786 versuum
1106 1719 1305 1804 paraphrasis
1327 1721 1362 1783 in
1397 1779 1398 1784 ,

171 1829 223 1894 hia
258 1828 374 1904 lateat,
406 1831 466 1892 etei
495 1830 588 1894 initio
619 1827 747 1892 mutilis
776 1835 807 1892 et
838 1835 999 1912 praeterea
1027 1828 1185 1893 tralaticio
1212 1828 1292 1892 vitio
1315 1830 1362 1890 in-

171 1935 273 2000 fectis.
320 1934 505 2019 Respieitur
528 1953 637 2000 versus
662 1931 745 1998 516:
771 1932 867 1998 όλλον
891 1936 917 1999 δ’
941 1932 1025 2014 όλλρ
1049 1933 1131 1998 ἄειδε
1151 1932 1243 1998 πόλιν
1263 1936 1363 2012 κεραϊ-

172 2039 264 2120 ζέμεν
286 2042 391 2112 αἱτθν.
439 2041 552 2125 Itaque
574 2043 608 2104 in
633 2040 718 2105 hunc
740 2041 873 2106 modum
898 2043 1006 2106 omnia
1028 2040 1214 2128 corrigenda
1237 2047 1269 2106 ec
1289 2061 1362 2125 sup·

169 2147 287 2234 pianda
318 2148 484 2214 videntur:
517 2148 761 2232 (ἕκχνθένπα
792 2149 914 2211 όιλλον
942 2149 1050 2230 κατ’)
1081 2146 1208 2212 όλλον
1239 2147 1363 2210 τόπον

169 2251 372 2334 ἐξετραγῴόει
404 2255 441 2327 ὡς
472 2256 527 2326 τὴν
559 2255 647 2318 πόλιν
678 2256 843 2334 πορθοῦντα
876 2255 928 2317 καὶ
956 2255 1225 2333 διαφθείροντα,
1251 2260 1283 2317 ct
1305 2273 1363 2318 no·

170 2359 305 2426 tandum
350 2359 402 2426 hic
444 2379 569 2445 quoque
605 2358 805 2442 ἐξετραγῴδει
841 2362 1027 2444 respondere
1063 2359 1234 2425 Homerico
1269 2355 1364 2424 ἄειδε.

169 2466 306 2532 Ultima
326 2465 423 2532 verba
452 2476 528 2531 sunt
550 2467 649 2532 eiiam
673 2466 705 2530 in
730 2466 757 2546 Q
781 2486 853 2530 cum
878 2463 1031 2530 lemmate
1054 2465 1141 2530 πόλιν
1166 2463 1362 2545 κεραϊζέμενι

168 2576 224 2646 τὴν
252 2573 342 2638 πόλιν
371 2574 535 2653 πορθοῦντα
570 2573 623 2636 καὶ
652 2573 882 2650 διαφθείροντα,
907 2571 991 2636 unde
1015 2575 1047 2636 in
1070 2570 1103 2635 H
1127 2591 1251 2656 quoque
1275 2591 1362 2654 prae·

169 2701 242 2746 aens
265 2682 409 2764 rescripsi
434 2699 490 2764 pro
514 2682 640 2745 acrisio.
689 2679 824 2744 Factum
845 2685 893 2742 eat
913 2685 1021 2742 autem
1041 2678 1094 2743 hio
1113 2678 1198 2743 idem
1220 2695 1363 2762 acaupra

169 2788 209 2852 ad
234 2807 279 2850 vs.
306 2784 389 2850 499:
411 2793 546 2870 utroque
567 2785 672 2852 codice
692 2787 819 2851 uberior
837 2797 885 2850 est
905 2783 1179 2870 Hamburgensis,
1192 2783 1230 2848 ad
1243 2781 1364 2848 lemma

168 2893 296 2956 ἱππόθεν
331 2893 494 2972 ἐκχύμενοι
518 2893 596 2958 haec
620 2893 788 2958 exhibens:
814 2892 976 2970 ε’νόργειοον
999 2891 1120 2966 ἐποίησε
1145 2891 1196 2954 θινὶ
1220 2891 1362 2961 ταύτην

168 3000 242 3073 τὴν
264 2995 334 3074 λόξ
345 3019 395 3063 ιν·
421 3000 725 3069 καταλείποντες
745 2998 809 3076 γὰρ
829 3000 881 3062 τὸν
894 3005 994 3062 κοῖλον
1008 2998 1102 3076 λόχον
1115 2998 1166 3062 καὶ
1181 2997 1362 3078 ἐκχυθέντες
1423 3059 1424 3062 ,

169 3105 257 3170 κατόν
280 3107 336 3179 τὴν
358 3105 448 3170 πόλιν
473 3103 611 3182 θπόρόονν
636 3105 743 3178 αὐτόν.
766 3103 818 3168 καὶ
840 3101 937 3174 ἄλλος
960 3103 1015 3178 μὲν
1036 3105 1186 3184 οόλλοιχοῖι
1205 3104 1364 3184 τόρνόρμόρν

168 3214 335 3285 ε’ποιθτοιτο
366 3213 404 3284 ὡς
437 3212 499 3275 ἐπὶ
534 3209 659 3284 ννκτός,
692 3211 705 3274 ό
737 3211 768 3274 δὲ
797 3210 967 3280 Ὀδυσσεὺς
992 3210 1047 3274 σὺν
1070 3213 1112 3290 τῷ
1136 3209 1288 3291 Μενελοόῳ
1313 3211 1363 3275 ἐπὶ

168 3321 222 3384 τόν
255 3319 435 3399 Δηΐφοβον·
468 3318 520 3382 καὶ
552 3319 693 3391 ἐνίκησαν
724 3321 833 3398 γνώμῃ
866 3318 997 3388 Ἀθννῖις
1030 3315 1201 3382 δεινότατον
1229 3315 1364 3393 πόλεμον

169 3426 496 3500 πολεμήσαντες.
545 3424 636 3504 Quod
663 3423 760 3489 codex
786 3423 841 3488 dat
864 3425 958 3486 κοινὸν
982 3424 1078 3504 λόχον
1101 3421 1261 3488 Prellerus
1287 3425 1364 3489 bene

169 3534 325 3608 correxit,
356 3532 394 3602 ὥς
426 3531 476 3594 ἐπὶ
509 3531 631 3602 νυκτός,
662 3531 746 3614 quod
778 3528 924 3616 intellegi
956 3532 1083 3614 nequii,
1107 3529 1249 3594 eiusdem
1273 3533 1365 3610 πορθ·

170 3663 258 3716 ραμα
295 3657 362 3702 esso
393 3637 503 3703 docuit
538 3637 760 3714 hedwichius,
794 3657 867 3700 cnm
899 3635 997 3701 codex
1018 3639 1058 3706 ὡς
1083 3633 1235 3718 ἔτυχον
1260 3637 1365 3708 νυκτός

173 3744 322 3830 praebeat
353 3746 484 3830 egregio
517 3763 626 3821 sensu,
658 3749 781 3808 caetera
816 3744 942 3806 minuta
972 3741 1040 3826 ipse
1071 3745 1238 3828 corrigam.
1286 3742 1364 3807 Scri·

173 3851 313 3916 bendum
345 3851 471 3934 itaque:
503 3850 665 3928 ἐνάργειαν
695 3850 816 3922 ἕποόοροε
847 3849 897 3912 aaa
930 3850 1068 3920 ταύτης
1098 3855 1145 3922 τῆ
1155 3872 1169 3918 ς
1200 3845 1367 3936 λέξεως,

171 3965 205 4023 ei
240 3957 530 4028 καταλιπόντες
566 3958 629 4034 γὰρ
664 3957 715 4020 τόν
747 3963 846 4020 κοῖλον
877 3955 992 4032 λόχον,
1025 3965 1062 4018 nt
1091 3957 1125 4018 in
1154 3953 1295 4019 Homero
1320 3963 1367 4018 eat

176 4063 365 4150 flagitatque
400 4055 533 4147 sequens
567 4065 763 4144 ἐκχυθέντες,
798 4073 831 4126 et
859 4064 893 4126 in
926 4060 1003 4126 fine:
1037 4061 1206 4125 δεινότατον
1230 4061 1366 4135 πόλεμον

172 4171 480 4246 τολμήσαντες,
513 4189 587 4234 nam
620 4170 680 4234 hoc
711 4188 835 4254 quoque
864 4169 910 4233 sic
941 4166 1024 4252 apud
1057 4165 1236 4231 Homerum
1265 4173 1312 4232 est
1335 4175 1367 4233 et

176 4278 211 4342 in
235 4275 335 4342 simili
358 4274 542 4361 paraphrasi
566 4297 603 4339 ex
629 4275 656 4354 Q
680 4275 720 4340 ad
743 4296 788 4341 va.
817 4274 899 4340 519:
922 4271 983 4354 ἔφη
1003 4273 1034 4337 δὲ
1054 4273 1213 4339 αἰνότατον
1233 4273 1367 4353 πόλεμον

178 4385 387 4462 τολμήσαντα
410 4380 521 4446 ἔπειτα
546 4387 676 4454 νικῆσαι.
