3318 5138
853 317 896 386 el

175 589 177 594 Δ
279 529 373 595 quern
394 509 470 574 hoo:
493 513 579 588 σφῶν
599 510 667 573 sine
688 531 697 569 ι
715 529 771 592 pro
789 507 906 594 plurali
925 511 1036 576 tertiae
1053 531 1201 596 personae
1213 512 1355 596 poeitum
1367 531 1469 597 repre·

278 617 426 683 hensione
446 635 507 680 non
520 635 634 680 carere.
648 615 690 678 At
702 613 795 698 plane
807 619 914 680 eontra
927 620 983 688 eet.
996 637 1032 680 ee
1045 619 1072 681 si
1084 617 1143 682 hoo
1154 637 1264 682 senene
1275 616 1336 682 loei
1349 617 1469 683 Home·

279 723 336 788 rioi
358 743 421 788 non
444 728 621 807 respueret,
647 726 733 800 σφῶν
757 723 825 785 sine
848 718 861 784 ι
885 724 1004 806 optime
1027 723 1163 788 haberet.
1192 723 1301 810 Neque
1326 723 1469 790 hoovult

279 829 484 915 Apollonius,
515 829 586 894 sed:
614 823 685 907 deep
710 826 805 892 ἐδόκει
831 828 1026 905 ἐπίμεμπτον
1051 825 1127 909 εἶναι
1150 830 1187 902 ὥς
1213 833 1311 909 τρίτον
1335 832 1469 905 πληθυν-

278 938 360 1002 τικδν
385 936 450 1020 (ὃν)
476 936 552 1016 δι’χοι
576 940 628 998 τοῦ
663 927 909 1016 {penetrarem
935 939 988 999 τοῦ
1014 935 1108 1012 λόγου
1132 937 1337 1008 ἀπαιτοῦντος
1363 936 1467 1002 δεύτε-

278 1068 343 1123 ρον,
375 1044 407 1109 id
440 1048 504 1108 oet:
539 1039 648 1118 ἕποι’,
684 1041 760 1121 δι’χοι
793 1046 846 1106 τοῦ
872 1038 1119 1126 ΐγοοιφόμενον,
1144 1045 1242 1122 τρίτον
1268 1041 1469 1117 πληθυντικόν

279 1154 405 1216 ἐστιν.

325 1256 396 1322 Seio
428 1255 594 1341 equidem,
620 1292 662 1304 —
685 1259 722 1318 ut
750 1254 856 1320 redeat
879 1254 962 1320 unde
987 1254 1128 1342 digressa
1151 1261 1199 1322 eet
1223 1258 1341 1341 oratio,
1368 1295 1410 1304 -
1435 1259 1469 1322 in

280 1364 460 1448 abruptiore
482 1353 734 1426 Scholiastarum
759 1361 883 1427 dioendi
906 1381 1021 1447 genere
1046 1361 1199 1428 omissum
1217 1365 1273 1439 er,
1293 1363 1349 1427 ubi
1366 1363 1469 1428 adiee-

280 1476 350 1534 tum
381 1469 555 1544 vellemus,
587 1487 648 1532 non
680 1467 718 1532 ed
750 1470 860 1532 vivum
893 1467 1097 1532 reserandum
1122 1489 1197 1534 esse.
1223 1468 1333 1553 ltaque
1356 1471 1469 1535 invitis

279 1576 439 1642 eodieibue
469 1596 531 1640 non
561 1571 775 1639 sollicitandos
807 1573 884 1638 duxi
914 1573 1014 1650 loeoe,
1051 1576 1106 1640 nbi
1136 1597 1167 1642 v.
1181 1597 1207 1640 ο.
1246 1583 1388 1641 auetoree
1412 1582 1469 1641 aut

281 1683 404 1748 similes
427 1701 536 1746 verens
558 1701 614 1765 per
637 1700 739 1744 unum
770 1679 820 1744 eni
853 1679 1040 1759 laudentur,
1064 1685 1088 1764 't
1121 1687 1154 1748 et
1184 1684 1304 1748 intaeta
1333 1683 1467 1766 reliqui,

281 1789 387 1875 quelle
418 1793 508 1852 eunt:
541 1811 576 1866 χ,
610 1784 669 1853 73:
694 1787 842 1867 φαίνετον
867 1785 930 1864 γὰρ
955 1787 1006 1851 οὐκ
1031 1788 1159 1868 οἷοχρδν
1183 1797 1246 1859 τοῖς
1271 1790 1412 1870 ἄρχαίοις
1438 1789 1468 1853 ὃν

281 1897 315 1962 τδ
340 1895 512 1978 ληοτεύειν,
540 1891 607 1957 aa}
633 1892 816 1968 Θουκυδίδης
839 1892 955 1971 εἴρηκε,
982 1893 1107 1980 (Hei),
1132 1894 1209 1962 lieet
1233 1893 1259 1960 'I'
1284 1896 1399 1960 hebeat
1420 1898 1468 1968 ὥς

281 2003 347 2068 καὶ
373 2002 541 2088 probatum
565 2020 583 2064 e
606 1997 770 2064 Dindorlio
792 1997 836 2085 (p.
862 1997 951 2085 745),
973 2008 1099 2085 propter
1117 2002 1259 2067 eiusdem
1285 2002 1328 2066 rei
1354 2004 1467 2086 repeti·

282 2113 402 2176 tionem
422 2106 451 2184 ξ,
472 2106 553 2172 23οτ
576 2109 608 2172 οὐ
632 2105 695 2186 γὰρ
717 2106 845 2185 αἰσχρὸν
858 2107 905 2190 (τὸ
918 2107 1098 2191 recreem),
1114 2108 1165 2171 κοιὶ
1181 2108 1362 2181 Θουκυδίδης
1376 2108 1467 2185 φησί.

231 2207 233 2216 ’
281 2214 372 2301 (BQ).
387 2214 522 2280 -Item
543 2237 575 2288 ε,
599 2211 683 2276 280:
705 2207 861 2293 ἄγχιστον
881 2211 913 2276 δέ
933 2220 1011 2293 Φηοι
1036 2213 1109 2276 endi
1133 2214 1256 2286 τούτους
1282 2214 1469 2300 (Phaeaces)

281 2323 455 2402 ὑφιττοιτοιι
479 2328 533 2396 τῆς
557 2327 616 2399 γῆς
641 2317 797 2398 ἐσχάτους
820 2318 986 2390 οἰκοῦντος.
1021 2319 1087 2383 καὶ
1121 2322 1138 2395 ἦ
1171 2321 1341 2386 Νουτικοὶο
1371 2322 1469 2401 Φητίν

283 2428 438 2508 »οἰκέομεν
474 2441 541 2491 κτλ.
573 2425 666 2511 (PQ).
701 2465 741 2473 -
774 2425 809 2507 ζ,
844 2423 886 2489 54
919 2426 958 2490 ad
992 2427 1077 2504 perri
1113 2427 1252 2499 κλειτοὺς
1288 2427 1468 2504 decretione:

281 2538 307 2602 oi
332 2533 581 2613 κυκλούμενοι
606 2532 657 2598 διδ
678 2534 712 2598 τὸ
736 2532 914 2612 διαπρέπειν
939 2531 979 2604 εἰς
1004 2533 1062 2605 τοὶς
1087 2533 1215 2613 οὶγοοιὶς.
1241 2533 1381 2615 ἐπιφέρει
1404 2533 1468 2614 γάρ

283 2641 352 2722 „l‘oe
387 2666 440 2719 μιν
476 2640 586 2707 κάλεον
621 2641 753 2716 Φαίηκες
789 2635 937 2718 ἁγνυοί.”
972 2639 1039 2702 καὶ
1075 2643 1142 2721 περὶ
1180 2645 1234 2705 τοῦ
1270 2640 1467 2720 Τηλεμάχου

286 2787 326 2835 „-
340 2785 359 2798 -
373 2785 393 2800 -
425 2747 540 2820 πάντες
566 2748 629 2827 γὰρ
654 2745 827 2812 κοιλέουτι.”
850 2759 902 2831 ιλ,
930 2745 1007 2831 185)
1030 2753 1197 2827 πανταχοῦ
1220 2747 1284 2826 pte
1308 2757 1468 2814 κοιλεῑτοιι.

281 2855 346 2942 (Τ),
369 2857 426 2922 ubi
449 2854 554 2941 palem
579 2859 627 2920 eet
650 2853 701 2919 vel
725 2875 764 2920 ex
788 2855 1064 2939 interpretatione,
1088 2855 1185 2920 fuieee
1208 2858 1264 2940 qni
1287 2855 1469 2930 κλητοὺς

280 2967 441 3043 βασιλῆος
465 2961 624 3049 legerent,
649 2960 744 3045 idque
768 2957 972 3025 confirmatur
994 2963 1054 3038 iis,
1079 2981 1159 3047 quae
1185 2961 1226 3028 ad
1246 2960 1382 3026 eundem
1400 2981 1471 3028 ver·

283 3091 355 3136 sum
390 3072 424 3134 in
453 3069 481 3134 ll
510 3067 658 3133 adnotate
688 3072 779 3132 sunt:
813 3064 932 3131 ὄπισθεν
963 3074 1018 3132 τῶν
1050 3071 1177 3132 κλειτῶν
1209 3067 1379 3146 βκτιληυν.
1404 3071 1470 3132 νῦν

283 3178 345 3257 γὰρ
369 3175 439 3248 τοὺς
464 3172 595 3250 ἐνδόξους
621 3177 828 3240 καλοῦσιν.
856 3173 976 3240 Immo:
1002 3182 1139 3248 κνιλεῖ,
1160 3173 1323 3242 Homerus
1343 3195 1469 3260 nempe,

283 3305 345 3371 quo
369 3284 452 3349 faeto
475 3279 638 3346 stabilitur
660 3281 754 3346 lentio
778 3280 934 3364 κλειτούς,
955 3317 996 3330 -
1017 3303 1090 3346 nam
1116 3282 1175 3348 hoo
1197 3288 1246 3348 eet
1269 3282 1401 3362 ἐνδόξους
1426 3319 1469 3332 -

282 3391 426 3456 relicitur
461 3386 568 3452 eltere.
605 3387 738 3464 Κληπός,
771 3392 808 3452 ut
837 3388 896 3452 hoe
928 3407 1051 3473 quoque
1081 3388 1210 3466 eddam,
1237 3395 1399 3474 praeterea
1422 3390 1474 3456 bie

282 3497 413 3584 legitur,
437 3492 536 3558 semel
559 3495 591 3557 in
615 3493 730 3570 Iliade,
758 3491 773 3557 1
800 3492 862 3558 165
889 3529 929 3542 -
955 3493 995 3558 ed
1019 3515 1113 3579 quem
1138 3513 1266 3562 versum
1301 3495 1475 3562 Aristonici

282 3613 358 3670 note
388 3607 453 3677 eet,
480 3637 521 3648 —
547 3600 645 3665 semel
675 3602 708 3664 in
732 3598 889 3686 Odyssea,
915 3625 929 3681 ρ
956 3599 1031 3678 386,
1057 3601 1112 3666 ubi
1134 3604 1168 3667 in
1191 3600 1329 3668 Scholiie
1355 3604 1474 3670 noetris

283 3708 367 3775 nihil
402 3707 555 3772 traditum
592 3714 657 3789 est,
694 3712 828 3790 utroque
862 3705 931 3772 loeo
962 3707 1051 3773 nullo
1083 3713 1242 3793 praeterea
1272 3709 1475 3778 substantivo

283 3815 415 3882 edieeto.
451 3813 631 3896 Utrumque
664 3812 856 3878 'vocabulum
890 3815 1009 3898 optime
1033 3814 1179 3879 distinxit
1203 3819 1297 3899 atque
1322 3813 1475 3901 interpre-

287 3929 373 3987 tatus
405 3931 452 3984 eet
486 3917 670 4004 Apollonius
698 3917 848 4003 Sophiste
879 3940 903 3983 s.
928 3941 981 3986 vv.
1004 3917 1212 4004 (Κλειτάςτ
1237 3921 1403 3998 κλεϊοτιὲς,
1429 3922 1475 3985 ἕν-

290 4029 402 4108 δόξους.
439 4065 480 4075 -
514 4014 715 4098 Κλητούςι
754 4025 822 4096 τοὺς
860 4027 894 4101 ἐξ
928 4027 1074 4104 ὀνόματος
1110 4025 1353 4115 eunomianae),
1386 4009 1476 4096 houd

288 4219 458 4229 ——.—.

318 4309 342 4369 1)
359 4307 512 4373 saepiuscule
538 4305 598 4356 talis
623 4306 736 4371 leguntur
762 4306 787 4354 in
812 4307 966 4356 Arietonioeis
994 4309 1022 4357 ed
1049 4309 1157 4367 Iliadem,
1183 4325 1206 4358 v.
1221 4325 1240 4358 ο.
1267 4311 1297 4358 ad
1322 4309 1473 4369 e1,a⁴o,

286 4405 302 4448 B
324 4399 381 4456 489,
408 4405 429 4448 Δ
454 4399 510 4457 348,
536 4403 559 4446 Θ
582 4395 639 4456 ³25,
666 4402 688 4444 Θ
711 4395 759 4444 455
787 4397 864 4454 mett,
889 4396 932 4445 etei
951 4395 1026 4446 ruulto
1044 4397 1135 4464 saepius
1153 4397 1183 4456 ὤς
1200 4398 1237 4446 rel
1256 4399 1303 4448 alie
1320 4399 1474 4466 comparandi

281 4482 398 4549 particula
415 4481 501 4532 nediu.
