3318 5138
739 338 801 418 117

171 543 245 611 νεῖς.
297 535 346 606 lia
375 541 526 608 audaoine
548 543 652 630 egisse
675 541 801 624 videar,
826 543 887 606 etei
909 544 1066 610 sententia
1088 543 1157 626 ipen
1180 537 1214 608 id
1237 547 1362 609 tantum

168 665 233 710 uon
257 643 393 723 elamat,
419 646 606 713 evolvamus
626 645 888 734 Etymologicum
911 645 1081 735 Magnum.
1106 646 1352 726 Λευγαλίονι

169 750 203 818 τό
241 753 341 832 ιἰγρόν.
379 761 543 835 Σοφοκλῆς
577 753 679 837 ,μόρῳ
709 753 807 839 (reete
837 751 989 818 Lehreiua
1019 753 1135 847 μόρῳ)
1158 752 1362 836 λευγαλέῳ”·

168 860 222 924 καί
256 857 395 941 Ὀμηρος
430 859 560 932 Ἰλιοίδος
592 867 618 925 Φ
652 863 723 944 ,νῦν
755 857 788 923 δέ
813 883 856 935 με
884 859 1047 940 λευγαλέῳ
1078 859 1199 941 θανιίτῳ
1232 857 1360 939 είμαρτο

168 964 314 1044 ἁλῶναί,
352 966 492 1032 τουτέστι
529 967 572 1049 τῷ
603 964 641 1030 δι’
672 963 801 1036 ὕδατος·
835 965 851 1039 l
884 967 1038 1050 χαλεπῷ,
1068 963 1185 1048 οίδόξῳ,
1216 965 1303 1046 ταρίι
1326 967 1362 1034 τδ

168 1071 276 1154 χεύω,
300 1073 464 1155 χευαλέον.
489 1073 632 1151 σημαίνει
657 1071 690 1138 δέ
714 1070 767 1138 καί
791 1073 825 1137 τὸ
849 1072 998 1151 όλέθριον,
1024 1073 1132 1154 παρὰ
1156 1072 1199 1138 τό
1223 1071 1362 1151 λοιγόν

167 1178 415 1259 λοιγαλέον,
446 1179 499 1245 καὶ
530 1177 694 1258 μεταθέσει
724 1183 783 1243 τῶν
806 1179 985 1264 στοιχείων,
1008 1177 1192 1258 λευγαλέον.
1238 1177 1363 1258 Ultima

168 1305 207 1350 ex
238 1285 445 1353 Arietarobaa
475 1285 618 1352 doctrina
640 1283 819 1362 fluxerunt,
843 1291 882 1350 ut
903 1293 1032 1371 apparet
1056 1307 1102 1352 ex,
1118 1285 1221 1352 tribua
1243 1286 1365 1352 Aristo·

167 1393 233 1457 nioi
267 1389 407 1458 Scholiie
437 1393 504 1458 iam
536 1398 609 1458 ante
639 1389 865 1456 Ludwiohium
898 1390 1076 1457 aLebreio
1097 1391 1261 1468 indicatio,
1287 1411 1363 1476 qno·

168 1517 243 1562 rum
276 1499 534 1583 eopioaieaimnm
564 1502 614 1564 eet
644 1496 684 1563 ad
706 1495 802 1565 Iliad.
826 1505 852 1563 Φ
876 1495 959 1562 281ι
985 1493 1031 1564 ότι
1056 1498 1091 1563 ἐκ
1114 1497 1222 1564 τούτου
1245 1497 1271 1563 σί
1295 1497 1363 1562 νεό-

40 1615 43 1620 ’
167 1625 247 1682 τεροι
282 1599 460 1679 ἐξεδέξαντο
490 1601 663 1683 λευγαλέον
691 1602 742 1668 τόν
766 1602 898 1683 δίυγρον·
922 1601 1012 1669 ἔστι
1034 1603 1074 1668 δέ
1098 1603 1205 1671 κατὰ
1230 1626 1363 1670 κοινω-

168 1711 259 1774 νίαν
283 1711 503 1792 στοιχείων
526 1708 759 1791 λευγαλέον
778 1711 975 1794 όλίθριον,
994 1709 1102 1789 ταρόι
1121 1708 1187 1776 τόν
1207 1709 1361 1787 λοιγόν·

167 1816 221 1880 καί
243 1817 276 1882 όν
298 1815 465 1901 Ὀδυσσείρ
484 1816 522 1900 (β
534 1815 574 1884 61
591 1819 613 1883 i.
626 1837 653 1884 e.
674 1824 781 1884 nostro
800 1816 882 1894 loeo)
907 1815 1094 1896 ,λευγαλέοι
1113 1817 1144 1881 τ’
1168 1816 1321 1896 ἐσόμεσθα
1329 1815 1362 1895 ,”

167 1923 288 2008 quibua
311 1922 448 2002 similia,
471 1921 527 1990 aed
546 1923 708 2006 breviora,
727 1931 850 1989 caetera
869 1921 932 1988 duo
952 1921 1080 1989 Scholia
1098 1924 1226 1989 babent.
1250 1921 1363 2009 Itaque

166 2030 364 2114 principium
394 2031 493 2096 noeiri
523 2049 648 2116 quoque
677 2027 797 2096 Sohohi
827 2049 866 2094 ex
897 2028 1079 2096 Aristonioo
1111 2030 1189 2114 fuit,
1214 2031 1260 2096 eio
1282 2028 1362 2095 olim

167 2135 583 2221 norcomannorum:
610 2132 642 2222 (ό
646 2159 666 2197 τ
676 2137 698 2220 ι)
723 2134 792 2201 cirri
816 2141 869 2201 τοῦ
894 2135 1050 2213 λοιγαλέοι
1075 2137 1162 2216 παρὰ
1186 2136 1237 2201 τόν
1256 2135 1362 2214 λοιγόν

165 2241 236 2306 ani
273 2246 329 2308 τοῦ
365 2243 512 2316 ἀσθενεῖς.
554 2239 734 2310 Graiarum
769 2241 1001 2330 etymologiam
1034 2241 1212 2308 Aristarchi
1246 2241 1361 2308 fabam

167 2365 252 2426 aare,
293 2351 510 2435 unusquisqne
546 2369 631 2415 nuno
669 2346 864 2435 intellegit·
891 2346 953 2414 Sed
988 2355 1025 2414 nt
1059 2353 1128 2414 eine
1161 2345 1361 2436 etymologia

166 2451 247 2520 falsa
289 2455 350 2539 eit,
389 2475 450 2520 non
486 2461 592 2520 tannen
626 2474 853 2540 usquequaque
886 2461 934 2520 eat
968 2457 1095 2540 inepta,
1128 2459 1165 2520 ut
1200 2469 1360 2532 σοοοοοεο,

167 2581 246 2646 quaa
291 2559 509 2650 Etynnologiei
553 2559 668 2650 Magni
710 2560 899 2646 compilator
939 2563 1045 2628 neeoio
1083 2560 1167 2628 unde
1209 2562 1361 2646 arripuit,

166 2667 288 2752 quibua
317 2687 379 2734 non
408 2667 515 2733 minua
538 2665 687 2752 pnlebrae
709 2665 837 2735 aliunde
859 2665 1007 2734 collectae
1029 2667 1119 2733 addit
1141 2665 1359 2755 Etymologiei

168 2769 314 2840 Gudiani
337 2783 462 2840 audior:
490 2755 698 2844 Λευαλέός
724 2774 838 2860 (immo
861 2773 1131 2860 Λευγαλέις);
1155 2773 1358 2852 ότανοῦργος

167 2880 220 2945 καί
255 2884 402 2960 Φαῦλος,
430 2879 517 2960 aare
544 2880 581 2945 τό
609 2879 709 2946 λειίοιν
733 2879 786 2944 καί
809 2879 844 2944 τό
867 2877 969 2959 ἔργον,
998 2879 1132 2958 λεωργός
1159 2879 1212 2945 καί
1236 2883 1361 2961 λεορτίης

168 2989 311 3068 (λεοργίης
320 2984 349 3074 ί)
371 2981 423 3054 διδ
446 2993 500 3054 τοῦ
524 3010 538 3054 ο
562 2987 614 3054 καί
638 2987 844 3065 λευογαλέος,
871 2988 936 3074 (καί
960 2971 1049 3070 add.)¹
1064 2987 1150 3054 κατίι
1169 2990 1360 3068 συναλοιφὴν

169 3093 252 3181 [καί]
280 3093 317 3159 δι’
337 3096 491 3176 εὐφωνίαν
514 3093 698 3174 λευγαλέος.
721 3092 794 3160 Ηοο
816 3113 891 3161 vero
914 3100 964 3161 aet
984 3095 1109 3160 κλόθειν
1130 3093 1358 3175 οίοιίγκλιιστα,

169 3219 204 3268 aa
224 3223 268 3269 ne
290 3203 358 3268 rien
380 3201 509 3288 quidem
532 3200 677 3289 dignuin

212 3307 305 3388 Quae
326 3309 360 3373 in
383 3307 594 3374 adnotationis
616 3328 665 3373 ex·
678 3304 778 3372 Hirr
796 3305 900 3374 editae
918 3309 1009 3376 exitu
1027 3305 1180 3375 oollooatn
1191 3308 1361 3396 paraphra·

169 3433 236 3480 aeae
282 3412 391 3480 looum
426 3413 591 3490 obtinent,
634 3412 733 3478 simul
776 3413 877 3480 faeere
911 3419 1042 3499 posenni
1077 3413 1116 3479 ad
1148 3415 1243 3482 breve
1276 3415 1360 3482 illud

169 3519 318 3588 Scholion
349 3521 546 3598 sanandum,
570 3519 655 3606 quod
677 3541 717 3586 ex
738 3517 761 3585 S
785 3518 946 3606 prolatum
970 3519 1075 3586 aolurn
1099 3523 1162 3606 ipei
1186 3524 1290 3588 textui
1315 3521 1357 3609 (p.

170 3623 223 3705 83,
251 3632 266 3692 l
293 3634 327 3694 et
349 3625 382 3714 2)
407 3628 563 3693 insertum
587 3633 646 3693 eei.
672 3626 730 3691 Καί
754 3627 788 3691 ori
811 3624 993 3701 δεδαηκότες
1016 3628 1133 3701 ἆλκιίντ
1158 3629 1210 3692 καί
1231 3627 1359 3712 είδίτες,

170 3735 405 3812 μεμαθηκότες,
430 3731 693 3811 έτιστοίμιθα
715 3733 767 3798 τόν
791 3733 899 3811 τρόπον
922 3741 977 3810 τῆς
1000 3733 1163 3814 βοηθείας,
1187 3742 1243 3810 τοῖς
1267 3733 1358 3799 δυνοί-

170 3862 262 3918 μεως.
294 3839 388 3926 Fuit,
418 3839 527 3907 orado:
562 3840 614 3905 καί
647 3839 742 3924 (οὐκ)
776 3838 904 3918 είδότες,
927 3840 1164 3926 μεμαθηκότες,
1189 3841 1358 3907 έτιστιί-

171 3970 282 4025 μενοι
305 3948 357 4014 τόν
380 3946 488 4029 τρότον
511 3956 567 4021 τοῖς
590 3946 743 4026 βοηθείας.

214 4181 252 4236 γ.
277 4157 308 4224 δ.
341 4157 395 4225 Ad
425 4160 514 4224 tertii
540 4155 616 4223 libri
639 4155 766 4224 Scholia
788 4165 987 4225 transeuntes
1010 4159 1124 4224 itidem
1147 4161 1181 4226 in
1205 4163 1275 4246 ipso
1298 4165 1361 4229 iere

172 4261 281 4334 limine
313 4265 512 4333 offendimus.
560 4261 670 4329 Oritur
699 4261 747 4330 eol
774 4261 812 4330 ίν’
837 4266 1017 4332 ιίθανοίτιισι
1039 4269 1159 4344 Φοείνοι
1178 4273 1194 4351 Η
1217 4271 1270 4333 καί
1295 4271 1366 4346 laq:

174 4380 248 4439 τοῖσι
282 4371 433 4454 βροτοῖσιν
464 4372 514 4438 ίτί
548 4367 682 4452 ζείδωρον
705 4368 842 4451 ἄρουραν.
889 4371 1069 4440 Adnotatur
1092 4373 1132 4440 ad
1154 4371 1231 4442 liaeo
1254 4377 1288 4442 in
1312 4375 1361 4444 B:

174 4479 299 4555 θνητοῖσι
329 4479 496 4562 βροτοῖσινο
520 4478 684 4558 βροτοῖς
709 4477 954 4545 όόανοίτοισι
977 4481 1031 4545 καί
1056 4481 1190 4559 θνητοῖς,
1222 4481 1265 4546 τό
1288 4485 1361 4560 μέν
