3278 5148
795 343 797 346 ’
863 320 954 430 νον

348 573 375 627 ι,
404 548 454 616 12.
488 551 598 616 Ulixes
628 553 668 618 ad
701 551 886 618 Alcinoum:
912 553 955 617 σοί
980 553 1007 618 δ’
1032 553 1096 628 έμά
1121 553 1216 627 κήδεα
1240 555 1332 632 θυμὸς
1361 549 1492 634 ἐπετρά-

304 681 377 722 πετο
407 656 567 724 στονίευτα
585 656 603 732 Η
618 659 733 738 εἴρεσθ’.
764 659 932 744 Adscripta
963 665 1010 725 est
1042 659 1091 724 his
1114 661 1292 728 observatio
1315 661 1490 736 rhetorica,

303 765 410 849 quales
434 764 473 830 ad
495 785 615 831 nonum
639 769 823 851 praesertim
847 765 967 831 libram
991 765 1081 855 larga
1106 787 1203 833 manu
1223 767 1402 834 effuderunt
1421 789 1492 852 per·

303 869 401 936 multi
423 870 508 936 male
533 868 636 936 seduli
659 877 769 957 poetae
792 875 995 958 interpretes,
1020 893 1097 957 quos
1124 873 1255 961 collegit
1277 871 1488 963 Porphyrius

237 992 239 998 ’
302 977 405 1052 έπειδίρ
447 977 558 1054 μέλλει
602 980 668 1058 περί
711 981 908 1057 πραγμάτων
951 978 1138 1066 διηγεῖσθαι,
1182 983 1285 1055 ἠθικῶς
1330 1005 1492 1060 προκατα-

301 1083 442 1166 σκευάζει
474 1079 519 1149 ὅτι
549 1089 673 1161 μάλλον
702 1088 744 1166 τῷ
778 1085 912 1168 ἡμετέρῳ
944 1073 1103 1167 συμποσίῳ
1136 1085 1262 1168 άρμάζει
1290 1087 1359 1152 καί
1392 1090 1410 1162 οἱ
1435 1093 1490 1152 τοῦ

302 1191 460 1273 κιθαρῳδοῦ
493 1191 655 1275 άιιρίασις,
687 1189 754 1270 ἵνα,
787 1193 840 1258 ἐάν
870 1192 1000 1274 θχλιρρδς
1031 1193 1201 1274 φαίνηται,
1233 1202 1295 1267 τοῖς
1331 1195 1493 1274 βιασαμέ-

299 1323 356 1370 νοις
388 1299 563 1380 ἀναφέρωσι
595 1299 649 1373 τὴν
681 1299 797 1364 αἰτίαν.
830 1296 900 1376 άμα
932 1300 963 1364 δέ
995 1300 1046 1364 καί
1072 1303 1226 1380 προσοχίρν
1250 1299 1419 1382 ἐργάζεται
1443 1298 1489 1368 θ’τι

301 1406 405 1471 πολλά
442 1408 631 1484 ἀπαγγελεῖ
662 1403 833 1485 παράδοξα,
861 1404 913 1490 (Τ)
946 1408 996 1470 Au
1027 1409 1129 1492 igitur
1159 1427 1285 1492 semper
1315 1407 1489 1474 molestum

301 1518 349 1579 est
384 1518 416 1578 et
450 1533 469 1577 a
499 1514 639 1578 convivii
671 1511 832 1578 hilaritate
865 1511 1024 1589 alienum,
1057 1513 1089 1578 έν
1111 1515 1271 1594 συμποσίῳ
1295 1514 1362 1594 περὶ
1388 1539 1490 1594 πραγ-

301 1619 409 1694 μάτων
445 1615 637 1698 διηγεῖσθαιί
667 1617 738 1683 Non
771 1620 895 1704 opinor,
922 1618 976 1683 sed
1000 1603 1182 1684 narraturus
1206 1626 1273 1684 erat
1296 1619 1410 1686 Ulixes
1433 1643 1491 1688 sua

196 1713 204 1722 ⁰
301 1725 395 1799 κάδεα
431 1725 548 1789 στονί
557 1747 669 1798 εντα,
701 1743 835 1808 qnorum
868 1726 1129 1790 commemoratio
1160 1725 1235 1790 huic
1266 1726 1398 1792 sortasse
1421 1727 1489 1796 loco

300 1838 331 1897 et
363 1834 498 1917 tempori
530 1833 638 1896 minus
668 1832 832 1894 convenire
862 1834 985 1914 poterat
1015 1830 1126 1896 videri.
1173 1831 1270 1897 Deest
1298 1836 1401 1918 igitur
1431 1835 1488 1900 ali-

300 1938 393 2023 quid,
426 1936 510 2023 quod
541 1935 634 2022 quale
664 1938 707 2002 sit
737 1955 812 2000 mox
837 1936 1010 2020 apparebit.
1058 1934 1175 2002 Statim
1199 1945 1270 2023 post
1294 1940 1346 2004 καί
1370 1941 1488 2008 indicio

298 2051 346 2110 est
377 2047 495 2110 iterum
520 2040 641 2127 aliquid
667 2041 846 2106 desiderari.
895 2039 1036 2106 Tandem
1059 2045 1213 2108 vitiosum
1239 2063 1306 2110 esee
1332 2048 1486 2128 ἡμετέρῳ,

299 2151 465 2232 vitiosum*
481 2159 544 2221 τοῖς
577 2149 800 2232 βιασαμένοις,
836 2185 876 2196 -
910 2167 1011 2212 unum
1035 2148 1120 2214 enim
1145 2149 1314 2216 Alcinoum
1339 2156 1483 2240 respicit,

298 2265 330 2325 et
364 2261 391 2324 si
426 2277 535 2324 omnes
571 2277 644 2321 eum
680 2255 838 2320 Phaeaces
873 2253 913 2319 ad
948 2255 1140 2320 narrandum
1175 2257 1375 2345 adegissent,
1410 2261 1487 2345 quid

298 2371 379 2432 esset
403 2386 458 2432 cur
482 2363 641 2450 quendam
665 2361 717 2427 vel
737 2360 891 2446 quosdam
917 2357 1101 2446 culparent?
1119 2398 1164 2410 —
1183 2383 1277 2430 namo
1297 2386 1359 2432 non
1379 2369 1485 2432 sentit.

297 2469 485 2537 Deficientis
520 2467 694 2554 supplenda
731 2474 763 2534 et
795 2466 947 2532 mendosa
981 2467 1120 2542 sananda
1155 2471 1303 2535 existimo
1335 2475 1369 2536 in
1402 2474 1486 2542 hunc

296 2578 447 2644 modum:
475 2575 578 2649 ἐπειδὴ
602 2575 712 2652 μέλλει
737 2571 803 2652 περί
827 2571 1024 2651 πραγμάτων
1050 2573 1132 2660 (δυσ
1140 2581 1284 2656 χερῶν)
1298 2577 1484 2658 διηγεῖσθαι,

296 2686 400 2760 ἠθικῶς
425 2679 712 2762 προκατασκευάζει
733 2679 779 2746 tn
799 2683 923 2756 μάλλον
944 2683 986 2760 τῷ
1008 2679 1189 2762 ὑμετέρῳ
1209 2688 1370 2768 συμποσίῳ
1383 2690 1486 2768 (εὐω·

296 2789 384 2874 χία)
420 2784 554 2868 άρμθζει
582 2787 632 2852 καί
665 2790 768 2862 άιτοῦ
800 2786 959 2866 κιθαρῳδοῦ
992 2787 1154 2867 άιιρθασιρ,
1187 2786 1236 2854 ίνα
1270 2789 1324 2856 ἐάν
1356 2795 1487 2876 θχλνρθι

296 2899 447 2977 φαίνηται
483 2898 532 2975 τῷ
572 2893 770 2973 βιασαμένῳ
810 2893 985 2974 άναφέρωσι
1017 2895 1072 2968 τίρν
1104 2896 1219 2960 αίτίαν.
1266 2893 1487 2966 Plurimarum

297 3004 411 3070 harum
450 3003 679 3068 correctionum
715 2998 911 3065 fideiussores
947 3002 1010 3064 sint
1043 2998 1124 3084 HQ,
1160 3001 1268 3067 eadem
1305 3004 1362 3070 sed
1392 3006 1488 3091 paulo

297 3110 506 3175 contractiora
537 3108 621 3174 male
648 3107 687 3172 ad
712 3127 759 3172 vs.
787 3104 829 3169 14
851 3105 1037 3186 referentes:
1064 3107 1131 3185 περὶ
1156 3106 1362 3190 δυσχερῶν
1386 3135 1489 3190 πραγ.

296 3218 405 3293 μάτων
435 3215 558 3291 μέλλων
588 3213 693 3291 λέγειν
723 3205 1013 3292 προασφαλίζεται,
1047 3208 1096 3276 ἵνα
1129 3213 1181 3278 έάν
1214 3223 1299 3296 φανῇ
1336 3240 1366 3282 τι
1397 3219 1487 3299 αὐτῷ

298 3323 427 3403 ίχλυρδς
453 3322 509 3394 είς
536 3319 602 3385 τδν
625 3319 883 3398 βιασάμενον
907 3319 941 3382 τὸ
967 3317 1061 3384 αίτιον
1085 3315 1113 3400 ᾗ.
1139 3319 1185 3384 έτι
1209 3319 1239 3386 δὲ
1259 3323 1311 3386 καί
1334 3327 1488 3406 προσοχὴν

299 3426 466 3510 ἐργάζεται
490 3435 554 3499 τοῖς
578 3425 785 3506 ἀκροωμένοις.
809 3422 872 3490 Hic
894 3445 1017 3512 quoque
1037 3433 1202 3511 peccatum
1223 3434 1270 3494 est
1289 3430 1344 3496 sed
1362 3431 1487 3498 inverso

300 3537 401 3603 modo,
450 3534 659 3620 Perspicuum
683 3531 788 3615 enim,
812 3536 844 3594 et
868 3533 919 3596 έθιν
943 3537 1030 3616 Φοινῇ
1054 3556 1083 3598 τι
1108 3534 1245 3608 αὐτοῖς
1270 3538 1400 3619 ὀχληρὸς
1419 3558 1487 3606 cor·

296 3645 360 3732 rigi
383 3647 526 3728 oportere
549 3644 581 3704 ‘et
603 3642 638 3702 τί
662 3638 758 3703 αίτιον
782 3637 826 3718 ίῳ.

343 3879 368 3933 ι,
401 3854 452 3920 14.
485 3852 529 3917 Τί
558 3851 674 3931 πρῶτθν
701 3876 745 3917 τοι
780 3850 910 3934 ἔπειτα,
934 3852 966 3917 τί
990 3852 1017 3917 δ’
1042 3852 1185 3920 θστάτιον
1209 3855 1391 3936 ιιαταλέξω;
1415 3857 1486 3924 Μο-

296 3983 425 4038 namur,
457 3963 575 4026 iterum
600 3980 638 4024 ex
661 3979 724 4024 uno
747 3957 791 4024 fr:
817 3955 834 4021 θ
841 3980 892 4023 σα
917 3957 1005 4035 αὔξει
1029 3961 1084 4034 τίρν
1107 3965 1279 4043 προσοχιίν,
1307 3965 1485 4041 προσδοκίαν
1593 3957 1596 3962 ’

296 4069 437 4146 ἐμποιῶν.
476 4101 529 4116 -·
564 4067 611 4131 δεῖ
643 4066 706 4144 γάρ
744 4066 829 4144 παρά
869 4071 926 4130 τῶν
958 4066 1125 4132 άκουθντων
1159 4069 1257 4150 ἑαυτῷ
1287 4069 1485 4146 μδυειίνοιαν

298 4175 508 4258 ἐπισπᾶσθαι,
539 4176 580 4254 τῷ
610 4171 641 4236 δέ
673 4173 755 4252 λθγῳ
787 4173 955 4254 προσοχιίν,
983 4171 1032 4237 ἵνα
1056 4175 1107 4238 τὸν
1131 4176 1188 4252 μέν
1212 4173 1349 4252 λέγοντα
1373 4177 1484 4244 άποδέ·

295 4281 426 4360 ξωυται,
462 4286 521 4346 τῶν
557 4279 589 4344 δὲ
624 4275 820 4360 πραγμάτων
860 4279 1066 4355 ἐπιθυμήσωσι
1101 4281 1151 4346 τά
1186 4280 1396 4359 λεγόμενα
1432 4285 1482 4350 ναί

296 4389 432 4467 μάθωσιν
456 4385 527 4466 ὅπερ
547 4385 585 4452 δι’
604 4381 673 4450 θλου
693 4385 886 4466 κατάρθωιιεν
906 4385 1075 4460 Ὀδυσσεὺς
1097 4386 1203 4453 ἑαυτὸν
1223 4387 1280 4466 μέν
1303 4389 1481 4468 ἐπαινέσας,

294 4498 329 4560 τὸ
364 4495 395 4561 δέ
433 4495 545 4568 πλῆθος
580 4492 632 4557 καί
668 4493 722 4569 riv
759 4491 926 4567 καινίτητα
956 4500 1013 4561 τῶν
1047 4491 1242 4576 πραγμάτων
1275 4495 1481 4576 ἐνδειξάμενος
