3330 5144
839 341 906 416 250

273 534 362 613 μένος
395 533 446 602 καὶ
478 535 596 614 ἀγνοῶν
618 537 674 612 τὴν
697 538 808 605 ἑαυτοῦ
832 539 1009 616 ἐπιβουλήν.
1057 537 1093 602 ln
1117 541 1299 603 transcursu
1322 539 1468 603 notamus

273 644 455 729 sequiorem
475 644 645 724 dictiones,
670 645 884 731 κατεκτάνθν,
910 652 943 712 et
966 646 1114 722 καθῆσθαι
1139 643 1191 710 sal
1215 651 1271 720 τοῖς
1294 643 1468 726 τραπέζης,

274 757 308 818 et
337 751 455 817 vitium
485 750 577 818 facile
607 751 747 820 sanabile
769 755 803 818 in
825 754 998 828 initiaris
1022 754 1117 817 αὐτοῦ
1142 751 1311 829 ἐπιβουλήν
1334 772 1390 837 pro
1413 752 1468 825 ria

274 857 415 941 αὑτοῦ,
447 863 479 923 at
509 861 555 924 sin
579 859 619 924 ad
641 879 679 926 ea
700 861 940 945 perveniamus,
965 880 1101 945 quorum
1126 879 1221 926 causa
1243 863 1350 926 totum
1374 879 1469 946 appo·

274 966 408 1030 enimus.
454 963 603 1030 Primum
634 985 803 1032 monemur
833 966 1088 1040 aButtmanno‚
1114 969 1147 1030 in
1172 966 1278 1032 codice
1302 985 1369 1032 esse
1393 966 1468 1030 aias·

274 1067 459 1151 introire,
481 1079 554 1138 ants
577 1069 643 1138 ἔστι
667 1073 836 1139 inseruisse
859 1073 985 1138 Maium
1009 1075 1072 1138 οὐκ.
1120 1072 1304 1138 Laudamus
1327 1071 1467 1150 factum,

274 1182 384 1265 estque
409 1179 461 1244 aci
487 1181 599 1260 τυφλῷ
625 1178 714 1253 δῆλον
738 1181 857 1264 requiri
877 1182 1090 1267 negationem.
1138 1177 1199 1246 Sed
1220 1199 1276 1244 cur
1294 1197 1366 1246 enm
1386 1179 1469 1245 erci-

273 1285 357 1352 disss
378 1282 558 1352 ¹dicamus?
593 1285 703 1353 Potest
736 1306 823 1352 mero
856 1307 930 1352 casu
960 1286 1131 1369 excidisse,
1162 1291 1200 1350 ut
1226 1305 1318 1370 saepe
1341 1285 1467 1350 accidit

272 1390 427 1459 Attamen
457 1394 629 1460 advertunt
660 1414 716 1460 nos
749 1414 828 1479 quae
859 1395 1006 1459 continuo
1039 1403 1233 1479 sequuntur:
1267 1393 1380 1473 ἐθάρρει
1403 1393 1467 1473 γὰρ

272 1499 341 1564 καὶ
376 1499 428 1564 τὸν
463 1498 548 1565 δδλον
580 1502 649 1566 οὐκ
681 1500 807 1573 ἐνόησεν.
844 1500 985 1566 Dixissot
1015 1498 1129 1566 saltam
1162 1499 1252 1565 οὶλλοὶ
1283 1499 1335 1564 τὸν
1360 1498 1386 1564 δ.
1410 1500 1464 1564 οὐκ

273 1603 409 1684 ἐνόησεν,
446 1612 479 1672 et
509 1627 549 1672 ne
580 1608 625 1672 sic
657 1606 786 1692 quidem
817 1609 938 1692 optime
969 1606 1091 1672 dictum
1123 1606 1212 1672 foret.
1262 1605 1380 1672 Verum
1410 1607 1467 1672 nbi

179 1761 182 1768 -
273 1712 374 1779 semel
408 1712 694 1780 animadvertimus
728 1733 799 1779 eam
833 1715 935 1798 ipsam
969 1711 1160 1797 particulam
1195 1712 1265 1790 οὐκ,
1310 1731 1391 1798 quae
1432 1714 1466 1778 in

273 1821 419 1904 proxima
452 1819 709 1886 antecedentibus
743 1819 867 1904 detaut,
903 1821 1020 1886 iniuria
1053 1819 1116 1884 huc
1155 1839 1222 1886 esse
1262 1818 1466 1898 translatam,

273 1927 432 1992 sententia
460 1925 541 1993 hauc
576 1931 687 2012 sponte
722 1925 859 1991 formem
894 1925 1022 1990 induet:
1055 1927 1132 1989 cita·
1162 1927 1231 1991 οὐκ
1262 1924 1329 1991 ἔστι
1364 1933 1465 1992 τοῦτο.

274 2031 387 2112 ἐθάρρει
419 2032 481 2111 γὰρ
505 2033 553 2104 cic
585 2033 636 2098 ria
667 2030 903 2106 Macrinium.
952 2029 1098 2118 Suspicio
1129 2053 1185 2117 per
1208 2053 1241 2098 se
1264 2053 1326 2098 non
1350 2035 1467 2118 impro-

273 2137 390 2204 babilis
419 2141 533 2205 certior
555 2137 629 2214 liet,
654 2140 683 2204 si
706 2139 981 2206 observaverimus
1004 2138 1145 2204 scholion
1168 2160 1206 2205 ex
1231 2139 1258 2204 ll
1282 2159 1465 2224 expressum

271 2265 340 2312 esse
375 2266 414 2312 ex
444 2249 520 2312 nota
548 2244 651 2312 multo
682 2246 870 2330 antiquioris
904 2243 1106 2322 scholiastae,
1139 2247 1229 2312 cuius
1260 2246 1337 2311 haec
1368 2246 1465 2312 verba

272 2357 398 2420 servato
420 2357 495 2418 sunt
517 2354 551 2418 in
574 2351 630 2433 Po
653 2351 693 2418 asl
716 2373 763 2419 vs.
789 2351 854 2418 537
875 2351 1048 2437 adscripta:
1069 2357 1158 2417 τοῦτο
1179 2353 1220 2424 alc
1241 2353 1391 2418 σύστασιν
1410 2357 1464 2418 τοῦ

273 2458 361 2541 icccc
374 2507 383 2537 ,
414 2459 460 2524 irs
487 2459 541 2525 acl
566 2458 711 2524 πλειονων
734 2457 824 2524 ὄντων
847 2465 906 2524 τῶν
930 2457 1110 2538 ἐπιθεμένων
1134 2459 1187 2523 καὶ
1213 2459 1344 2526 tutator
1369 2460 1463 2532 οὐδεὶς

273 2564 460 2649 περιετῶθιρ,’
495 2566 637 2641 laertia
672 2562 788 2643 ἅπαξ
824 2567 969 2648 ᾔσθετο
1003 2575 1074 2641 τῆς
1111 2566 1329 2642 ἐπιθέσεως
1363 2589 1466 2645 γινο-

272 2673 408 2753 μένοι.

319 2780 486 2848 Praeterea
514 2783 557 2859 μλ
582 2778 665 2846 male
688 2779 775 2847 deest
799 2780 838 2847 ad
863 2805 881 2845 κ
905 2778 965 2865 86,
989 2781 1046 2846 ubi
1069 2779 1230 2847 Homerus
1253 2781 1292 2848 de
1316 2781 1465 2867 Laestry-

272 2909 391 2976 gonum
426 2900 510 2954 terra
544 2889 664 2952 mirum
700 2886 783 2952 illud
817 2893 941 2972 narrat,
977 2907 1067 2973 posse
1098 2886 1237 2973 aliquam
1268 2887 1337 2954 illic
1368 2889 1464 2955 bores

211 3033 215 3042 ·
272 3005 410 3080 (ursaque¹
430 2999 611 3080 pascentem
629 2992 790 3078 duplicem
811 2994 989 3061 mercedem
1010 3014 1138 3078 capere,
1161 2993 1260 3072 ἐγγὺς
1276 2994 1340 3071 γὰρ
1357 2991 1463 3064 νυκτός

271 3125 308 3170 τε
332 3102 384 3168 καὶ
411 3100 529 3177 ἤματος
553 3101 609 3165 ricc
634 3100 776 3166 κέλευθοι.
815 3099 867 3166 Ac
892 3101 948 3167 hos
972 3121 1082 3168 versus
1106 3099 1244 3166 Cratetis
1267 3099 1388 3188 legitur
1412 3121 1464 3166 ax·

270 3207 401 3296 plicatio
435 3209 529 3274 haec:
557 3207 685 3286 -Kpcisnc
721 3207 878 3287 βραχείαις
911 3209 1006 3273 αὐτοῦ
1039 3207 1214 3272 ὑποτίθεται
1245 3208 1304 3279 τὰς
1337 3205 1462 3281 νύκτας.

273 3349 328 3368 --
351 3314 403 3379 τὸν
435 3311 483 3380 οὖν
515 3314 670 3380 καθεύδειν
703 3313 945 3393 παραιτούμενον
969 3315 1094 3386 διπλοῦς
1118 3299 1242 3390 μισθοὺς
1267 3311 1463 3399 λαμβάνειν,

272 3423 289 3499 ἢ
321 3423 372 3489 τὸν
404 3424 434 3487 ἐν
467 3418 548 3502 ὕπνῳ
579 3420 614 3485 τὸ
641 3429 697 3496 τῆς
722 3423 837 3502 ἡμέρας
862 3421 941 3488 πολὺ
966 3421 1214 3502 καταχρώμενον.
1241 3419 1330 3506 (HQ)
1356 3419 1461 3487 lmmo

270 3551 346 3599 vero
380 3529 432 3595 τὸν
457 3565 509 3580 -·
533 3529 585 3606 μὴ
618 3530 867 3610 καταχρώμενον.
895 3567 936 3578 -
960 3529 1043 3594 Item
1075 3553 1099 3592 π
1124 3527 1208 3602 457,
1232 3527 1288 3592 ubi
1311 3526 1460 3594 Minerva

271 3637 376 3716 Ulixi,
409 3657 449 3704 ne
478 3658 497 3703 a
528 3635 660 3702 subulco
693 3636 922 3724 adgnoscatur,
953 3636 1057 3716 λυγρὰ
1089 3636 1120 3699 δὲ
1156 3633 1275 3713 εἵματα
1299 3631 1369 3699 ἕσσε
1393 3637 1461 3715 περὶ

269 3745 351 3828 χροΐ.
398 3745 577 3829 Expositos
607 3743 708 3823 λυγροὶ
740 3743 817 3828 quid
840 3746 881 3809 sit
905 3747 939 3810 in
964 3743 1013 3810 V:
1039 3745 1163 3817 εὐτελῆ,
1189 3743 1206 3817 ἢ
1232 3740 1382 3822 λαμπροί,
1407 3742 1461 3808 scd

269 3873 383 3922 vorum
407 3859 472 3918 est:
496 3851 608 3922 εὐτελῆ
616 3898 623 3920 ,
650 3851 702 3927 μὴ
726 3848 870 3929 λαμπροί.

315 4065 533 4152 Apposnimus
552 4061 637 4130 locos
655 4066 704 4128 sat
722 4060 859 4144 multos,
880 4061 935 4126 ubi
954 4062 1083 4148 negatio
1096 4081 1188 4148 aegre
1201 4081 1237 4126 ac
1249 4081 1324 4127 cum
1337 4067 1461 4128 senten·

269 4174 333 4239 tias
353 4173 468 4238 damno
487 4170 576 4236 abest
583 4189 591 4247 ς
613 4167 667 4233 sed
686 4172 761 4233 sunt
780 4169 878 4232 etiam
899 4165 1036 4251 aliquot,
1060 4169 1120 4234 etsi
1133 4187 1265 4234 numero
1277 4166 1460 4244 inferiores,

268 4280 326 4346 nbi
348 4279 460 4346 mdem
480 4276 560 4344 duce
578 4276 734 4342 sententia
750 4278 797 4339 ast
815 4272 1148 4360 expungenda‚cuius
1160 4294 1243 4340 nunc
1255 4275 1301 4338 rei
1313 4272 1461 4359 exempla

268 4385 423 4470 quaedum
453 4384 627 4471 insigniora
657 4379 820 4468 colligam.
867 4379 1025 4466 Penelope
1048 4380 1251 4466 protectionis
1275 4379 1460 4448 Telemachi

269 4491 398 4562 tundam
420 4510 520 4580 gnara
542 4489 625 4554 facta
648 4485 778 4554 ancillas
802 4489 961 4573 increpat,
986 4507 1066 4572 quae
1090 4509 1123 4553 aa
1148 4509 1164 4552 e
1188 4507 1297 4554 somno
1321 4506 1383 4552 non
1409 4509 1462 4582 er·
