<?xml version="1.0" encoding="UTF-8"?>
<!DOCTYPE html PUBLIC "-//W3C//DTD XHTML 1.0 Transitional//EN"
    "http://www.w3.org/TR/xhtml1/DTD/xhtml1-transitional.dtd">
<html xmlns="http://www.w3.org/1999/xhtml" xml:lang="en" lang="en">
 <head>
  <title>
</title>
<meta http-equiv="Content-Type" content="text/html;charset=utf-8" />
  <meta name='ocr-system' content='tesseract 3.04.00' />
  <meta name='ocr-capabilities' content='ocr_page ocr_carea ocr_par ocr_line ocrx_word'/>
</head>
<body>
  <div class='ocr_page' id='page_1' title='image "./adodysseameiusq01polagoog_0198.png"; bbox 0 0 3330 5144; ppageno 0'>
   <div class='ocr_carea' id='block_1_1' title="bbox 776 312 840 399">
    <p class='ocr_par' dir='ltr' id='par_1_1' title="bbox 776 312 840 399">
     <span class='ocr_line' id='line_1_1' title="bbox 776 312 840 399; baseline 0.016 -1"><span class='ocrx_word' id='word_1_1' title='bbox 776 312 840 399; x_wconf 74' lang='lat' dir='ltr'><strong><em>l&#39;ee</em></strong></span> 
     </span>
    </p>
   </div>
   <div class='ocr_carea' id='block_1_2' title="bbox 202 509 1397 3486">
    <p class='ocr_par' dir='ltr' id='par_1_2' title="bbox 202 509 1397 3486">
     <span class='ocr_line' id='line_1_2' title="bbox 204 509 1396 609; baseline 0 -23"><span class='ocrx_word' id='word_1_2' title='bbox 204 526 270 587; x_wconf 83' lang='lat' dir='ltr'><strong>tur.</strong></span> <span class='ocrx_word' id='word_1_3' title='bbox 316 509 406 587; x_wconf 78' lang='grc' dir='ltr'><strong><em>Ησεσ</em></strong></span> <span class='ocrx_word' id='word_1_4' title='bbox 427 516 530 609; x_wconf 79' lang='lat' dir='ltr'><strong>igitur</strong></span> <span class='ocrx_word' id='word_1_5' title='bbox 552 539 591 588; x_wconf 83' lang='lat' dir='ltr'><strong><em>er</em></strong></span> <span class='ocrx_word' id='word_1_6' title='bbox 614 519 733 588; x_wconf 84' lang='lat' dir='ltr'><strong>Veneto</strong></span> <span class='ocrx_word' id='word_1_7' title='bbox 756 521 904 588; x_wconf 73' lang='lat' dir='ltr'><strong>sonando.</strong></span> <span class='ocrx_word' id='word_1_8' title='bbox 936 520 1198 606; x_wconf 69' lang='lat' dir='ltr'><strong>sedationem,</strong></span> <span class='ocrx_word' id='word_1_9' title='bbox 1222 523 1256 588; x_wconf 90' lang='lat' dir='ltr'><strong><em>in</em></strong></span> <span class='ocrx_word' id='word_1_10' title='bbox 1279 518 1396 608; x_wconf 79' lang='lat' dir='ltr'><strong>quibos</strong></span> 
     </span>
     <span class='ocr_line' id='line_1_3' title="bbox 204 625 1396 715; baseline 0 -21"><span class='ocrx_word' id='word_1_11' title='bbox 204 625 315 696; x_wconf 80' lang='lat' dir='ltr'>nullus</span> <span class='ocrx_word' id='word_1_12' title='bbox 349 627 445 694; x_wconf 76' lang='lat' dir='ltr'><strong>codex</strong></span> <span class='ocrx_word' id='word_1_13' title='bbox 481 647 573 714; x_wconf 86' lang='lat' dir='ltr'><strong>opem</strong></span> <span class='ocrx_word' id='word_1_14' title='bbox 607 629 678 694; x_wconf 85' lang='lat' dir='ltr'><strong>fert.</strong></span> <span class='ocrx_word' id='word_1_15' title='bbox 724 626 815 694; x_wconf 82' lang='lat' dir='ltr'><strong>Siout</strong></span> <span class='ocrx_word' id='word_1_16' title='bbox 849 631 883 694; x_wconf 88' lang='lat' dir='ltr'><strong><em>in</em></strong></span> <span class='ocrx_word' id='word_1_17' title='bbox 916 649 954 694; x_wconf 85' lang='grc' dir='ltr'><strong><em>οσ</em></strong></span> <span class='ocrx_word' id='word_1_18' title='bbox 985 629 1055 715; x_wconf 78' lang='lat' dir='ltr'><strong>iper</strong></span> <span class='ocrx_word' id='word_1_19' title='bbox 1076 631 1250 708; x_wconf 78' lang='lat' dir='ltr'><strong>eontentio,</strong></span> <span class='ocrx_word' id='word_1_20' title='bbox 1272 631 1308 694; x_wconf 88' lang='lat' dir='ltr'><strong><em>in</em></strong></span> <span class='ocrx_word' id='word_1_21' title='bbox 1332 649 1396 714; x_wconf 79' lang='lat' dir='ltr'><strong><em>quo</em></strong></span> 
     </span>
     <span class='ocr_line' id='line_1_4' title="bbox 203 736 1395 821; baseline 0 -21"><span class='ocrx_word' id='word_1_22' title='bbox 203 755 290 801; x_wconf 85' lang='lat' dir='ltr'><strong>nuno</strong></span> <span class='ocrx_word' id='word_1_23' title='bbox 319 755 501 812; x_wconf 76' lang='lat' dir='ltr'>versamur,</span> <span class='ocrx_word' id='word_1_24' title='bbox 532 738 601 802; x_wconf 84' lang='lat' dir='ltr'><strong>sine</strong></span> <span class='ocrx_word' id='word_1_25' title='bbox 631 737 843 803; x_wconf 79' lang='lat' dir='ltr'><strong>controversie</strong></span> <span class='ocrx_word' id='word_1_26' title='bbox 872 755 1057 821; x_wconf 74' lang='lat' dir='ltr'><strong>perversum</strong></span> <span class='ocrx_word' id='word_1_27' title='bbox 1090 741 1138 802; x_wconf 80' lang='lat' dir='ltr'><strong><em>eet</em></strong></span> <span class='ocrx_word' id='word_1_28' title='bbox 1168 741 1259 802; x_wconf 78' lang='lat' dir='ltr'><strong>rotro</strong></span> <span class='ocrx_word' id='word_1_29' title='bbox 1287 739 1322 802; x_wconf 91' lang='lat' dir='ltr'><strong><em>in</em></strong></span> <span class='ocrx_word' id='word_1_30' title='bbox 1343 736 1395 801; x_wconf 83' lang='lat' dir='ltr'><strong><em>hie</em></strong></span> 
     </span>
     <span class='ocr_line' id='line_1_5' title="bbox 204 838 1396 920; baseline 0.001 -12"><span class='ocrx_word' id='word_1_31' title='bbox 204 842 330 908; x_wconf 80' lang='lat' dir='ltr'><strong>verbis:</strong></span> <span class='ocrx_word' id='word_1_32' title='bbox 366 838 446 914; x_wconf 83' lang='grc' dir='ltr'><strong><em>όπσις</em></strong></span> <span class='ocrx_word' id='word_1_33' title='bbox 481 841 512 907; x_wconf 79' lang='grc' dir='ltr'><strong><em>δὲ</em></strong></span> <span class='ocrx_word' id='word_1_34' title='bbox 547 846 664 908; x_wconf 81' lang='grc' dir='ltr'><strong><em>τοῦτο</em></strong></span> <span class='ocrx_word' id='word_1_35' title='bbox 698 842 857 908; x_wconf 81' lang='grc' dir='ltr'><strong><em>όπέδοιιιεν</em></strong></span> <span class='ocrx_word' id='word_1_36' title='bbox 885 841 986 908; x_wconf 67' lang='lat' dir='ltr'><strong>textu</strong></span> <span class='ocrx_word' id='word_1_37' title='bbox 1017 841 1242 920; x_wconf 84' lang='grc' dir='ltr'><strong><em>έπεσημήνατο.</em></strong></span> <span class='ocrx_word' id='word_1_38' title='bbox 1298 841 1396 909; x_wconf 78' lang='lat' dir='ltr'><strong>Recte</strong></span> 
     </span>
     <span class='ocr_line' id='line_1_6' title="bbox 202 947 1395 1030; baseline 0 -16"><span class='ocrx_word' id='word_1_39' title='bbox 202 947 317 1014; x_wconf 79' lang='lat' dir='ltr'><strong>hebet:</strong></span> <span class='ocrx_word' id='word_1_40' title='bbox 349 947 478 1023; x_wconf 83' lang='grc' dir='ltr'><strong><em>ποιήσας</em></strong></span> <span class='ocrx_word' id='word_1_41' title='bbox 509 950 565 1024; x_wconf 78' lang='grc' dir='ltr'><strong><em>τήν</em></strong></span> <span class='ocrx_word' id='word_1_42' title='bbox 589 947 721 1024; x_wconf 77' lang='grc' dir='ltr'><strong><em>Ἀίηνιίν</em></strong></span> <span class='ocrx_word' id='word_1_43' title='bbox 735 983 788 1000; x_wconf 88' lang='grc'><strong><em>--</em></strong></span> <span class='ocrx_word' id='word_1_44' title='bbox 803 948 871 1014; x_wconf 84' lang='grc' dir='ltr'><strong><em>-τδ</em></strong></span> <span class='ocrx_word' id='word_1_45' title='bbox 898 947 964 1028; x_wconf 87' lang='grc' dir='ltr'><strong><em>δόρυ</em></strong></span> <span class='ocrx_word' id='word_1_46' title='bbox 989 947 1101 1014; x_wconf 83' lang='grc' dir='ltr'><strong><em>δοῦσαν</em></strong></span> <span class='ocrx_word' id='word_1_47' title='bbox 1123 951 1165 1030; x_wconf 79' lang='grc' dir='ltr'><strong><em>τῷ</em></strong></span> <span class='ocrx_word' id='word_1_48' title='bbox 1188 949 1395 1028; x_wconf 73' lang='grc' dir='ltr'><strong><em>Τηλεμάχῳ,</em></strong></span> 
     </span>
     <span class='ocr_line' id='line_1_7' title="bbox 204 1052 1396 1136; baseline 0 -17"><span class='ocrx_word' id='word_1_49' title='bbox 204 1055 306 1120; x_wconf 79' lang='grc' dir='ltr'><strong><em>οὐκέτι</em></strong></span> <span class='ocrx_word' id='word_1_50' title='bbox 329 1055 407 1136; x_wconf 83' lang='grc' dir='ltr'><strong><em>Φησί</em></strong></span> <span class='ocrx_word' id='word_1_51' title='bbox 431 1061 495 1129; x_wconf 77' lang='grc' dir='ltr'><strong><em>πῶς</em></strong></span> <span class='ocrx_word' id='word_1_52' title='bbox 519 1060 639 1121; x_wconf 83' lang='grc' dir='ltr'><strong><em>τοῦτο</em></strong></span> <span class='ocrx_word' id='word_1_53' title='bbox 662 1059 800 1121; x_wconf 73' lang='grc' dir='ltr'><strong><em>ἀπιοῦσα</em></strong></span> <span class='ocrx_word' id='word_1_54' title='bbox 822 1054 1007 1134; x_wconf 71' lang='grc' dir='ltr'><strong><em>ἀπέλαβεν,</em></strong></span> <span class='ocrx_word' id='word_1_55' title='bbox 1032 1075 1095 1122; x_wconf 87' lang='lat' dir='ltr'><strong><em>non</em></strong></span> <span class='ocrx_word' id='word_1_56' title='bbox 1118 1061 1222 1122; x_wconf 86' lang='lat' dir='ltr'><strong>reete:</strong></span> <span class='ocrx_word' id='word_1_57' title='bbox 1251 1055 1286 1120; x_wconf 83' lang='grc' dir='ltr'><strong><em>τό</em></strong></span> <span class='ocrx_word' id='word_1_58' title='bbox 1309 1052 1396 1130; x_wconf 78' lang='grc' dir='ltr'><strong><em>τόξον</em></strong></span> 
     </span>
     <span class='ocr_line' id='line_1_8' title="bbox 206 1153 1397 1244; baseline -0.003 -16"><span class='ocrx_word' id='word_1_59' title='bbox 206 1197 295 1214; x_wconf 89' lang='lat'><strong><em>·-·</em></strong></span> <span class='ocrx_word' id='word_1_60' title='bbox 328 1163 480 1244; x_wconf 73' lang='grc' dir='ltr'><strong><em>Μηριόνης</em></strong></span> <span class='ocrx_word' id='word_1_61' title='bbox 516 1161 634 1228; x_wconf 91' lang='grc' dir='ltr'><strong><em>δίδοισιν</em></strong></span> <span class='ocrx_word' id='word_1_62' title='bbox 674 1153 834 1240; x_wconf 74' lang='grc' dir='ltr'><strong><em>Ὀδυσσεῖ,</em></strong></span> <span class='ocrx_word' id='word_1_63' title='bbox 879 1160 958 1234; x_wconf 85' lang='grc' dir='ltr'><strong><em>όποις</em></strong></span> <span class='ocrx_word' id='word_1_64' title='bbox 1002 1161 1032 1227; x_wconf 77' lang='grc' dir='ltr'><strong><em>δέ</em></strong></span> <span class='ocrx_word' id='word_1_65' title='bbox 1076 1168 1197 1229; x_wconf 84' lang='grc' dir='ltr'><strong><em>τοῦτο</em></strong></span> <span class='ocrx_word' id='word_1_66' title='bbox 1240 1161 1397 1228; x_wconf 78' lang='grc' dir='ltr'><strong><em>δπέδσιιιεν</em></strong></span> 
     </span>
     <span class='ocr_line' id='line_1_9' title="bbox 206 1267 1394 1346; baseline -0.001 -11"><span class='ocrx_word' id='word_1_67' title='bbox 206 1270 306 1336; x_wconf 84' lang='grc' dir='ltr'><strong><em>οίιιίτι</em></strong></span> <span class='ocrx_word' id='word_1_68' title='bbox 338 1269 564 1345; x_wconf 83' lang='grc' dir='ltr'><strong><em>έπεσημήνατο.</em></strong></span> <span class='ocrx_word' id='word_1_69' title='bbox 612 1267 702 1336; x_wconf 84' lang='lat' dir='ltr'><strong>Uiiri</strong></span> <span class='ocrx_word' id='word_1_70' title='bbox 734 1273 820 1336; x_wconf 89' lang='lat' dir='ltr'><strong>enim</strong></span> <span class='ocrx_word' id='word_1_71' title='bbox 844 1269 1020 1335; x_wconf 80' lang='lat' dir='ltr'><strong>reddendus</strong></span> <span class='ocrx_word' id='word_1_72' title='bbox 1043 1287 1134 1335; x_wconf 82' lang='grc' dir='ltr'><strong><em>σισσε</em></strong></span> <span class='ocrx_word' id='word_1_73' title='bbox 1157 1275 1220 1346; x_wconf 82' lang='lat' dir='ltr'><strong>eet,</strong></span> <span class='ocrx_word' id='word_1_74' title='bbox 1246 1290 1325 1345; x_wconf 82' lang='lat' dir='ltr'><strong>non,</strong></span> <span class='ocrx_word' id='word_1_75' title='bbox 1352 1303 1394 1318; x_wconf 90' lang='lat'><em>-</em></span> 
     </span>
     <span class='ocr_line' id='line_1_10' title="bbox 206 1375 1396 1462; baseline 0 -21"><span class='ocrx_word' id='word_1_76' title='bbox 206 1375 308 1462; x_wconf 82' lang='lat' dir='ltr'><strong>quod,</strong></span> <span class='ocrx_word' id='word_1_77' title='bbox 339 1397 534 1462; x_wconf 79' lang='lat' dir='ltr'><strong>quemquem</strong></span> <span class='ocrx_word' id='word_1_78' title='bbox 559 1376 732 1443; x_wconf 78' lang='lat' dir='ltr'><strong>absurdum</strong></span> <span class='ocrx_word' id='word_1_79' title='bbox 756 1381 819 1452; x_wconf 81' lang='lat' dir='ltr'><strong>eet,</strong></span> <span class='ocrx_word' id='word_1_80' title='bbox 846 1376 943 1442; x_wconf 78' lang='lat' dir='ltr'><strong>verbe</strong></span> <span class='ocrx_word' id='word_1_81' title='bbox 966 1379 1012 1441; x_wconf 82' lang='lat' dir='ltr'><strong><em>sio</em></strong></span> <span class='ocrx_word' id='word_1_82' title='bbox 1036 1377 1155 1461; x_wconf 71' lang='lat' dir='ltr'><strong>scripto</strong></span> <span class='ocrx_word' id='word_1_83' title='bbox 1178 1377 1270 1442; x_wconf 83' lang='lat' dir='ltr'><strong>unire</strong></span> <span class='ocrx_word' id='word_1_84' title='bbox 1293 1375 1396 1442; x_wconf 76' lang='lat' dir='ltr'><strong>deela-</strong></span> 
     </span>
     <span class='ocr_line' id='line_1_11' title="bbox 205 1479 1396 1570; baseline 0 -22"><span class='ocrx_word' id='word_1_85' title='bbox 205 1489 294 1560; x_wconf 74' lang='grc' dir='ltr'><strong><em>ποσί,</em></strong></span> <span class='ocrx_word' id='word_1_86' title='bbox 319 1519 363 1534; x_wconf 89' lang='grc'>-</span> <span class='ocrx_word' id='word_1_87' title='bbox 387 1481 535 1549; x_wconf 87' lang='lat' dir='ltr'><strong>Merioni.</strong></span> <span class='ocrx_word' id='word_1_88' title='bbox 583 1481 780 1570; x_wconf 79' lang='lat' dir='ltr'>Quapropter</span> <span class='ocrx_word' id='word_1_89' title='bbox 811 1486 900 1547; x_wconf 87' lang='grc' dir='ltr'><strong><em>τοῦτο</em></strong></span> <span class='ocrx_word' id='word_1_90' title='bbox 932 1481 1125 1548; x_wconf 79' lang='lat' dir='ltr'><strong>mutandum</strong></span> <span class='ocrx_word' id='word_1_91' title='bbox 1157 1489 1205 1548; x_wconf 84' lang='lat' dir='ltr'><strong><em>est</em></strong></span> <span class='ocrx_word' id='word_1_92' title='bbox 1234 1485 1267 1548; x_wconf 91' lang='lat' dir='ltr'><strong><em>in</em></strong></span> <span class='ocrx_word' id='word_1_93' title='bbox 1290 1479 1396 1556; x_wconf 78' lang='grc' dir='ltr'><strong><em>οὗτοςε</em></strong></span> 
     </span>
     <span class='ocr_line' id='line_1_12' title="bbox 206 1584 1395 1674; baseline 0.002 -20"><span class='ocrx_word' id='word_1_94' title='bbox 206 1584 286 1662; x_wconf 58' lang='lat' dir='ltr'><strong><em>troo</em></strong></span> <span class='ocrx_word' id='word_1_95' title='bbox 309 1591 342 1655; x_wconf 79' lang='grc' dir='ltr'><strong><em>δέ</em></strong></span> <span class='ocrx_word' id='word_1_96' title='bbox 365 1586 479 1661; x_wconf 83' lang='grc' dir='ltr'><strong><em>οὗτος</em></strong></span> <span class='ocrx_word' id='word_1_97' title='bbox 508 1589 664 1655; x_wconf 65' lang='grc' dir='ltr'><strong><em>ἐπέδωκεν</em></strong></span> <span class='ocrx_word' id='word_1_98' title='bbox 688 1590 788 1654; x_wconf 82' lang='grc' dir='ltr'><strong><em>σιίιιέτι</em></strong></span> <span class='ocrx_word' id='word_1_99' title='bbox 813 1588 1048 1666; x_wconf 70' lang='grc' dir='ltr'><strong><em>ἐπεσημήνατο,</em></strong></span> <span class='ocrx_word' id='word_1_100' title='bbox 1077 1609 1138 1674; x_wconf 89' lang='lat' dir='ltr'><strong><em>quo</em></strong></span> <span class='ocrx_word' id='word_1_101' title='bbox 1162 1589 1246 1656; x_wconf 81' lang='lat' dir='ltr'><strong>fecto</strong></span> <span class='ocrx_word' id='word_1_102' title='bbox 1269 1595 1302 1655; x_wconf 88' lang='lat' dir='ltr'><strong><em>et</em></strong></span> <span class='ocrx_word' id='word_1_103' title='bbox 1321 1611 1395 1656; x_wconf 87' lang='lat' dir='ltr'><strong>oon·</strong></span> 
     </span>
     <span class='ocr_line' id='line_1_13' title="bbox 204 1694 1397 1784; baseline 0 -22"><span class='ocrx_word' id='word_1_104' title='bbox 204 1697 353 1762; x_wconf 76' lang='lat' dir='ltr'><strong>cinnitrti</strong></span> <span class='ocrx_word' id='word_1_105' title='bbox 375 1697 526 1762; x_wconf 70' lang='lat' dir='ltr'><strong>orationis</strong></span> <span class='ocrx_word' id='word_1_106' title='bbox 549 1695 750 1762; x_wconf 75' lang='lat' dir='ltr'><strong>consulemus</strong></span> <span class='ocrx_word' id='word_1_107' title='bbox 772 1702 804 1761; x_wconf 87' lang='lat' dir='ltr'><strong><em>et</em></strong></span> <span class='ocrx_word' id='word_1_108' title='bbox 827 1715 920 1762; x_wconf 76' lang='lat' dir='ltr'><strong>ranae</strong></span> <span class='ocrx_word' id='word_1_109' title='bbox 943 1697 1070 1760; x_wconf 74' lang='lat' dir='ltr'><strong>rationi.</strong></span> <span class='ocrx_word' id='word_1_110' title='bbox 1118 1694 1180 1761; x_wconf 79' lang='lat' dir='ltr'><strong><em>Sed</em></strong></span> <span class='ocrx_word' id='word_1_111' title='bbox 1203 1695 1308 1762; x_wconf 87' lang='lat' dir='ltr'><strong>multo</strong></span> <span class='ocrx_word' id='word_1_112' title='bbox 1326 1717 1397 1784; x_wconf 80' lang='lat' dir='ltr'><strong>gre·</strong></span> 
     </span>
     <span class='ocr_line' id='line_1_14' title="bbox 205 1796 1396 1881; baseline 0 -13"><span class='ocrx_word' id='word_1_113' title='bbox 205 1805 278 1868; x_wconf 80' lang='lat' dir='ltr'><strong>vitre</strong></span> <span class='ocrx_word' id='word_1_114' title='bbox 300 1804 417 1870; x_wconf 77' lang='lat' dir='ltr'><strong>vitium</strong></span> <span class='ocrx_word' id='word_1_115' title='bbox 439 1807 489 1868; x_wconf 86' lang='lat' dir='ltr'><strong><em>eet</em></strong></span> <span class='ocrx_word' id='word_1_116' title='bbox 510 1805 543 1867; x_wconf 90' lang='lat' dir='ltr'><strong><em>in</em></strong></span> <span class='ocrx_word' id='word_1_117' title='bbox 567 1802 825 1868; x_wconf 74' lang='lat' dir='ltr'>antecedentibus</span> <span class='ocrx_word' id='word_1_118' title='bbox 848 1802 950 1868; x_wconf 81' lang='lat' dir='ltr'><strong>hiere:</strong></span> <span class='ocrx_word' id='word_1_119' title='bbox 971 1799 1071 1881; x_wconf 74' lang='grc' dir='ltr'><strong><em>ὥσπερ</em></strong></span> <span class='ocrx_word' id='word_1_120' title='bbox 1090 1796 1139 1866; x_wconf 77' lang='grc' dir='ltr'><strong><em>οὖν</em></strong></span> <span class='ocrx_word' id='word_1_121' title='bbox 1160 1802 1220 1868; x_wconf 79' lang='grc' dir='ltr'><strong><em>οὐδ’</em></strong></span> <span class='ocrx_word' id='word_1_122' title='bbox 1234 1803 1396 1881; x_wconf 88' lang='grc' dir='ltr'><strong><em>αίρομένας</em></strong></span> 
     </span>
     <span class='ocr_line' id='line_1_15' title="bbox 204 1907 1395 1991; baseline 0.001 -18"><span class='ocrx_word' id='word_1_123' title='bbox 204 1909 264 1982; x_wconf 68' lang='grc' dir='ltr'><strong><em>τὰς</em></strong></span> <span class='ocrx_word' id='word_1_124' title='bbox 301 1907 458 1991; x_wconf 76' lang='grc' dir='ltr'><strong><em>τραπέζας</em></strong></span> <span class='ocrx_word' id='word_1_125' title='bbox 491 1907 632 1984; x_wconf 79' lang='grc' dir='ltr'><strong><em>ἐποίησεν</em></strong></span> <span class='ocrx_word' id='word_1_126' title='bbox 660 1908 726 1974; x_wconf 74' lang='grc' dir='ltr'><strong><em>οὐδὲ</em></strong></span> <span class='ocrx_word' id='word_1_127' title='bbox 756 1909 800 1974; x_wconf 79' lang='grc' dir='ltr'><strong><em>τίο</em></strong></span> <span class='ocrx_word' id='word_1_128' title='bbox 831 1909 865 1973; x_wconf 86' lang='grc' dir='ltr'><strong><em>έα</em></strong></span> <span class='ocrx_word' id='word_1_129' title='bbox 896 1914 949 1975; x_wconf 83' lang='grc' dir='ltr'><strong><em>τοῦ</em></strong></span> <span class='ocrx_word' id='word_1_130' title='bbox 982 1907 1152 1985; x_wconf 71' lang='grc' dir='ltr'><strong><em>συμποσίου</em></strong></span> <span class='ocrx_word' id='word_1_131' title='bbox 1176 1909 1395 1988; x_wconf 71' lang='grc' dir='ltr'><strong><em>συναγόμενα,</em></strong></span> 
     </span>
     <span class='ocr_line' id='line_1_16' title="bbox 203 2013 1397 2094; baseline 0.002 -14"><span class='ocrx_word' id='word_1_132' title='bbox 203 2013 298 2087; x_wconf 77' lang='grc' dir='ltr'><strong><em>οὕτως</em></strong></span> <span class='ocrx_word' id='word_1_133' title='bbox 330 2016 395 2082; x_wconf 78' lang='grc' dir='ltr'><strong><em>οὐδὲ</em></strong></span> <span class='ocrx_word' id='word_1_134' title='bbox 426 2013 550 2092; x_wconf 79' lang='grc' dir='ltr'><strong><em>μεταξὺ</em></strong></span> <span class='ocrx_word' id='word_1_135' title='bbox 581 2015 777 2092; x_wconf 73' lang='grc' dir='ltr'><strong><em>νισσομένους</em></strong></span> <span class='ocrx_word' id='word_1_136' title='bbox 810 2015 863 2079; x_wconf 87' lang='grc' dir='ltr'><strong><em>ααί</em></strong></span> <span class='ocrx_word' id='word_1_137' title='bbox 887 2016 973 2092; x_wconf 64' lang='lat' dir='ltr'><strong><em>perr</em></strong></span> <span class='ocrx_word' id='word_1_138' title='bbox 997 2015 1031 2079; x_wconf 86' lang='grc' dir='ltr'><strong><em>τί</em></strong></span> <span class='ocrx_word' id='word_1_139' title='bbox 1055 2016 1173 2082; x_wconf 79' lang='grc' dir='ltr'><strong><em>δεῖπνον</em></strong></span> <span class='ocrx_word' id='word_1_140' title='bbox 1197 2017 1397 2094; x_wconf 86' lang='grc' dir='ltr'><strong><em>έπινιπτομέ-</em></strong></span> 
     </span>
     <span class='ocr_line' id='line_1_17' title="bbox 204 2118 1397 2203; baseline 0.002 -17"><span class='ocrx_word' id='word_1_141' title='bbox 204 2141 289 2193; x_wconf 87' lang='grc' dir='ltr'><strong><em>νους·</em></strong></span> <span class='ocrx_word' id='word_1_142' title='bbox 315 2122 382 2186; x_wconf 79' lang='grc' dir='ltr'><strong><em>έπεί</em></strong></span> <span class='ocrx_word' id='word_1_143' title='bbox 407 2121 459 2186; x_wconf 77' lang='grc' dir='ltr'><strong><em>καί</em></strong></span> <span class='ocrx_word' id='word_1_144' title='bbox 484 2127 573 2187; x_wconf 83' lang='grc' dir='ltr'><strong><em>τοῦτο</em></strong></span> <span class='ocrx_word' id='word_1_145' title='bbox 596 2123 629 2188; x_wconf 82' lang='grc' dir='ltr'><strong><em>οὐ</em></strong></span> <span class='ocrx_word' id='word_1_146' title='bbox 652 2122 740 2196; x_wconf 81' lang='grc' dir='ltr'><strong><em>δηλοῖ</em></strong></span> <span class='ocrx_word' id='word_1_147' title='bbox 760 2118 876 2198; x_wconf 80' lang='grc' dir='ltr'><strong><em>όίπαξ</em></strong></span> <span class='ocrx_word' id='word_1_148' title='bbox 899 2120 933 2185; x_wconf 85' lang='grc' dir='ltr'><strong><em>τό</em></strong></span> <span class='ocrx_word' id='word_1_149' title='bbox 956 2120 1106 2203; x_wconf 84' lang='grc' dir='ltr'><strong><em>νίψασόαι</em></strong></span> <span class='ocrx_word' id='word_1_150' title='bbox 1126 2121 1300 2200; x_wconf 85' lang='grc' dir='ltr'><strong><em>έιιόμισεν,</em></strong></span> <span class='ocrx_word' id='word_1_151' title='bbox 1321 2124 1397 2188; x_wconf 72' lang='grc' dir='ltr'><strong><em>αλλ’</em></strong></span> 
     </span>
     <span class='ocr_line' id='line_1_18' title="bbox 203 2226 1397 2310; baseline 0 -16"><span class='ocrx_word' id='word_1_152' title='bbox 203 2226 250 2294; x_wconf 80' lang='grc' dir='ltr'><strong><em>ότι</em></strong></span> <span class='ocrx_word' id='word_1_153' title='bbox 284 2228 415 2306; x_wconf 87' lang='grc' dir='ltr'><strong><em>ίιιόμισε</em></strong></span> <span class='ocrx_word' id='word_1_154' title='bbox 445 2228 489 2294; x_wconf 78' lang='grc' dir='ltr'><strong><em>τοὶ</em></strong></span> <span class='ocrx_word' id='word_1_155' title='bbox 522 2228 709 2310; x_wconf 86' lang='grc' dir='ltr'><strong><em>χερόνιπτρα</em></strong></span> <span class='ocrx_word' id='word_1_156' title='bbox 740 2228 770 2292; x_wconf 86' lang='grc' dir='ltr'><strong><em>έν</em></strong></span> <span class='ocrx_word' id='word_1_157' title='bbox 793 2228 915 2309; x_wconf 78' lang='grc' dir='ltr'><strong><em>προχόῳ</em></strong></span> <span class='ocrx_word' id='word_1_158' title='bbox 937 2227 1053 2309; x_wconf 80' lang='grc' dir='ltr'><strong><em>χρυσέη</em></strong></span> <span class='ocrx_word' id='word_1_159' title='bbox 1075 2228 1128 2294; x_wconf 79' lang='grc' dir='ltr'><strong><em>καί</em></strong></span> <span class='ocrx_word' id='word_1_160' title='bbox 1151 2227 1263 2306; x_wconf 78' lang='grc' dir='ltr'><strong><em>λέβητι</em></strong></span> <span class='ocrx_word' id='word_1_161' title='bbox 1289 2229 1397 2295; x_wconf 85' lang='grc' dir='ltr'><strong><em>ὑποδε-</em></strong></span> 
     </span>
     <span class='ocr_line' id='line_1_19' title="bbox 204 2332 1395 2421; baseline 0.001 -22"><span class='ocrx_word' id='word_1_162' title='bbox 204 2335 328 2416; x_wconf 86' lang='grc' dir='ltr'><strong><em>χομένῳ</em></strong></span> <span class='ocrx_word' id='word_1_163' title='bbox 351 2339 458 2398; x_wconf 84' lang='grc' dir='ltr'><strong><em>ταῦτα</em></strong></span> <span class='ocrx_word' id='word_1_164' title='bbox 481 2335 613 2414; x_wconf 69' lang='grc' dir='ltr'><strong><em>ἀργυρῷ.</em></strong></span> <span class='ocrx_word' id='word_1_165' title='bbox 638 2339 680 2418; x_wconf 87' lang='lat' dir='ltr'><strong><em>(p.</em></strong></span> <span class='ocrx_word' id='word_1_166' title='bbox 708 2332 783 2411; x_wconf 82' lang='grc'><strong><em>177,</em></strong></span> <span class='ocrx_word' id='word_1_167' title='bbox 808 2337 830 2398; x_wconf 89' lang='lat' dir='ltr'><strong><em>i.</em></strong></span> <span class='ocrx_word' id='word_1_168' title='bbox 856 2333 1005 2420; x_wconf 79' lang='lat'>20-24)</span> <span class='ocrx_word' id='word_1_169' title='bbox 1028 2333 1190 2400; x_wconf 79' lang='lat' dir='ltr'><strong>Pervelim</strong></span> <span class='ocrx_word' id='word_1_170' title='bbox 1215 2338 1294 2401; x_wconf 82' lang='lat' dir='ltr'><strong>scire</strong></span> <span class='ocrx_word' id='word_1_171' title='bbox 1318 2335 1395 2421; x_wconf 88' lang='lat' dir='ltr'><strong>quid</strong></span> 
     </span>
     <span class='ocr_line' id='line_1_20' title="bbox 203 2437 1393 2521; baseline -0.001 -14"><span class='ocrx_word' id='word_1_172' title='bbox 203 2444 262 2507; x_wconf 79' lang='lat' dir='ltr'><strong>eitt</strong></span> <span class='ocrx_word' id='word_1_173' title='bbox 300 2440 460 2512; x_wconf 77' lang='lat' dir='ltr'>Homerus</span> <span class='ocrx_word' id='word_1_174' title='bbox 493 2443 525 2507; x_wconf 80' lang='lat' dir='ltr'><strong><em>oti</em></strong></span> <span class='ocrx_word' id='word_1_175' title='bbox 549 2443 638 2514; x_wconf 82' lang='grc' dir='ltr'><strong><em>δηλοῖ</em></strong></span> <span class='ocrx_word' id='word_1_176' title='bbox 670 2439 783 2517; x_wconf 72' lang='grc' dir='ltr'><strong><em>ἅπαξ</em></strong></span> <span class='ocrx_word' id='word_1_177' title='bbox 814 2441 849 2506; x_wconf 79' lang='grc' dir='ltr'><strong><em>τό</em></strong></span> <span class='ocrx_word' id='word_1_178' title='bbox 873 2441 1021 2521; x_wconf 82' lang='grc' dir='ltr'><strong><em>νίψασόαι</em></strong></span> <span class='ocrx_word' id='word_1_179' title='bbox 1045 2441 1220 2518; x_wconf 85' lang='grc' dir='ltr'><strong><em>έαόμισεν,</em></strong></span> <span class='ocrx_word' id='word_1_180' title='bbox 1246 2441 1322 2506; x_wconf 70' lang='grc' dir='ltr'><strong><em>ἀλλ’</em></strong></span> <span class='ocrx_word' id='word_1_181' title='bbox 1348 2437 1393 2506; x_wconf 83' lang='grc' dir='ltr'><strong><em>ότι</em></strong></span> 
     </span>
     <span class='ocr_line' id='line_1_21' title="bbox 204 2541 1394 2634; baseline 0.002 -21"><span class='ocrx_word' id='word_1_182' title='bbox 204 2547 351 2624; x_wconf 83' lang='grc' dir='ltr'><strong><em>έιιόμισε.</em></strong></span> <span class='ocrx_word' id='word_1_183' title='bbox 399 2546 478 2628; x_wconf 76' lang='lat' dir='ltr'><strong>Quis</strong></span> <span class='ocrx_word' id='word_1_184' title='bbox 501 2545 645 2623; x_wconf 84' lang='grc' dir='ltr'><strong><em>έκόμισεί</em></strong></span> <span class='ocrx_word' id='word_1_185' title='bbox 668 2548 711 2613; x_wconf 79' lang='lat' dir='ltr'><strong><em>Et</em></strong></span> <span class='ocrx_word' id='word_1_186' title='bbox 733 2550 804 2634; x_wconf 80' lang='lat' dir='ltr'><strong>quie</strong></span> <span class='ocrx_word' id='word_1_187' title='bbox 827 2549 933 2634; x_wconf 81' lang='lat' dir='ltr'><strong>rapiet</strong></span> <span class='ocrx_word' id='word_1_188' title='bbox 953 2541 1046 2625; x_wconf 72' lang='grc' dir='ltr'><strong><em>’ἅπαξ</em></strong></span> <span class='ocrx_word' id='word_1_189' title='bbox 1068 2550 1113 2614; x_wconf 83' lang='grc' dir='ltr'><strong><em>εἰσ</em></strong></span> <span class='ocrx_word' id='word_1_190' title='bbox 1137 2551 1293 2634; x_wconf 79' lang='lat' dir='ltr'><strong>positum,</strong></span> <span class='ocrx_word' id='word_1_191' title='bbox 1319 2570 1394 2616; x_wconf 87' lang='lat' dir='ltr'><strong><em>oum</em></strong></span> 
     </span>
     <span class='ocr_line' id='line_1_22' title="bbox 202 2651 1396 2741; baseline 0.002 -21"><span class='ocrx_word' id='word_1_192' title='bbox 202 2661 238 2720; x_wconf 88' lang='lat' dir='ltr'><strong><em>et</em></strong></span> <span class='ocrx_word' id='word_1_193' title='bbox 267 2653 327 2720; x_wconf 80' lang='grc' dir='ltr'><strong><em>οὐδ’</em></strong></span> <span class='ocrx_word' id='word_1_194' title='bbox 350 2651 442 2732; x_wconf 64' lang='lat' dir='ltr'><strong><em>erar</em></strong></span> <span class='ocrx_word' id='word_1_195' title='bbox 471 2654 559 2728; x_wconf 80' lang='grc' dir='ltr'><strong><em>δηλοῖ</em></strong></span> <span class='ocrx_word' id='word_1_196' title='bbox 585 2657 708 2720; x_wconf 83' lang='lat' dir='ltr'><strong>dietum</strong></span> <span class='ocrx_word' id='word_1_197' title='bbox 738 2659 896 2740; x_wconf 77' lang='lat' dir='ltr'><strong>oporteret</strong></span> <span class='ocrx_word' id='word_1_198' title='bbox 925 2658 958 2720; x_wconf 87' lang='lat' dir='ltr'><strong><em>et</em></strong></span> <span class='ocrx_word' id='word_1_199' title='bbox 987 2657 1034 2720; x_wconf 81' lang='lat' dir='ltr'><strong><em>sio</em></strong></span> <span class='ocrx_word' id='word_1_200' title='bbox 1061 2675 1188 2740; x_wconf 77' lang='lat' dir='ltr'><strong>prorsus</strong></span> <span class='ocrx_word' id='word_1_201' title='bbox 1210 2676 1396 2741; x_wconf 74' lang='lat' dir='ltr'><strong>supervoca-</strong></span> 
     </span>
     <span class='ocr_line' id='line_1_23' title="bbox 203 2760 1393 2849; baseline 0.002 -21"><span class='ocrx_word' id='word_1_202' title='bbox 203 2783 301 2828; x_wconf 84' lang='lat' dir='ltr'><strong>neum</strong></span> <span class='ocrx_word' id='word_1_203' title='bbox 333 2760 397 2827; x_wconf 76' lang='lat' dir='ltr'><strong>sit?</strong></span> <span class='ocrx_word' id='word_1_204' title='bbox 428 2761 463 2828; x_wconf 84' lang='lat' dir='ltr'><strong><em>Si</em></strong></span> <span class='ocrx_word' id='word_1_205' title='bbox 493 2763 700 2849; x_wconf 75' lang='lat' dir='ltr'><strong>corrigimus:</strong></span> <span class='ocrx_word' id='word_1_206' title='bbox 726 2762 792 2826; x_wconf 82' lang='grc' dir='ltr'><strong><em>ἐπεί</em></strong></span> <span class='ocrx_word' id='word_1_207' title='bbox 818 2761 870 2825; x_wconf 81' lang='grc' dir='ltr'><strong><em>καί</em></strong></span> <span class='ocrx_word' id='word_1_208' title='bbox 895 2763 984 2826; x_wconf 82' lang='grc' dir='ltr'><strong><em>τοῦτο</em></strong></span> <span class='ocrx_word' id='word_1_209' title='bbox 1009 2764 1041 2826; x_wconf 84' lang='grc' dir='ltr'><strong><em>οιί</em></strong></span> <span class='ocrx_word' id='word_1_210' title='bbox 1065 2763 1154 2835; x_wconf 79' lang='grc' dir='ltr'><strong><em>δηλοῖ</em></strong></span> <span class='ocrx_word' id='word_1_211' title='bbox 1183 2763 1328 2828; x_wconf 88' lang='grc' dir='ltr'><strong><em>όπόόεν</em></strong></span> <span class='ocrx_word' id='word_1_212' title='bbox 1358 2765 1393 2830; x_wconf 86' lang='grc' dir='ltr'><strong><em>τό</em></strong></span> 
     </span>
     <span class='ocr_line' id='line_1_24' title="bbox 204 2866 1396 2951; baseline 0.003 -19"><span class='ocrx_word' id='word_1_213' title='bbox 204 2867 354 2948; x_wconf 76' lang='grc' dir='ltr'><strong><em>νίψασθαι</em></strong></span> <span class='ocrx_word' id='word_1_214' title='bbox 373 2866 552 2945; x_wconf 82' lang='grc' dir='ltr'><strong><em>ίιιόμισαν,</em></strong></span> <span class='ocrx_word' id='word_1_215' title='bbox 577 2869 652 2932; x_wconf 71' lang='grc' dir='ltr'><strong><em>ἀλλ’</em></strong></span> <span class='ocrx_word' id='word_1_216' title='bbox 675 2867 721 2933; x_wconf 82' lang='grc' dir='ltr'><strong><em>ότι</em></strong></span> <span class='ocrx_word' id='word_1_217' title='bbox 747 2868 907 2945; x_wconf 79' lang='grc' dir='ltr'><strong><em>ἐνόμισαν</em></strong></span> <span class='ocrx_word' id='word_1_218' title='bbox 931 2866 1196 2949; x_wconf 76' lang='grc' dir='ltr'><strong><em>παχειρόνιπτρα</em></strong></span> <span class='ocrx_word' id='word_1_219' title='bbox 1221 2872 1252 2933; x_wconf 87' lang='grc' dir='ltr'><strong><em>έν</em></strong></span> <span class='ocrx_word' id='word_1_220' title='bbox 1275 2869 1396 2951; x_wconf 90' lang='grc' dir='ltr'><strong><em>προχόῳ</em></strong></span> 
     </span>
     <span class='ocr_line' id='line_1_25' title="bbox 203 2973 1394 3063; baseline 0.003 -25"><span class='ocrx_word' id='word_1_221' title='bbox 203 2974 338 3055; x_wconf 83' lang='grc' dir='ltr'><strong><em>χρυσέη,</em></strong></span> <span class='ocrx_word' id='word_1_222' title='bbox 372 2975 545 3057; x_wconf 82' lang='lat' dir='ltr'><strong>sententia,</strong></span> <span class='ocrx_word' id='word_1_223' title='bbox 569 2973 680 3048; x_wconf 85' lang='lat' dir='ltr'><strong>oredo,</strong></span> <span class='ocrx_word' id='word_1_224' title='bbox 706 2973 801 3060; x_wconf 77' lang='lat' dir='ltr'><strong>poulo</strong></span> <span class='ocrx_word' id='word_1_225' title='bbox 824 2975 961 3059; x_wconf 82' lang='lat' dir='ltr'><strong>apertior</strong></span> <span class='ocrx_word' id='word_1_226' title='bbox 983 2977 1045 3039; x_wconf 90' lang='lat' dir='ltr'><strong>erit</strong></span> <span class='ocrx_word' id='word_1_227' title='bbox 1067 2973 1106 3040; x_wconf 75' lang='lat' dir='ltr'><strong><em>od</em></strong></span> <span class='ocrx_word' id='word_1_228' title='bbox 1130 2973 1394 3063; x_wconf 81' lang='lat' dir='ltr'><strong>intellegendum.</strong></span> 
     </span>
     <span class='ocr_line' id='line_1_26' title="bbox 203 3073 1394 3167; baseline 0 -19"><span class='ocrx_word' id='word_1_229' title='bbox 203 3079 315 3167; x_wconf 81' lang='lat' dir='ltr'><strong>Neque</strong></span> <span class='ocrx_word' id='word_1_230' title='bbox 344 3079 437 3146; x_wconf 80' lang='lat' dir='ltr'><strong>aliter</strong></span> <span class='ocrx_word' id='word_1_231' title='bbox 466 3078 673 3166; x_wconf 78' lang='lat' dir='ltr'><strong>paulopost:</strong></span> <span class='ocrx_word' id='word_1_232' title='bbox 700 3083 769 3153; x_wconf 83' lang='grc' dir='ltr'><strong><em>τοὺς</em></strong></span> <span class='ocrx_word' id='word_1_233' title='bbox 795 3081 925 3153; x_wconf 75' lang='grc' dir='ltr'><strong><em>Πυλίους</em></strong></span> <span class='ocrx_word' id='word_1_234' title='bbox 951 3083 1082 3154; x_wconf 84' lang='grc' dir='ltr'><strong><em>ποιήσας</em></strong></span> <span class='ocrx_word' id='word_1_235' title='bbox 1107 3115 1127 3132; x_wconf 86' lang='grc'>-</span> <span class='ocrx_word' id='word_1_236' title='bbox 1141 3117 1161 3132; x_wconf 87' lang='grc'>-</span> <span class='ocrx_word' id='word_1_237' title='bbox 1175 3117 1195 3132; x_wconf 87' lang='grc'><em>·</em></span> <span class='ocrx_word' id='word_1_238' title='bbox 1219 3073 1394 3162; x_wconf 78' lang='grc' dir='ltr'><strong><em>εὐωχουμέ-</em></strong></span> 
     </span>
     <span class='ocr_line' id='line_1_27' title="bbox 203 3184 1394 3275; baseline 0.003 -22"><span class='ocrx_word' id='word_1_239' title='bbox 203 3209 268 3259; x_wconf 83' lang='grc' dir='ltr'><strong><em>νους</em></strong></span> <span class='ocrx_word' id='word_1_240' title='bbox 298 3186 397 3252; x_wconf 74' lang='grc' dir='ltr'><strong><em>οὐκέτι</em></strong></span> <span class='ocrx_word' id='word_1_241' title='bbox 431 3185 597 3261; x_wconf 72' lang='grc' dir='ltr'><strong><em>δεδήλωκεν</em></strong></span> <span class='ocrx_word' id='word_1_242' title='bbox 620 3184 699 3259; x_wconf 84' lang='grc' dir='ltr'><strong><em>όπας</em></strong></span> <span class='ocrx_word' id='word_1_243' title='bbox 725 3223 745 3238; x_wconf 89' lang='grc'>-</span> <span class='ocrx_word' id='word_1_244' title='bbox 760 3223 779 3238; x_wconf 91' lang='lat'><strong><em>··</em></strong></span> <span class='ocrx_word' id='word_1_245' title='bbox 794 3223 812 3238; x_wconf 89' lang='lat'>-</span> <span class='ocrx_word' id='word_1_246' title='bbox 837 3188 1086 3266; x_wconf 74' lang='grc' dir='ltr'><strong><em>ότηλλόγησαυ.</em></strong></span> <span class='ocrx_word' id='word_1_247' title='bbox 1140 3189 1189 3255; x_wconf 90' lang='lat' dir='ltr'><strong><em>Ne</em></strong></span> <span class='ocrx_word' id='word_1_248' title='bbox 1214 3211 1298 3256; x_wconf 85' lang='lat' dir='ltr'><strong>nune</strong></span> <span class='ocrx_word' id='word_1_249' title='bbox 1321 3194 1394 3275; x_wconf 88' lang='lat' dir='ltr'><strong>qui·</strong></span> 
     </span>
     <span class='ocr_line' id='line_1_28' title="bbox 203 3291 1393 3383; baseline 0.002 -23"><span class='ocrx_word' id='word_1_250' title='bbox 203 3291 276 3360; x_wconf 83' lang='lat' dir='ltr'><strong><em>dem</em></strong></span> <span class='ocrx_word' id='word_1_251' title='bbox 309 3291 386 3359; x_wconf 79' lang='lat' dir='ltr'><strong>haee</strong></span> <span class='ocrx_word' id='word_1_252' title='bbox 416 3293 635 3380; x_wconf 70' lang='lat' dir='ltr'><strong>Porphyrium</strong></span> <span class='ocrx_word' id='word_1_253' title='bbox 664 3303 830 3378; x_wconf 78' lang='lat' dir='ltr'><strong>perrenota</strong></span> <span class='ocrx_word' id='word_1_254' title='bbox 860 3295 1025 3371; x_wconf 84' lang='lat' dir='ltr'><strong>existimo,</strong></span> <span class='ocrx_word' id='word_1_255' title='bbox 1058 3316 1133 3361; x_wconf 80' lang='lat' dir='ltr'><strong><em>nem</em></strong></span> <span class='ocrx_word' id='word_1_256' title='bbox 1165 3315 1244 3380; x_wconf 76' lang='lat' dir='ltr'><strong>quoe</strong></span> <span class='ocrx_word' id='word_1_257' title='bbox 1268 3298 1393 3383; x_wconf 83' lang='lat' dir='ltr'><strong>inipso</strong></span> 
     </span>
     <span class='ocr_line' id='line_1_29' title="bbox 202 3396 1393 3486; baseline 0.003 -21"><span class='ocrx_word' id='word_1_258' title='bbox 202 3401 297 3466; x_wconf 81' lang='lat' dir='ltr'><strong>initio</strong></span> <span class='ocrx_word' id='word_1_259' title='bbox 319 3398 473 3486; x_wconf 75' lang='lat' dir='ltr'><strong>leguntur</strong></span> <span class='ocrx_word' id='word_1_260' title='bbox 497 3399 520 3463; x_wconf 93' lang='lat' dir='ltr'><strong><em>l.</em></strong></span> <span class='ocrx_word' id='word_1_261' title='bbox 545 3400 674 3467; x_wconf 80' lang='lat'>14-17</span> <span class='ocrx_word' id='word_1_262' title='bbox 699 3396 774 3464; x_wconf 85' lang='grc' dir='ltr'><strong><em>όταν</em></strong></span> <span class='ocrx_word' id='word_1_263' title='bbox 795 3402 859 3478; x_wconf 71' lang='grc' dir='ltr'><strong><em>γὰρ</em></strong></span> <span class='ocrx_word' id='word_1_264' title='bbox 880 3399 960 3481; x_wconf 76' lang='grc' dir='ltr'><strong><em>λέχη</em></strong></span> <span class='ocrx_word' id='word_1_265' title='bbox 983 3437 1028 3450; x_wconf 88' lang='lat'><em>-</em></span> <span class='ocrx_word' id='word_1_266' title='bbox 1054 3401 1154 3484; x_wconf 77' lang='grc' dir='ltr'><strong><em>(λέγει</em></strong></span> <span class='ocrx_word' id='word_1_267' title='bbox 1179 3399 1218 3486; x_wconf 78' lang='lat' dir='ltr'><strong><em>Q)</em></strong></span> <span class='ocrx_word' id='word_1_268' title='bbox 1242 3437 1261 3452; x_wconf 92' lang='lat'><strong>·</strong></span> <span class='ocrx_word' id='word_1_269' title='bbox 1275 3437 1295 3452; x_wconf 90' lang='lat'>-</span> <span class='ocrx_word' id='word_1_270' title='bbox 1309 3403 1393 3470; x_wconf 87' lang='grc' dir='ltr'><strong><em>-έπί</em></strong></span> 
     </span>
    </p>
   </div>
   <div class='ocr_carea' id='block_1_3' title="bbox 103 3504 1392 3594">
    <p class='ocr_par' dir='ltr' id='par_1_3' title="bbox 103 3504 1392 3594">
     <span class='ocr_line' id='line_1_30' title="bbox 103 3504 1392 3594; baseline 0.002 -21"><span class='ocrx_word' id='word_1_271' title='bbox 103 3513 105 3518; x_wconf 84' lang='grc'><strong>’</strong></span> <span class='ocrx_word' id='word_1_272' title='bbox 203 3531 234 3573; x_wconf 90' lang='grc' dir='ltr'><strong><em>τ.</em></strong></span> <span class='ocrx_word' id='word_1_273' title='bbox 258 3506 285 3571; x_wconf 91' lang='grc' dir='ltr'><strong><em>δ.</em></strong></span> <span class='ocrx_word' id='word_1_274' title='bbox 306 3504 393 3584; x_wconf 69' lang='grc' dir='ltr'><strong><em>λέγει</em></strong></span> <span class='ocrx_word' id='word_1_275' title='bbox 412 3506 505 3592; x_wconf 79' lang='lat' dir='ltr'><strong>gravi</strong></span> <span class='ocrx_word' id='word_1_276' title='bbox 528 3507 612 3592; x_wconf 75' lang='lat' dir='ltr'><strong>opud</strong></span> <span class='ocrx_word' id='word_1_277' title='bbox 637 3527 689 3572; x_wconf 86' lang='lat' dir='ltr'><strong><em>me</em></strong></span> <span class='ocrx_word' id='word_1_278' title='bbox 712 3505 844 3573; x_wconf 81' lang='lat' dir='ltr'><strong>loounee</strong></span> <span class='ocrx_word' id='word_1_279' title='bbox 868 3508 1044 3593; x_wconf 82' lang='lat' dir='ltr'><strong>suspicione</strong></span> <span class='ocrx_word' id='word_1_280' title='bbox 1067 3513 1273 3593; x_wconf 63' lang='lat' dir='ltr'><strong>prementum</strong></span> <span class='ocrx_word' id='word_1_281' title='bbox 1297 3531 1392 3594; x_wconf 78' lang='lat' dir='ltr'><strong>quem</strong></span> 
     </span>
    </p>
   </div>
   <div class='ocr_carea' id='block_1_4' title="bbox 201 3613 1394 3806">
    <p class='ocr_par' dir='ltr' id='par_1_4' title="bbox 201 3613 1394 3806">
     <span class='ocr_line' id='line_1_31' title="bbox 202 3613 1394 3701; baseline 0 -21"><span class='ocrx_word' id='word_1_282' title='bbox 202 3633 278 3680; x_wconf 81' lang='lat' dir='ltr'><strong><em>oum</em></strong></span> <span class='ocrx_word' id='word_1_283' title='bbox 312 3632 375 3678; x_wconf 83' lang='lat' dir='ltr'><strong><em>non</em></strong></span> <span class='ocrx_word' id='word_1_284' title='bbox 406 3613 539 3678; x_wconf 74' lang='lat' dir='ltr'><strong>habeam</strong></span> <span class='ocrx_word' id='word_1_285' title='bbox 569 3613 727 3697; x_wconf 88' lang='lat' dir='ltr'><strong>quomodo</strong></span> <span class='ocrx_word' id='word_1_286' title='bbox 757 3613 963 3699; x_wconf 70' lang='lat' dir='ltr'><strong>probabiliter</strong></span> <span class='ocrx_word' id='word_1_287' title='bbox 994 3615 1170 3701; x_wconf 81' lang='lat' dir='ltr'><strong>suppleam,</strong></span> <span class='ocrx_word' id='word_1_288' title='bbox 1197 3614 1319 3681; x_wconf 83' lang='lat' dir='ltr'><strong>diutius</strong></span> <span class='ocrx_word' id='word_1_289' title='bbox 1343 3617 1394 3680; x_wconf 86' lang='lat' dir='ltr'><strong><em>his</em></strong></span> 
     </span>
     <span class='ocr_line' id='line_1_32' title="bbox 201 3716 823 3806; baseline 0.002 -20"><span class='ocrx_word' id='word_1_290' title='bbox 201 3723 369 3786; x_wconf 74' lang='lat' dir='ltr'><strong>immorari</strong></span> <span class='ocrx_word' id='word_1_291' title='bbox 393 3717 465 3784; x_wconf 83' lang='lat' dir='ltr'><strong>nolo</strong></span> <span class='ocrx_word' id='word_1_292' title='bbox 488 3716 622 3785; x_wconf 79' lang='lat' dir='ltr'><strong>ulterius</strong></span> <span class='ocrx_word' id='word_1_293' title='bbox 645 3739 823 3806; x_wconf 80' lang='lat' dir='ltr'><strong>properare</strong></span> 
     </span>
    </p>
   </div>
   <div class='ocr_carea' id='block_1_5' title="bbox 201 3929 1395 4556">
    <p class='ocr_par' dir='ltr' id='par_1_5' title="bbox 201 3929 1395 4556">
     <span class='ocr_line' id='line_1_33' title="bbox 249 3929 1391 4024; baseline 0.004 -27"><span class='ocrx_word' id='word_1_294' title='bbox 249 3932 280 4010; x_wconf 94' lang='grc' dir='ltr'><strong><em>δ,</em></strong></span> <span class='ocrx_word' id='word_1_295' title='bbox 314 3930 368 3996; x_wconf 87' lang='lat' dir='ltr'><strong><em>el.</em></strong></span> <span class='ocrx_word' id='word_1_296' title='bbox 415 3929 621 4019; x_wconf 79' lang='lat' dir='ltr'><strong>Interrogobo</strong></span> <span class='ocrx_word' id='word_1_297' title='bbox 648 3951 705 3998; x_wconf 78' lang='lat' dir='ltr'><strong><em>voe</em></strong></span> <span class='ocrx_word' id='word_1_298' title='bbox 736 3933 792 4017; x_wconf 86' lang='lat' dir='ltr'><strong><em>qui</em></strong></span> <span class='ocrx_word' id='word_1_299' title='bbox 822 3933 910 4017; x_wconf 79' lang='lat' dir='ltr'><strong>sitis,</strong></span> <span class='ocrx_word' id='word_1_300' title='bbox 936 3971 977 3984; x_wconf 87' lang='lat'>-</span> <span class='ocrx_word' id='word_1_301' title='bbox 1010 3933 1174 4004; x_wconf 77' lang='lat' dir='ltr'><strong>Menelaus</strong></span> <span class='ocrx_word' id='word_1_302' title='bbox 1203 3939 1323 4024; x_wconf 86' lang='lat' dir='ltr'><strong>inquit,</strong></span> <span class='ocrx_word' id='word_1_303' title='bbox 1350 3973 1391 3986; x_wconf 88' lang='lat'><em>-</em></span> 
     </span>
     <span class='ocr_line' id='line_1_34' title="bbox 201 4036 1392 4125; baseline 0.002 -20"><span class='ocrx_word' id='word_1_304' title='bbox 201 4039 323 4106; x_wconf 87' lang='grc' dir='ltr'><strong><em>δείπνου</em></strong></span> <span class='ocrx_word' id='word_1_305' title='bbox 347 4038 550 4114; x_wconf 79' lang='grc' dir='ltr'><strong><em>πασσαμένω.</em></strong></span> <span class='ocrx_word' id='word_1_306' title='bbox 574 4036 729 4106; x_wconf 79' lang='lat' dir='ltr'><strong>observat</strong></span> <span class='ocrx_word' id='word_1_307' title='bbox 753 4040 922 4125; x_wconf 76' lang='lat' dir='ltr'><strong>interpres:</strong></span> <span class='ocrx_word' id='word_1_308' title='bbox 947 4050 1009 4114; x_wconf 79' lang='grc' dir='ltr'><strong><em>τοῖς</em></strong></span> <span class='ocrx_word' id='word_1_309' title='bbox 1035 4043 1244 4125; x_wconf 85' lang='grc' dir='ltr'><strong><em>όδσιπορήσατι</em></strong></span> <span class='ocrx_word' id='word_1_310' title='bbox 1273 4047 1392 4109; x_wconf 80' lang='grc' dir='ltr'><strong><em>δείπνου</em></strong></span> 
     </span>
     <span class='ocr_line' id='line_1_35' title="bbox 202 4143 1394 4229; baseline 0.003 -17"><span class='ocrx_word' id='word_1_311' title='bbox 202 4145 340 4222; x_wconf 83' lang='grc' dir='ltr'><strong><em>δηλονότι</em></strong></span> <span class='ocrx_word' id='word_1_312' title='bbox 363 4145 537 4224; x_wconf 68' lang='grc' dir='ltr'><strong><em>γενομένου.</em></strong></span> <span class='ocrx_word' id='word_1_313' title='bbox 561 4143 699 4229; x_wconf 81' lang='lat' dir='ltr'><strong>(HMQ).</strong></span> <span class='ocrx_word' id='word_1_314' title='bbox 723 4144 861 4212; x_wconf 69' lang='lat' dir='ltr'><strong>[taboret</strong></span> <span class='ocrx_word' id='word_1_315' title='bbox 883 4150 1051 4214; x_wconf 84' lang='lat' dir='ltr'><strong>verborum</strong></span> <span class='ocrx_word' id='word_1_316' title='bbox 1076 4150 1256 4227; x_wconf 77' lang='lat' dir='ltr'><strong>collocatio,</strong></span> <span class='ocrx_word' id='word_1_317' title='bbox 1282 4158 1314 4217; x_wconf 91' lang='lat' dir='ltr'><strong><em>et</em></strong></span> <span class='ocrx_word' id='word_1_318' title='bbox 1336 4157 1394 4216; x_wconf 79' lang='lat' dir='ltr'><strong><em>eut</em></strong></span> 
     </span>
     <span class='ocr_line' id='line_1_36' title="bbox 202 4249 1391 4340; baseline 0.005 -21"><span class='ocrx_word' id='word_1_319' title='bbox 202 4253 341 4340; x_wconf 74' lang='lat' dir='ltr'><strong><em>vestigia</em></strong></span> <span class='ocrx_word' id='word_1_320' title='bbox 368 4251 485 4317; x_wconf 85' lang='lat' dir='ltr'><strong>oodioie</strong></span> <span class='ocrx_word' id='word_1_321' title='bbox 515 4249 608 4331; x_wconf 63' lang='lat' dir='ltr'><strong><em>Q-</em></strong></span> <span class='ocrx_word' id='word_1_322' title='bbox 634 4253 689 4335; x_wconf 90' lang='lat' dir='ltr'><strong><em>qui</em></strong></span> <span class='ocrx_word' id='word_1_323' title='bbox 719 4252 837 4317; x_wconf 80' lang='grc' dir='ltr'><strong><em>δεῒπνον</em></strong></span> <span class='ocrx_word' id='word_1_324' title='bbox 864 4261 927 4328; x_wconf 82' lang='grc' dir='ltr'><strong><em>τοῖς</em></strong></span> <span class='ocrx_word' id='word_1_325' title='bbox 952 4253 1133 4336; x_wconf 83' lang='grc' dir='ltr'><strong><em>όδσιποροῠσι</em></strong></span> <span class='ocrx_word' id='word_1_326' title='bbox 1156 4259 1252 4324; x_wconf 81' lang='lat' dir='ltr'><strong>hebet</strong></span> <span class='ocrx_word' id='word_1_327' title='bbox 1276 4294 1315 4308; x_wconf 88' lang='lat'><em>-</em></span> <span class='ocrx_word' id='word_1_328' title='bbox 1341 4279 1391 4324; x_wconf 86' lang='lat' dir='ltr'><strong><em>ee·</em></strong></span> 
     </span>
     <span class='ocr_line' id='line_1_37' title="bbox 201 4357 1391 4440; baseline 0.003 -14"><span class='ocrx_word' id='word_1_329' title='bbox 201 4362 287 4426; x_wconf 81' lang='lat' dir='ltr'><strong>eutis</strong></span> <span class='ocrx_word' id='word_1_330' title='bbox 310 4358 402 4424; x_wconf 84' lang='lat' dir='ltr'><strong>nobie</strong></span> <span class='ocrx_word' id='word_1_331' title='bbox 424 4358 544 4425; x_wconf 87' lang='grc' dir='ltr'><strong><em>δείπνου</em></strong></span> <span class='ocrx_word' id='word_1_332' title='bbox 568 4381 597 4422; x_wconf 90' lang='grc' dir='ltr'><strong><em>τ.</em></strong></span> <span class='ocrx_word' id='word_1_333' title='bbox 623 4357 716 4424; x_wconf 88' lang='grc' dir='ltr'><strong><em>όδοιπ.</em></strong></span> <span class='ocrx_word' id='word_1_334' title='bbox 741 4359 875 4434; x_wconf 88' lang='grc' dir='ltr'><strong><em>δηλονότι</em></strong></span> <span class='ocrx_word' id='word_1_335' title='bbox 899 4362 1061 4440; x_wconf 73' lang='grc' dir='ltr'><strong><em>γενομένου</em></strong></span> <span class='ocrx_word' id='word_1_336' title='bbox 1085 4365 1287 4430; x_wconf 77' lang='lat' dir='ltr'><strong>scribendum</strong></span> <span class='ocrx_word' id='word_1_337' title='bbox 1316 4369 1391 4436; x_wconf 83' lang='lat' dir='ltr'><strong>erit.</strong></span> 
     </span>
     <span class='ocr_line' id='line_1_38' title="bbox 201 4465 1395 4556; baseline 0.008 -26"><span class='ocrx_word' id='word_1_338' title='bbox 201 4471 288 4540; x_wconf 72' lang='grc' dir='ltr'><strong><em>συί,</em></strong></span> <span class='ocrx_word' id='word_1_339' title='bbox 310 4466 394 4554; x_wconf 90' lang='lat' dir='ltr'><strong>quod</strong></span> <span class='ocrx_word' id='word_1_340' title='bbox 419 4465 522 4530; x_wconf 87' lang='lat' dir='ltr'><strong>multo</strong></span> <span class='ocrx_word' id='word_1_341' title='bbox 545 4467 728 4533; x_wconf 84' lang='lat' dir='ltr'><strong>ooneinnius</strong></span> <span class='ocrx_word' id='word_1_342' title='bbox 750 4467 830 4532; x_wconf 88' lang='lat' dir='ltr'><strong>mihi</strong></span> <span class='ocrx_word' id='word_1_343' title='bbox 854 4468 998 4547; x_wconf 81' lang='lat' dir='ltr'><strong>videtur,</strong></span> <span class='ocrx_word' id='word_1_344' title='bbox 1022 4481 1086 4542; x_wconf 76' lang='grc' dir='ltr'><strong><em>τοῖς</em></strong></span> <span class='ocrx_word' id='word_1_345' title='bbox 1111 4473 1320 4552; x_wconf 82' lang='grc' dir='ltr'><strong><em>όδσιπορήταπι</em></strong></span> <span class='ocrx_word' id='word_1_346' title='bbox 1345 4473 1395 4556; x_wconf 87' lang='grc' dir='ltr'><strong><em>δη-</em></strong></span> 
     </span>
    </p>
   </div>
   <div class='ocr_carea' id='block_1_6' title="bbox 0 0 1670 5144">
    <p class='ocr_par' dir='ltr' id='par_1_6' title="bbox 0 0 1670 5144">
     <span class='ocr_line' id='line_1_39' title="bbox 0 0 1670 5144; baseline 0 0"><span class='ocrx_word' id='word_1_347' title='bbox 0 0 1670 5144; x_wconf 95' lang='lat' dir='ltr'><strong><em> </em></strong></span> 
     </span>
    </p>
   </div>
  </div>
 </body>
</html>
