3220 5144
662 338 728 407 509

97 551 182 616 nune
217 530 349 596 demum
384 532 417 595 in
454 531 558 616 aprino
590 551 657 598 esse
687 533 802 617 potest.
851 528 1078 610 Quaestionum
1110 527 1293 594 unctoribus

97 636 315 704 artificiosius
345 635 528 722 placebant:
563 635 685 718 Κινύρου
718 635 920 706 ἀτοθανθντοο
944 635 1079 714 Δμιθτωρ
1103 632 1292 711 ε’βασθλευσι

96 743 228 824 Κθιτρου.
268 744 284 819 ἀ
317 743 382 808 οὐδὲ
412 742 529 823 εθρνρται
562 745 576 810 ὃ
609 742 738 824 Κινιθραο
772 743 803 806 ἐν
836 739 946 808 Ἰλιάδι
972 739 1290 820 trinovitanensis,
1360 809 1367 824 ,

95 853 185 918 ἀλλά
211 852 340 932 Κύπριοι
364 850 484 922 ἀτλῶς.
516 849 622 940 (BQ)-

143 1092 175 1148 ρ,
201 1065 277 1133 465.
326 1065 419 1132 Ἀλλ’
446 1067 543 1133 ἀκέων
567 1065 668 1141 κθνιρσε
687 1063 777 1145 κάριρτ
799 1062 967 1140 ἀκιθντως,
1000 1063 1137 1144 ἡσύχως,
1162 1065 1293 1144 ἀφανῶς

99 1176 135 1261 (i.
160 1195 186 1239 e.
210 1173 411 1249 eleneulum,
434 1179 470 1240 ut
491 1173 555 1239 fere
574 1192 636 1240 non
654 1173 835 1258 appereet)·
855 1171 986 1250 λέγεται
1006 1172 1069 1252 γὰρ
1087 1171 1137 1238 ἔτι
1152 1169 1292 1250 τράξεωι

98 1281 133 1346 τὸ
157 1281 273 1366 ἀκέων,
296 1283 350 1344 οὐκ
374 1281 422 1344 ἀεῖ
448 1279 497 1344 ἐπὶ
523 1290 621 1362 φωνῇ.
646 1278 705 1364 (Η)
730 1278 935 1366 Lugendum:
957 1277 1088 1357 λέγεται
1109 1278 1172 1359 γάρ
1197 1278 1292 1365 (καὶ)

98 1387 148 1452 ἐπὶ
174 1386 314 1466 τράξεως
338 1387 372 1452 τὸ
397 1387 510 1464 ἀκέων,
538 1388 592 1453 οὐκ
615 1387 665 1452 ἀεὶ
689 1386 740 1451 ἐκ)
765 1392 910 1468 φωνῆς.

144 1621 179 1678 ρ,
193 1595 271 1664 581.
299 1596 460 1664 Eumaeus
473 1595 512 1663 ed
524 1596 704 1683 Penelopen
718 1597 756 1662 de
770 1595 864 1662 Ulixe
876 1597 917 1662 od
928 1616 999 1662 eom
1012 1597 1120 1662 venire
1133 1601 1291 1661 cessante:

233 1705 377 1781 μυθεῖται
401 1705 485 1770 κατά
509 1712 637 1789 μοῖραν,
662 1701 742 1784 ἀσερ
766 1703 796 1767 κ’
824 1701 911 1768 οῖοιτο
936 1701 989 1769 καὶ
1015 1701 1132 1778 ἀλλος,

235 1807 321 1890 ὕβριν
345 1811 529 1892 ἀλυσκάζων
552 1813 664 1892 ἀνδρῶν
689 1811 950 1890 θσερκνορεθντων.

97 1915 242 1982 Verietns
265 1916 412 1983 lectionis
435 1918 529 1983 detur
552 1921 585 1984 in
610 1938 673 1984 uno
697 1917 730 1983 H
754 1919 800 2004 (et
823 1917 980 1983 Leroehio
1005 1923 1132 1982 auctore
1150 1915 1290 1982 inVind.

99 2020 196 2104 133):
228 2023 259 2088 ἐν
290 2031 353 2095 σοῖο
383 2023 541 2094 πλείστοις
565 2021 640 2102 θλιρν
667 2021 864 2106 ἀλυσκάζων.
910 2021 994 2099 Quid
1018 2025 1052 2088 iu
1078 2021 1292 2099 ltne'leteret

98 2129 184 2195 viros
216 2129 326 2194 doctos
355 2130 459 2196 adhue
491 2132 575 2217 quod
599 2133 697 2196 seium
723 2133 826 2196 torsit.
875 2127 1110 2214 „Corruptum”
1133 2147 1200 2194 esee
1223 2130 1292 2195 bre·

98 2237 182 2302 viter
204 2234 399 2323 significavit
423 2235 615 2302 Dindortins.
639 2237 683 2302 lit
702 2235 892 2304 Loroohius:
915 2235 1012 2321 „quid
1032 2255 1089 2319 pro
1111 2231 1186 2310 ὕλην
1207 2235 1292 2321 quod

95 2348 200 2408 metro
222 2342 395 2430 repugnet’
418 2344 465 2429 (et
487 2346 612 2419 sensui,
632 2344 756 2428 opiner)
779 2346 955 2428 „seriptum
976 2339 1292 2426 lueritnonliquet.”

96 2447 188 2514 Nihil
219 2448 368 2534 equidem
400 2452 433 2514 in
466 2455 613 2535 corrupte
641 2470 718 2516 rone
751 2449 839 2516 eliud
869 2449 968 2516 lutere
991 2454 1102 2534 putem
1127 2465 1223 2533 quum
1248 2483 1291 2496 —-

97 2551 223 2635 ὕβριν.
271 2554 318 2620 At
351 2556 428 2641 quid
458 2557 535 2634 hoe,
568 2558 691 2642 inquiet
722 2556 894 2642 quispiam.
927 2557 1093 2622 venissetis
1116 2560 1180 2620 est:
1206 2551 1291 2635 ὕβριν

95 2661 280 2743 ἀλυσκάζων
317 2681 374 2747 pro
407 2661 494 2742 ὕβριν
525 2660 729 2742 ἀλυσκάζωνθ
762 2663 834 2729 Non
866 2667 932 2746 est,
960 2661 1076 2739 fateor,
1104 2661 1157 2726 sed
1183 2667 1291 2727 eontre

93 2777 299 2853 reputemus,
332 2770 415 2854 quod
449 2769 536 2836 eliud
559 2771 800 2836 substantivum
826 2769 879 2834 hio
902 2769 1043 2834 locorum
1068 2768 1165 2833 fuisse
1188 2771 1288 2853 possit

95 2895 153 2960 pro
177 2871 275 2954 ὕβριν.
300 2873 436 2940 Nullum
462 2878 655 2962 reperiemus
678 2875 840 2942 idoneum.
864 2873 907 2940 Et
930 2874 1053 2940 dixerut
1075 2873 1201 2940 Ulixes:

188 2981 277 3046 ἀλλά
302 2983 479 3061 μνηστήρων
502 2989 654 3062 χαλεπῶν
679 2982 822 3048 enotriti?
845 2977 966 3065 θμιλον,

190 3093 247 3151 τιῖιν
272 3083 386 3167 ὕβρις
413 3111 457 3153 τε
479 3088 550 3167 βθιρ
575 3113 618 3154 τε
642 3087 775 3167 σιδήρεον
799 3087 919 3167 otperto
938 3085 994 3154 ἵκει
1014 3087 1092 3173 (ves.
1108 3085 1182 3164 564,
1200 3085 1293 3171 565),

98 3191 139 3258 od
171 3213 251 3279 quse
282 3207 390 3260 nostro
420 3202 526 3281 operte
558 3195 741 3280 respiciunt.
790 3193 902 3280 Itsque
933 3191 1121 3259 rsrietutem
1153 3229 1194 3242 -
1211 3185 1292 3259 uem

100 3301 289 3366 varietatem
322 3301 480 3388 quendem
504 3303 613 3368 edesse
638 3307 761 3388 oportet
786 3339 826 3350 -
852 3302 1009 3386 pertinere
1032 3307 1142 3386 putem
1166 3319 1229 3366 non
1253 3299 1292 3366 ed

99 3405 339 3472 substantivum
370 3408 424 3474 sed
455 3407 494 3475 ed
526 3409 614 3474 verbi
646 3409 796 3473 formem:
825 3407 856 3472 ἐν
879 3413 941 3477 τοῖς
965 3407 1124 3478 τλεθστοις
1150 3405 1296 3488 ,ὕβριν

98 3512 359 3578 essentne-sni
405 3513 447 3580 ut
479 3513 677 3581 infinitivum
710 3519 887 3602 egnosouut
911 3522 942 3579 et
966 3511 1038 3579 Me.
1064 3511 1293 3579 Bernesionum

97 3617 319 3699 (ἀλυσκάζεινι
353 3621 518 3706 ἐκφυγεῖν)
549 3628 581 3687 st
614 3627 706 3688 retus
730 3619 891 3708 Odysseae
916 3621 1013 3686 editio
1037 3619 1220 3686 Florentius
1245 3619 1296 3706 (F)

52 3717 55 3724 ’
97 3726 182 3811 apud
224 3725 428 3792 Loroohium.
477 3726 602 3802 Quibus
637 3728 883 3793 auetoritatibus
919 3745 993 3790 enm
1030 3744 1091 3791 non
1115 3725 1295 3812 plurimum

97 3832 287 3906 tribuerim,
317 3831 458 3898 multum
484 3831 567 3918 epud
591 3854 644 3898 me
669 3832 753 3899 velet
778 3836 879 3919 ipsius
903 3833 1069 3899 varietatis
1092 3834 1295 3918 presstuntis,

97 3937 177 4004 adeo
204 3945 241 4002 ut
265 3959 337 4004 enm
361 3941 421 4004 etsi
445 3961 463 4003 e
487 3938 701 4024 nollensque
725 3939 834 4006 codiee
856 3959 958 4025 neque
983 3941 1155 4004 recentiore
1179 3937 1298 4004 editore

99 4048 246 4132 agnitam
269 4045 422 4133 vulgatos
447 4044 577 4110 lectioni
601 4045 640 4111 eb
665 4049 752 4112 omui
773 4052 862 4130 perte
883 4043 1119 4130 praeferendum
1141 4063 1298 4112 oenseem.

100 4149 233 4236 Optime
264 4157 483 4240 opponuntur:
516 4152 658 4229 μυθεῖται
685 4189 725 4200 --
752 4149 839 4232 ὕβριν
871 4149 1059 4230 ἀλυσκάζειν
1093 4153 1128 4236 (i.
1154 4171 1183 4237 q.
1209 4149 1297 4228 λέγει

97 4259 155 4330 τῖον
188 4255 274 4337 ὕβριν
305 4259 472 4333 ἐκκλθνειν,
507 4257 691 4336 ἐκφεύγειν,
723 4259 863 4340 δεδιέναι)
894 4265 926 4323 et
956 4257 1067 4323 ἀλλά
1093 4281 1127 4321 σε
1150 4265 1297 4335 μεῖναι

100 4365 269 4443 ἀνωγεν.
296 4366 421 4430 Dicitur
446 4374 470 4429 Φ
498 4363 582 4429 462:
609 4368 661 4430 οὐκ
686 4363 724 4428 ἀν
747 4389 789 4442 με
813 4363 971 4448 σαόφρονα
987 4365 1138 4442 μυθήσαιο
1161 4370 1179 4443 ΙΙ
1202 4361 1299 4444 ἔμμε-

100 4495 171 4556 ναι,
195 4477 291 4557 etque
313 4475 360 4538 ita
383 4493 526 4558 prorsus:
552 4473 696 4550 μυθεῖται
721 4471 921 4555 ἀλνσκάζειν.
