3318 5138
822 347 887 415 142

191 587 194 594 ·
260 537 387 606 Codicis
419 538 584 605 Harleiani
617 547 649 606 et
683 543 717 606 in
753 539 780 606 'l'
814 539 927 625 (Praei.
953 561 989 625 p:
1007 541 1071 622 u.):
1097 539 1188 614 ίμοίο
1211 541 1243 604 δὲ
1267 538 1451 616 περίφρασις

259 647 393 720 ἐκείνη
431 647 544 730 (immo
579 647 725 726 ἐκείνη)
759 645 883 724 „erade
916 647 1031 731 (immo
1058 645 1163 728 πρίν)
1195 648 1321 720 Λήμνου
1352 651 1451 722 γαῖαν

259 754 410 820 ίιοέοίιιι”.
437 755 465 838 (ί
491 751 580 838 301.)
620 752 708 833 Quae
731 756 764 818 in
789 763 878 819 textu
904 760 978 818 sunt
1001 753 1104 828 edita,
1130 752 1348 816 Aristonicum
1373 749 1453 815 refa-

259 848 354 945 run⁴t3
386 879 466 945 quae
494 880 533 924 ex
563 859 662 925 altero
694 859 859 924 Harleiani
890 859 1034 945 margine
1065 868 1097 924 et
1127 880 1165 924 cx
1197 857 1224 923 'l'
1255 863 1454 923 accesserunt

261 973 293 1032 et
324 968 364 1032 ab
387 965 451 1032 alio
474 969 687 1051 grammatico
710 971 786 1030 suut
810 965 947 1051 prolecta
975 973 1007 1030 et
1030 965 1247 1030 antecedentia
1268 968 1456 1050 pervertunt

262 1081 295 1140 et
317 1093 356 1139 ue
380 1072 527 1159 intellegi
552 1072 680 1156 quidem
705 1079 836 1158 possunt
860 1070 943 1136 unde
966 1071 1030 1135 huc
1053 1071 1213 1145 venerint,
1238 1074 1300 1137 nisi
1321 1073 1402 1134 scias
1421 1067 1455 1134 H

262 1179 394 1255 habere,
426 1200 487 1244 uun
519 1179 620 1252 Κρήτη
652 1201 698 1248 τις
728 1180 809 1256 raiol
835 1178 934 1253 ἐστιν,
960 1178 1013 1242 sed
1039 1181 1203 1256 Κρήτης.
1251 1176 1314 1256 Qui
1339 1177 1455 1242 hocin

262 1305 320 1352 suo
356 1284 492 1351 Homeri
521 1285 629 1350 codice
660 1283 756 1370 legit,
785 1291 858 1368 apte
890 1286 1085 1368 comparavit
1115 1284 1241 1360 Λήμνου
1271 1291 1389 1365 γαῖαν,
1421 1288 1455 1348 at

261 1391 345 1457 nihil
376 1412 473 1478 quam
505 1398 537 1456 ct
568 1394 685 1468 Κρήτης
714 1397 747 1456 et
769 1393 896 1466 Λήμνου
920 1389 1015 1456 lectio
1039 1391 1078 1454 ab
1102 1389 1254 1456 hocloco
1277 1392 1383 1477 magis
1406 1395 1455 1455 est

262 1497 421 1574 alienum,
452 1498 508 1563 ubi
542 1497 746 1562 Aristarchus
776 1503 808 1562 et
836 1496 1036 1562 Aristonicus
1059 1495 1145 1562 idem
1169 1497 1278 1562 docere
1302 1503 1456 1562 conantur

263 1604 347 1690 quod
382 1606 507 1688 saepius
542 1603 637 1680 alibi,
671 1608 797 1689 podtam
829 1604 861 1668 in
893 1602 1082 1688 quibusdam
1113 1603 1297 1668 nominibus
1321 1605 1456 1688 propriis

159 1739 166 1754 ·
264 1713 444 1796 promiscue
467 1715 499 1776 et
521 1709 680 1795 pluralem
703 1731 873 1776 numerum
898 1717 931 1776 et
954 1708 1150 1795 singularem
1174 1709 1324 1775 adhibere
1346 1708 1455 1774 solere.

311 1949 353 2002 y,
384 1922 461 1988 292.
509 1923 678 2003 Ἰαρὸιίνουε
715 1925 792 1988 cirri
828 1930 899 1996 τής
935 1922 1177 2002 Ἰαρδοίνης,’ὅ’ς
1214 1923 1280 1988 ἐστι
1313 1923 1455 1999 ποταμὸς

266 2031 384 2106 Κρήτης
409 2029 480 2116 (Μ).
506 2028 583 2095 Post
606 2027 762 2106 Ἰαρδοίνης
786 2029 925 2096 Oobetus
949 2029 1072 2095 addidit
1092 2031 1338 2114 edificationis
1358 2031 1456 2094 etiam

266 2135 332 2200 ἀπ’
361 2136 500 2222 (delrio)
527 2144 597 2210 τῆς
623 2137 798 2220 Ἰαρδοίνης,
823 2145 860 2201 ut
882 2155 979 2221 supra
1001 2136 1041 2201 ad
1066 2157 1112 2201 vs.
1138 2133 1204 2202 289
1224 2138 1382 2212 ἀρσενικῶς
1404 2135 1456 2198 τὸν

265 2243 423 2318 οίίίτμίνα,
456 2243 534 2306 cirri
563 2243 675 2322 ίρίής
707 2252 776 2318 τῆς
809 2245 953 2321 atrato,
984 2248 1016 2307 et
1047 2268 1065 2317 η
1091 2241 1173 2308 103:
1198 2240 1290 2314 οὕτως
1323 2239 1372 2307 οὖν
1403 2241 1455 2305 καί

265 2349 330 2413 tert
367 2355 435 2422 τῆς
473 2351 582 2422 δοίης
616 2357 657 2434 (p.
692 2347 780 2431 330,
810 2346 887 2433 28),
916 2363 949 2414 et
977 2373 992 2411 ε
1025 2345 1105 2413 118:
1135 2349 1318 2426 ἀμφίβολον
1353 2350 1385 2414 δὲ
1421 2349 1456 2412 τὸ

267 2454 454 2538 ζηλήμονες,
479 2454 602 2534 πότερον
626 2455 708 2535 ίρίής
734 2455 817 2520 ἔστιν
842 2455 859 2530 t,
883 2461 1029 2528 κλιρτικής
1056 2457 1098 2539 (p.
1123 2454 1209 2528 254,
1235 2455 1291 2541 19)
1317 2463 1350 2522 et
1373 2482 1387 2521 ε
1413 2454 1456 2521 38

266 2563 305 2630 ad
329 2564 473 2644 τχεδίηςε
500 2565 517 2637 ή
549 2563 636 2639 opti
668 2565 805 2628 εὐθεῖα
828 2561 939 2642 σχεδίη
963 2558 1170 2640 ταροξυτίνοις
1193 2561 1268 2646 (Η),
1295 2563 1352 2627 ubi
1375 2561 1457 2628 Diu·

266 2668 382 2736 dorfius
405 2671 438 2735 in
462 2669 569 2735 Indice
596 2669 804 2751 „alterutrum
829 2667 1023 2734 delendum”
1047 2677 1131 2735 recte
1154 2677 1270 2734 censet.
1298 2667 1457 2754 Equidem

266 2779 417 2842 usitatius
441 2777 559 2847 εὑίείας
583 2775 767 2842 deleverim.

312 3011 348 3065 y,
383 2984 459 3050 293.
497 2987 618 3061 Λιοοήτ
654 2988 764 3058 τινὲς
797 2988 870 3064 μὲν
903 2985 997 3062 ἕνοροα
1029 2987 1127 3064 κύριον
1157 2989 1212 3060 τήν
1244 2991 1294 3051 νῦν
1326 2987 1457 3059 Βλιοτήν

267 3093 414 3176 (Βλίοοην
423 3090 447 3175 1)
472 3092 680 3170 καλουμένην,
704 3089 786 3158 οἷον
809 3093 916 3158 λεία.
940 3091 1146 3171 111’1(ριι’τιρς
1168 3092 1221 3157 rita
1243 3095 1284 3174 τῷ
1305 3117 1319 3158 ν
1338 3093 1457 3172 γριίφει

267 3200 396 3274 Λιοοήν.
433 3198 493 3285 (Η)
529 3197 710 3265 Dindordus
739 3199 855 3265 adlatis
885 3199 1066 3276 Eustathii,‚
1100 3199 1281 3278 Strabonis,
1305 3198 1458 3285 Stephani

267 3305 439 3394 Byzantini
470 3308 678 3378 testimoniis.
703 3309 936 3372 adnotationem
962 3327 1051 3372 suam
1077 3307 1129 3371 his
1152 3307 1256 3372 vorbis
1279 3306 1458 3373 concludit:

271 3417 323 3498 „in
357 3434 450 3479 versu
481 3411 615 3478 Homeri
646 3413 852 3479 manifestum
881 3421 928 3478 est
951 3421 1036 3478 recte
1059 3412 1125 3499 legi
1148 3411 1342 3493 adjectivum
1365 3413 1459 3486 λιοτίρ

267 3519 396 3601 τίτρη”.
421 3519 543 3584 Verum
564 3519 643 3596 hoc,
656 3519 709 3584 scd
724 3527 760 3583 ut
771 3521 1004 3606 grammaticus
1019 3517 1192 3605 (Didymus
1200 3515 1226 3596 1)
1238 3539 1362 3604 quoque
1373 3519 1460 3585 idem

267 3628 367 3704 dicat,
401 3624 484 3710 quod
516 3645 590 3689 eum
628 3625 731 3690 dicere
767 3625 905 3690 voluisse
939 3624 992 3689 vel
1026 3624 1103 3694 τινὲς
1139 3625 1210 3699 μ1ν
1243 3625 1360 3690 indicio
1390 3631 1460 3698 est,

267 3735 441 3800 necessario
477 3752 557 3816 quae
593 3731 778 3797 exciderunt
814 3731 988 3818 supplenda
1022 3739 1097 3796 suut
1129 3735 1163 3796 in
1198 3731 1282 3796 hunc
1306 3731 1459 3796 modum:

266 3841 371 3911 τινὲς
399 3838 468 3916 μὲν
493 3836 619 3912 ίυομα
642 3837 779 3916 κύριον
802 3837 858 3911 τήν
882 3842 932 3901 νῦν
957 3837 1087 3909 Βλίοοην
1113 3837 1314 3914 καλουμένην.
1338 3837 1459 3923 (τινὲς

268 3947 307 4013 δὲ
340 3944 608 4027 ἐπιθετικόν),
632 3939 689 4008 οἷον
714 3945 796 4009 λεία.

314 4186 349 4241 7.
382 4159 458 4226 296.
491 4161 521 4231 ίς
555 4159 707 4224 Φαίοτίντ
739 4160 920 4238 ἀκρωτήριον
946 4170 1002 4234 τής
1034 4161 1175 4238 Γόρτυνος
1200 4159 1317 4232 τίλεοις
1340 4159 1460 4238 Κρήτης

269 4270 332 4336 clxi
364 4269 421 4345 μὲν
452 4270 510 4330 τιῖιν
542 4271 700 4329 πολλῶν
733 4265 921 4342 κυμοίτοου
951 4268 1023 4330 λίαν
1054 4265 1306 4348 περικλυζόμενον
1330 4267 1396 4332 καί
1429 4269 1460 4333 εί

269 4376 410 4457 βραχεῖα
433 4397 480 4444 τις
507 4371 585 4451 αὖρα
610 4371 801 4455 γίνηται,
827 4371 891 4436 τίτί
916 4372 949 4438 li
972 4373 1172 4454 μεσημβρίας
1198 4375 1259 4439 οὐδ’
1277 4369 1371 4452 ὅλοις,
1393 4376 1462 4439 καί·

269 4505 314 4552 τοι
345 4487 399 4550 τοῦ
429 4479 515 4546 νίτου
539 4481 682 4558 με’γιττα
706 4478 871 4560 ἐγείροντος
896 4479 1041 4560 κύματα,
1067 4481 1120 4547 tot
1142 4480 1178 4546 τί
1202 4481 1288 4547 κοντοὶ
1310 4485 1400 4547 τοῦτο
1424 4481 1461 4546 τὸ
