3318 5138
712 369 785 440 1113

155 553 229 638 160,
255 559 312 624 ld:
339 562 364 624 εί
389 561 421 626 δέ
446 562 659 640 μακαρίζομεν
682 562 752 627 τοὺς
778 564 816 626 έν
840 563 1018 641 ὑπηρεσίαις
1042 564 1235 643 &adparebat
1257 567 1344 645 ὑπερ·

153 667 295 750 έχοντας.
324 703 364 718 -
389 690 420 756 p.
453 668 531 747 214,
566 667 604 734 b:
635 669 755 749 ἐλείφθη
786 669 818 735 δέ
849 671 886 735 έν
917 669 1003 753 stup.
1031 709 1071 720 -
1097 693 1128 757 p.
1165 671 1249 748 435,
1285 672 1342 738 10:

152 773 262 856 σχεδὸν
284 777 347 868 χίιρ
379 775 417 840 έν
449 785 488 857 τῇ
518 782 605 858 φανῇ
635 777 699 840 πίον
730 776 765 841 τὸ
796 783 855 842 τῶν
883 778 1053 856 ὀφθαλμῶν
1078 777 1172 851 πιίθος
1197 778 1341 853 ἐθέλοισα.
1378 807 1380 810 ’

153 917 193 930 -
224 903 257 967 p.
294 881 379 966 475,
410 879 450 948 62
482 882 745 960 μαντευσομένους
779 884 817 950 ἐν
847 893 886 966 τῇ
915 888 1006 967 ψυχῇ
1031 889 1084 950 τοῦ
1108 887 1275 964 Τειρεσίου.
1300 925 1341 936 -

151 1008 180 1072 p·
206 985 291 1065 708,
327 986 384 1055 16:
418 991 549 1061 πιθανῶς
584 989 615 1054 δὲ
650 992 770 1069 πρώτην
805 990 963 1070 ιίριστείαν
998 992 1196 1074 Τηλεμάχου
1231 991 1343 1060 διέθετο

151 1093 188 1157 έν
217 1090 237 1176 ᾗ
265 1095 317 1160 τὸν
346 1095 467 1173 πατέρα
493 1095 644 1162 διέσωσεν.
694 1097 814 1163 bladam
838 1098 922 1184 opud
947 1119 1056 1164 omnea
1079 1105 1224 1164 auctores
1247 1107 1339 1178 aunt,

150 1202 204 1285 qni
234 1208 305 1288 post
336 1202 555 1268 Alexandrum
587 1203 743 1290 Magnum
768 1203 952 1270 floruerunt.
1000 1205 1106 1270 luetur
1128 1208 1274 1271 omnium
1298 1208 1342 1272 eit

149 1307 229 1374 illud
253 1307 385 1374 Diodori
410 1307 511 1375 Siouli
538 1309 656 1394 (XIII,
680 1331 707 1375 o.
736 1309 803 1395 14),
828 1329 890 1396 quo
914 1313 979 1377 iam
1004 1331 1100 1397 supra
1122 1316 1165 1398 (p.
1187 1309 1244 1399 62)
1264 1333 1341 1378 oeus

149 1433 237 1479 oum:
270 1415 297 1480 σί
329 1415 366 1478 έν
395 1424 466 1487 ταῖς
500 1417 633 1490 ἡλικίαις
666 1417 721 1491 την
747 1417 777 1480 ἐν
800 1419 842 1495 τῷ
867 1416 992 1498 πολέμιρ
1015 1417 1123 1497 χρείαν
1148 1419 1340 1500 παρέχεσθαι

149 1525 190 1597 μη
225 1521 396 1600 δυνάμενοι.
445 1523 543 1589 Porro
578 1543 652 1588 eum
688 1523 726 1588 de
761 1525 931 1589 tritissima
964 1527 1197 1609 permutatione
1226 1545 1340 1592 rooum

147 1630 279 1696 παλαιοί
302 1635 335 1694 et
358 1629 469 1694 πιλλιί
492 1649 620 1718 agerem
648 1630 692 1715 (p.
715 1628 772 1710 95)
802 1630 884 1696 male
904 1631 967 1696 bue
989 1633 1071 1696 traxi
1091 1651 1171 1716 quae
1191 1631 1342 1698 dimntur
1418 1655 1423 1662 ·

24 1751 25 1758 ’
148 1735 186 1800 ad
220 1759 240 1800 ιι
276 1735 358 1801 18οι
394 1735 457 1806 ἔθος
486 1735 548 1814 γὰρ
580 1743 644 1807 τοῖς
677 1744 849 1806 πολλοῖς
880 1734 1049 1816 θαυμάζειν
1079 1738 1122 1801 τίς
1151 1738 1214 1803 eiad
1238 1737 1340 1818 ἄγρας

146 1841 343 1919 εἰλημμένα,
377 1862 438 1927 quo
470 1840 538 1908 loeo
569 1862 650 1926 quae
678 1839 783 1908 Codex
808 1841 861 1928 (Q)
887 1844 1017 1928 praebet
1041 1864 1115 1909 vera
1137 1852 1213 1910 eunt
1235 1852 1268 1910 et
1291 1866 1341 1911 aa·

145 1951 289 2015 uiseima.
337 1947 478 2014 Tandem
504 1949 543 2014 ad
568 1947 587 2024 Ε
609 1947 674 2015 128
698 1968 760 2014 nou
784 1949 954 2016 debueram
980 1948 1151 2016 sollicitare
1176 1951 1219 2037 (p.
1244 1951 1339 2039 101):

147 2056 270 2136 Φθσευς
306 2055 491 2137 ἀνθρωπίνης
527 2054 641 2133 itione
672 2057 707 2122 τί
737 2053 803 2135 περί
838 2063 895 2121 τῶν
925 2057 1107 2133 orarentur
1129 2057 1339 2131 deserbieret

24 2223 25 2236 ,
146 2163 227 2238 ἥμῖις
255 2157 335 2238 θμιυς
360 2159 625 2226 ἀναπυνθάνεσθαι
651 2159 720 2246 (Q),
744 2179 819 2228 uam
842 2169 876 2228 ei
899 2162 951 2228 hio
976 2162 1057 2227 nihil
1081 2165 1154 2228 vitii
1178 2170 1297 2230 subest.
1385 2147 1392 2160 ⁵

187 2270 298 2356 Atque
329 2270 364 2335 hi
400 2271 465 2335 fere
499 2275 575 2334 eunt
607 2268 671 2334 loei
713 2305 749 2319 -
785 2275 909 2353 praeter
939 2289 1058 2346 unum,
1095 2269 1134 2334 de
1168 2290 1231 2355 quo
1266 2276 1337 2356 pont

144 2375 361 2462 disputabitur
380 2375 484 2441 --de
504 2375 620 2460 quibua
640 2393 673 2440 re
690 2373 807 2440 melius
826 2381 989 2460 perepeota
1012 2395 1095 2440 nuno
1117 2375 1336 2461 usurpandum

24 2485 25 2562 ῗ
144 2481 220 2547 duxi
245 2481 328 2548 illud
351 2480 604 2548 Stesichoreum:
630 2482 683 2546 οὐκ
707 2477 771 2546 ἔστ’
796 2479 904 2559 ἔτυμος
930 2481 1023 2559 λίνος
1047 2477 1143 2551 οὖτος.

187 2694 241 2762 Ad
273 2696 361 2760 tertii
391 2693 467 2760 libri
498 2691 627 2760 Scholia
656 2693 756 2758 redux
788 2693 869 2760 duae
890 2693 1023 2760 lacunae
1046 2693 1239 2780 supplendae
1261 2699 1336 2762 eunt

24 2821 25 2890 η
142 2803 175 2865 in
204 2799 334 2868 Sobolio
357 2821 395 2866 ex
421 2800 447 2866 Τ
471 2803 536 2866 iam
560 2802 594 2865 in
618 2801 720 2866 fronte
744 2799 847 2866 laoero
871 2801 908 2866 ed
933 2824 956 2878 γ
981 2799 1063 2866 464:
1087 2801 1190 2882 πθφρα
1214 2802 1245 2867 u
1269 2809 1336 2878 Τη-

24 2893 25 2922 r
143 2906 287 2987 λίμαχσν
310 2911 417 2973 λοῦσεν
445 2908 527 2980 καλὴ
549 2907 749 2981 Πολυκάστη.
774 2905 924 2973 Scholion
948 2911 997 2972 oet
1020 2908 1195 2974 eiusmodi:
1219 2909 1335 2974 οίδθνα-

24 3015 25 3030 ’
143 3037 191 3078 τον
213 3014 279 3095 γὰρ
303 3017 345 3095 τῷ
371 3014 500 3095 Νέστορι
524 3059 622 3080 .....
653 3013 795 3093 παρθένον
819 3009 895 3076 είναι
920 3014 1088 3093 θυγατέρα.
1113 3014 1225 3079 λύεται
1249 3013 1276 3080 δ’
1301 3016 1335 3082 εἰς

24 3157 25 3172 ι
142 3126 193 3186 τοῦ
229 3119 322 3193 ἔθους.
358 3119 483 3201 ἔφαμεν
518 3121 580 3198 γὰρ
613 3121 656 3197 μίι
689 3115 767 3184 εἶναι
800 3119 944 3200 παρθένου
977 3118 1063 3199 ἔργον
1094 3121 1130 3186 τὸ
1153 3121 1270 3206 λούειν,
1295 3124 1334 3196 νίς

142 3211 346 3310 ’Λρίσταρχος
371 3227 477 3293 τίεται.
512 3226 562 3292 Ita
586 3226 662 3292 haec
684 3228 719 3290 iu
742 3233 832 3292 textu
857 3225 1058 3292 exhibentur.
1090 3226 1127 3292 Iu
1150 3225 1334 3313 Appendioe

144 3334 186 3420 (p.
219 3333 287 3403 753
318 3335 390 3419 uf.)
427 3335 528 3420 ipsine
560 3332 677 3398 oodioie
708 3338 978 3398 commemoratur
1009 3333 1166 3418 scriptura
1201 3333 1329 3400 haecce:

143 3440 271 3518 „diuvai'
294 3442 358 3520 γὰρ
380 3441 423 3520 τῷ
449 3441 577 3520 Νέστορι
598 3485 698 3504 .....
720 3437 858 3521 (lacuna)
883 3436 967 3504 θντι
988 3438 1156 3520 θυγατέρα.
1181 3473 1267 3489 ---
1286 3441 1331 3518 μη

79 3537 82 3546 ’
141 3545 222 3614 θιτι
255 3547 401 3630 παρθένου
435 3547 521 3628 ίργον
552 3548 586 3611 τὸ
617 3546 716 3612 roden
752 3553 810 3612 eto.
840 3544 902 3610 ἔστι
925 3545 1085 3612 Prelierue
1108 3546 1276 3632 utrobique
1298 3549 1333 3612 in

141 3633 215 3722 εἶναι
239 3653 411 3722 mutavit.''
458 3655 560 3735 Quam
582 3651 701 3718 vellem
724 3651 911 3718 Ludwiohio
936 3656 1015 3716 teste
1039 3659 1072 3717 at
1095 3658 1222 3718 auctore
1246 3659 1331 3718 nerto

140 3765 291 3830 uuiremue
322 3783 362 3828 an
391 3760 474 3826 nihil
506 3759 594 3826 aliud
625 3764 750 3845 praetor
772 3758 850 3824 haee
874 3759 1034 3846 fragmina
1056 3761 1090 3823 iu
1115 3759 1221 3825 oodioe
1244 3781 1331 3826 meu·

140 3869 213 3937 doeo
244 3877 277 3936 et
307 3867 411 3934 lacero
434 3866 572 3955 legatur.
618 3865 714 3932 Nune
736 3866 797 3931 hoe
821 3870 950 3930 tantum
973 3866 1050 3930 eatis
1072 3864 1195 3952 liquido
1218 3865 1329 3946 video,

140 3975 295 4060 quomodo
306 3977 419 4041 laouna
429 3979 501 4059 poet
512 3973 641 4051 Νέστορι
654 3971 815 4038 sarcienda
827 3973 878 4036 eit.
892 3971 1058 4037 ’λὸθιατσι
1071 3972 1134 4050 yde
1146 3973 1188 4052 τῷ
1201 3973 1328 4054 Νέστορι

140 4084 300 4168 -inquit
312 4119 353 4132 -
366 4080 562 4160 παρθένοι
582 4081 634 4167 (an
653 4080 713 4144 hoe
732 4077 925 4146 venabulum
937 4077 1198 4166 flagitantanexu
1210 4099 1229 4145 a
1241 4078 1330 4147 Prel-

139 4187 203 4256 lero
224 4201 273 4256 eet
297 4185 473 4272 additumi)
500 4183 576 4251 εἶναι
601 4184 770 4264 θυγατέρα.
795 4182 861 4250 Cur
883 4181 1054 4250 αδύνατονί
1072 4185 1184 4266 Quivis
1203 4207 1329 4271 reupon-

140 4293 227 4362 dent:
258 4295 408 4362 ὶδθνατιν
437 4293 500 4372 γὰρ
531 4294 583 4372 ret
604 4291 733 4370 Νέστορι
762 4292 937 4375 (γέροντι
959 4289 1057 4378 θντι)
1085 4291 1229 4370 παρθένον
1250 4288 1327 4358 είναι

141 4401 314 4484 θυγατέρα,
343 4407 437 4488 atque
458 4401 579 4466 borum
605 4400 736 4469 fortunae
759 4398 927 4464 verborum
952 4397 1102 4483 reliquiae
1126 4405 1272 4464 tenemus
1295 4400 1327 4466 in

141 4511 240 4593 priore
271 4507 351 4584 θντι,
383 4507 468 4596 quod
499 4505 660 4578 Prollerue
690 4506 848 4576 mutantia
878 4505 956 4574 duae
986 4524 1024 4571 eo
1053 4503 1123 4572 loeo
1153 4524 1217 4592 quo
1243 4527 1327 4574 nunu
