3278 5148
738 337 804 406 289

174 528 281 595 codice
301 549 427 616 semper
446 529 530 598 male
550 535 582 597 et
601 530 807 620 indiligenter
826 533 964 617 scripto,
985 531 1087 616 qualis
1108 529 1364 626 Hamburgensis

175 643 240 714 est,
275 637 372 702 verba
400 635 572 725 Porphyrii
603 639 767 704 obscurius
799 638 837 704 dc
861 659 949 704 more
972 639 1186 704 ratiocinantis
1209 658 1271 703 non
1295 640 1363 704 sine

175 742 351 829 multiplici
374 743 445 810 labe
469 751 593 810 servata
616 765 700 822 esso,
724 765 787 810 non
811 745 964 832 estquod
989 748 1153 810 miremur.
1177 743 1361 810 Describam

174 849 408 934 compluscula,
441 871 503 936 quo
531 857 564 916 et
588 863 850 938 argumentorum
874 854 970 916 series
993 857 1025 916 et
1049 851 1123 916 binc
1146 853 1362 915 mutationum

174 977 192 1020 a
221 977 275 1022 mc
306 959 536 1042 propositarum
569 960 650 1024 ratio
681 958 786 1045 magis
816 960 850 1022 in
879 965 986 1043 aperto
1018 961 1091 1023 sint.
1139 960 1191 1038 Τῷ
1216 958 1366 1022 Ὀδυσσεῖ

175 1062 288 1136 Ἀθηνά
313 1064 369 1141 μὲν
393 1062 585 1145 ἐμαρτύρησε
605 1065 823 1144 φιλεῖσθαι
845 1064 938 1129 αύτθυ
958 1066 1068 1146 ιιαίπερ
1082 1064 1246 1144 »δύστηνον
1259 1066 1363 1142 ἐόντα,

175 1168 271 1235 οὕνεκ’
294 1171 408 1244 έπητιίς
435 1171 515 1234 ἐστιν
541 1169 593 1236 ιοαί
617 1173 766 1251 ἀγχίνοος
792 1171 845 1237 καί
870 1171 1027 1253 ἐχέφρυν”
1051 1171 1078 1254 (ν
1101 1171 1191 1250 331).
1225 1175 1362 1250 Καλυψὼ

175 1276 205 1342 δὲ
242 1277 379 1341 ἰδοῦσα
416 1277 486 1363 [τό]
522 1277 664 1352 δύστηνον
696 1277 790 1343 αὐτόν
821 1277 928 1356 ἐόντα,
960 1275 1005 1342 ὅτ’
1032 1276 1143 1363 ,ἄλλοι
1167 1279 1223 1357 μὲν
1247 1279 1363 1351 πάντες

175 1383 363 1464 ἀπέφθιθον
396 1385 494 1449 έσθλοί
526 1385 656 1468 ἑταῖροι,
680 1384 731 1448 τόν
755 1385 782 1450 δ’
807 1383 868 1464 ἀρα
892 1385 968 1466 δεῦρ’
993 1383 1105 1462 ἄνεμός
1129 1410 1164 1451 τε
1188 1383 1286 1470 φέρειν
1310 1385 1362 1449 ιιαί

174 1491 249 1566 κῦμ’
284 1488 456 1554 ἐπέλασσεν
492 1485 569 1555 οἰον”
604 1492 631 1576 (ε
677 1489 760 1576 110,
794 1492 855 1556 111
888 1498 920 1557 et
952 1491 1157 1577 133,134),
1192 1494 1258 1558 καί
1296 1492 1362 1558 tert

174 1601 291 1662 τοῦτο
326 1596 502 1675 ἐξηγήσατο
525 1604 600 1670 πῶς
632 1597 775 1672 δύστηνον
807 1599 904 1676 λέγει.
939 1597 1067 1663 πόλιν
1095 1596 1134 1678 „d
1157 1598 1192 1675 δίη
1216 1597 1360 1679 ἀλιτρόν”

173 1702 282 1768 όντα.
319 1711 382 1776 πῶς
418 1701 466 1770 ούν
498 1703 621 1783 ἀλιτρός
651 1729 686 1770 τε
717 1707 848 1778 όαύτὸς
873 1706 931 1770 ιιαί
954 1708 1176 1787 ἀποφώλιοι
1206 1707 1360 1776 εἰδότος

172 1810 242 1876 καί
263 1815 331 1875 τού
350 1812 524 1892 ἀγχίνου
544 1809 613 1876 ιιαί
634 1811 870 1892 ἕχέφρονοι;
891 1813 942 1878 ιιαί
964 1814 1027 1885 πῶς
1048 1814 1062 1877 ό
1083 1813 1205 1892 ἀλιτρός
1226 1811 1358 1892 εἰρηται;

171 1915 272 1996 ῥητέον
297 1914 344 1984 οὖν
369 1913 414 1982 ότι
439 1919 480 1989 εἰς
505 1917 587 1996 όριιου
611 1920 857 1999 προκαλουμένου
881 1923 935 1994 την
956 1921 1095 2000 Καλυψὼ
1116 1925 1169 1986 τοῦ
1189 1919 1359 1994 Ὀδυσσέας

173 2025 238 2101 ,μή
270 2025 302 2089 τί
332 2049 382 2101 μοι
414 2026 497 2104 αὐτῷ
529 2033 622 2101 πῆμα
653 2025 746 2090 κακόν
769 2025 979 2103 βουλευσέμεν
1003 2025 1118 2104 ἀλλο,”
1143 2029 1238 2108 φηοίν
1262 2028 1359 2102 εἰιιίνη

170 2131 294 2212 ἀλιτρθν
326 2130 417 2215 όντα,
447 2131 587 2197 τουτέστι
612 2132 861 2212 διαμαρτάνουσιν
886 2143 940 2207 τιῖι
965 2135 1113 2207 ἀληθείοις
1139 2135 1189 2197 ιιαί
1215 2135 1361 2214 σφαλλό-

170 2261 277 2316 μενον,
303 2240 413 2319 καίτερ
434 2241 487 2304 οθιι
511 2240 687 2304 ἀπαίδευτα
711 2238 825 2304 εἰδότα.
851 2239 901 2304 τόν
925 2240 988 2318 pta
1007 2241 1195 2306 ἀπαίδευτον
1207 2242 1260 2306 ούκ
1272 2243 1361 2306 ἀπει-

170 2344 220 2412 κός
255 2345 349 2436 θντα
386 2346 607 2426 σφάλλεσθαι,
640 2346 691 2410 τόν
720 2345 750 2411 δέ
785 2346 1026 2424 πεπαιδευμένον
1059 2347 1237 2424 θαυμαστόν
1260 2346 1359 2414 όντα

170 2457 342 2535 σφαλῆναι.
375 2451 578 2534 θαυμάζουσα
606 2447 654 2518 οὖν
678 2453 766 2530 λέγει
792 2447 833 2530 „tl
855 2454 891 2526 δη
915 2453 1037 2532 ἀλιτρός
1062 2454 1169 2531 έσσι,”
1194 2455 1262 2520 ἀντὶ
1287 2459 1357 2534 τοῦ,

169 2555 201 2624 εἰ
231 2556 293 2638 ἀρα
328 2557 505 2640 σφαλερός,
539 2560 650 2639 καίπερ
683 2561 736 2625 ούιι
765 2560 952 2631 ἀπαέδευτιο
984 2561 1029 2624 εἰν.
1063 2561 1098 2626 τό
1123 2561 1153 2626 δὲ
1177 2563 1358 2642 ἀμφίβολον

170 2665 308 2739 ἕποέησεν
340 2666 354 2730 ό
378 2666 573 2742 πλεονασμός
598 2673 650 2730 τοῦ
675 2690 708 2731 τε
734 2667 786 2730 ιιαί
811 2665 950 2744 ἔλλειψις
975 2671 1028 2732 τοῦ
1052 2691 1116 2748 περ.
1142 2669 1270 2748 ῥηθεὶς
1294 2669 1358 2746 ηόιρ

169 2769 245 2838 σύτο
279 2767 318 2850 „i
342 2772 376 2848 δίη
401 2774 523 2851 ἀλιτρός
547 2774 635 2852 ε’σοι,
661 2775 772 2853 ναίπερ
794 2774 848 2838 οόιι
872 2775 1040 2854 ἀποφώλια
1064 2773 1178 2850 εἰδιίς,”
1202 2773 1295 2846 οὕτως
1318 2776 1357 2840 ἀν

169 2879 215 2954 εἰη
240 2880 253 2944 ό
277 2880 381 2949 αότόι.
429 2879 629 2966 Disputatio,
658 2882 887 2965 quae'maiore
911 2880 980 2945 iure
1003 2879 1042 2946 ad
1067 2906 1081 2944 ν
1107 2879 1170 2946 331
1197 2882 1357 2950 adscribe-

159 2994 268 3074 retur,
304 2988 398 3072 (quod
430 2989 483 3053 vel
513 2986 630 3053 clarius
661 2988 838 3072 apparebit,
872 2987 927 3052 ubi
959 2987 1091 3064 alteram
1124 2990 1193 3054 sius
1217 2997 1356 3074 partam,

168 3113 248 3179 quae
283 3100 329 3160 est
363 3094 401 3158 de
434 3096 466 3160 vi
497 3115 533 3160 ao
564 3099 719 3180 potestate
741 3093 887 3160 vocabuli
912 3095 1046 3168 έπητιίι,
1071 3115 1146 3160 mox
1175 3095 1356 3182 addidero),

167 3207 354 3267 nontamen
378 3201 431 3267 lric
454 3201 575 3277 aliena,
599 3200 712 3266 multia
736 3203 843 3276 vitiis,
870 3207 905 3266 ut
933 3201 1018 3278 dixi,
1043 3201 1216 3269 deformata
1238 3201 1358 3292 legitur

167 3310 352 3393 praesertim
383 3329 422 3372 cx
452 3307 650 3394 quorundam
682 3308 851 3373 verborum
883 3309 1054 3374 omissione
1075 3311 1171 3383 ortis,
1194 3311 1242 3376 ita
1265 3319 1301 3376 ut
1324 3313 1357 3376 in

169 3413 325 3499 plerisque
349 3413 455 3480 mendi
479 3414 634 3480 indicium
659 3435 755 3500 quam
780 3415 909 3480 evidens
928 3415 1105 3480 remedium
1125 3416 1211 3481 factu
1231 3417 1358 3483 facilius

167 3523 220 3586 sit.
256 3521 305 3588 Ac
328 3525 467 3607 primum
492 3524 703 3608 suspicionem
727 3535 834 3588 movet
857 3524 891 3586 in
915 3521 1016 3587 fronte
1037 3523 1177 3607 positum
1198 3526 1355 3604 φιλεῖσθαι

167 3629 271 3694 αὐτόν.
307 3628 417 3714 Neque
439 3629 525 3693 enim
548 3631 604 3714 qui
626 3630 786 3708 φιλεῖσθαι
810 3629 926 3694 dixerit
950 3649 1007 3715 pro
1029 3637 1134 3708 φιλεῖν
1158 3650 1298 3715 unquam
1323 3634 1357 3696 in

167 3735 301 3804 Graecia
329 3736 409 3812 fuit,
441 3757 498 3800 neo
527 3739 553 3800 ai
586 3735 664 3819 luit,
695 3734 773 3801 haec
803 3735 937 3801 infantia
960 3738 993 3800 in
1016 3733 1231 3822 Porphyrium
1258 3737 1355 3804 cadit.

166 3843 213 3910 At
247 3845 291 3908 sit
325 3844 499 3928 passivum.
548 3841 618 3908 Nun
653 3847 775 3926 potest,
807 3861 882 3906 nam
915 3841 1063 3907 Minerva
1094 3862 1155 3906 uon
1193 3841 1356 3908 adseverat

169 3949 297 4016 Ulixem
320 3948 433 4037 diligi.
462 3949 516 4014 sed
540 3972 558 4011 ο
581 3971 612 4012 ιε
635 3948 748 4035 diligi:
773 3951 815 4026 rq'r
840 3973 874 4012 σε
903 3947 955 4012 καί
980 3949 1012 4012 ού
1037 3949 1173 4026 δύναμαι
1197 3957 1356 4030 προλιπεῖν

166 4054 310 4130 δύστηνον
334 4055 433 4121 έόντα.
481 4054 628 4140 Suspicor
652 4055 775 4120 dedisse
798 4060 977 4121 auctorem:
1003 4057 1045 4134 τῷ
1073 4055 1222 4120 Ὀδυσσεῖ
1243 4057 1356 4131 Ἀθηνά

167 4165 223 4241 μέν
246 4163 437 4244 ἐμαρτύρησε
462 4161 811 4242 φιλοφρονεῖσθαι
831 4160 935 4227 αὐτόν.
980 4160 1015 4226 ln
1033 4163 1088 4239 iis,
1107 4183 1188 4246 quae
1208 4166 1357 4230 continuo

167 4277 354 4356 sequuntur.
378 4283 436 4336 aut
458 4270 493 4334 τό
516 4269 732 4336 inducendum
756 4277 804 4336 est
828 4275 884 4334 aut
908 4269 1013 4352 ἐόντα,
1038 4274 1075 4334 ut
1098 4269 1270 4336 scribatur:
1290 4280 1357 4337 Κα·

166 4380 256 4459 arob
280 4377 310 4442 ii
334 4375 440 4442 ἰδοῦσα
465 4376 500 4440 τό
525 4376 669 4448 δύστηνον
692 4376 836 4452 αὐτοῦ,
856 4395 969 4460 neque.
990 4376 1059 4440 aire
1071 4395 1181 4442 versus
1192 4374 1359 4444 Homerici

167 4486 219 4552 bic
255 4483 353 4552 adlati
390 4483 582 4572 recipiantur
616 4483 683 4548 sive
719 4482 919 4560 damnentur,
952 4481 1106 4549 servanda
1134 4483 1237 4548 forma
1264 4484 1359 4550 nihili

1182 4587 1213 4640 19
