3242 5140
688 363 753 428 415

115 553 197 622 έστιν
225 548 255 621 ἓν
286 555 375 635 μέρος
407 551 502 630 λίνου
531 555 583 618 καὶ
609 557 813 634 περισπάται.
861 553 968 620 Immo
976 599 985 629 ,
1009 553 1109 620 eiecto
1132 558 1207 632 τοῦ,
1233 557 1307 620 scri·

116 666 226 730 batur:
251 664 303 728 καί
329 665 679 742 προπερνσπάται.

159 900 187 959 ι,
212 873 287 939 399.
336 873 473 962 Cyclops
496 881 679 942 occaecatus
702 877 822 941 vicinos
847 875 913 941 alta
935 896 1012 943 voce
1035 881 1156 942 evocat.

249 982 350 1062 αὑτάρ
374 983 388 1046 ὁ
412 982 586 1055 Κύκλωπας
611 983 731 1061 μεγάλ’
757 983 871 1060 ίρπυεν,
896 979 927 1047 οἵ
945 984 983 1063 ῥά
1006 1007 1060 1058 μιν
1085 985 1192 1065 ἀμφίς

249 1087 338 1170 ᾤκεον
362 1089 392 1152 ἔν
416 1090 548 1163 σπήεσσι
573 1089 610 1154 δι’
635 1087 743 1170 ἀκριας
769 1089 968 1167 ἠνεμοέσσας.
1292 1169 1294 1173 y

114 1195 176 1260 Hie
199 1216 322 1281 quoque
346 1194 516 1262 difficultas
539 1199 699 1283 quaesita:
721 1197 821 1261 καίτοι
840 1199 873 1261 οὑ
893 1195 959 1276 περί
981 1196 1074 1261 αὑτὸν
1095 1194 1205 1279 ᾤκουν,
1228 1199 1303 1264 ἀλλ’

113 1300 283 1367 ἀπάνευθεν
309 1302 415 1368 τούτου
440 1303 492 1368 καί
517 1303 647 1384 ἐφοίτων
670 1300 800 1367 ἀλλοθεν
824 1299 933 1378 ἀλλος.
960 1304 1025 1369 λθει
1049 1305 1080 1369 δέ
1101 1307 1156 1378 την
1176 1306 1306 1389 ἀπορίαν

112 1409 148 1476 τὸ
171 1407 260 1487 μέγα
284 1407 363 1486 βοάν
387 1411 483 1474 αὑτὸν
504 1411 555 1474 καί
578 1413 609 1475 ἐν
629 1411 740 1495 ἐρημία
762 1405 910 1476 εἶναικαὶ
931 1410 982 1475 ara
994 1414 1083 1475 τοῦτο
1096 1410 1306 1488 ἐξακούεσθαι.

113 1517 168 1581 οὑκ
187 1517 323 1588 είσηλθον
345 1517 375 1581 δέ
394 1517 423 1582 ἐν
445 1517 486 1598 τῷ
511 1517 671 1600 σπηλαίῳ·
693 1519 727 1583 τὺ
748 1518 811 1598 γάρ
832 1515 1175 1597 είσελθεῖνίλεθρσντῶν
1196 1519 1309 1586 ὄντων

114 1625 261 1702 ε’ποίει,
284 1625 335 1689 καί
358 1626 459 1707 ἀνῄρει
480 1627 533 1698 την
554 1623 745 1689 ὑπόθεσιν
766 1635 821 1699 τῆς
840 1623 942 1699 πάσης
965 1623 1199 1696 ὑποθέσεως.
1223 1627 1310 1716 (BQ)

112 1731 266 1797 Mendosa
301 1754 367 1798 csse
402 1732 521 1797 ultima
554 1752 615 1796 non
648 1737 695 1796 est
726 1731 810 1816 quod
840 1732 1082 1798 demonstretur.
1135 1733 1310 1800 Adnotavit

112 1837 295 1904 Dindorfin‘s
315 1839 355 1903 ad
374 1837 554 1908 ὑπσθέσεωςε
578 1838 656 1916 „hoc
679 1859 735 1923 pro
757 1837 821 1904 alio
843 1838 998 1905 vocabulo
1013 1839 1157 1920 illatum,
1181 1841 1310 1906 librario

113 1942 153 2028 ad
188 1940 389 2028 praecedens
409 1945 547 2009 ὑπόθεσιν
580 1945 772 2010 aberrante.''
820 1944 909 2026 Quod
943 1948 970 2010 si
999 1967 1111 2011 verum
1142 1954 1241 2023 esset,
1277 1950 1310 2012 in

112 2058 264 2137 promptu
295 2055 376 2118 toret
406 2055 507 2134 ἀνῄρει
542 2054 596 2127 την
621 2052 759 2117 ὑπόθεσιν
785 2059 840 2126 τῆς
867 2051 968 2127 πάσης
995 2055 1176 2128 ἐπιθέσεως
1201 2057 1311 2120 rescri-
1402 2093 1405 2108 ·

113 2159 198 2242 bere,
219 2157 303 2254 quod
322 2168 405 2226 recte
424 2181 519 2246 supra
537 2159 577 2224 ad
593 2181 639 2226 vs.
654 2157 719 2224 348
732 2161 876 2224 restituit
888 2158 1058 2226 Prellerns.
1094 2161 1155 2227 Sed
1167 2160 1310 2226 multum

113 2264 227 2330 dubito
250 2287 291 2330 en
312 2267 357 2331 sio
381 2273 412 2332 et
438 2288 548 2333 veram
569 2269 642 2332 vitii
662 2267 770 2332 sedem
793 2271 958 2332 teneamus
979 2271 1011 2332 et
1030 2270 1168 2334 auctoris
1187 2271 1311 2332 senten·

9 2367 10 2370 ’
115 2375 195 2436 tiam
219 2371 459 2440 reddiderimus.
506 2373 634 2440 Etenim
659 2372 751 2438 dolus
776 2371 832 2438 ille
855 2376 1004 2439 omnibus
1026 2377 1229 2456 notissimus,
1250 2395 1312 2459 quo

115 2477 225 2544 Ulixes
257 2500 353 2565 seque
381 2483 577 2565 comitesque
602 2501 674 2545 suos
699 2501 738 2545 ax
763 2477 914 2566 Cyclopis
937 2489 1028 2546 antro
1053 2481 1157 2547 salros
1181 2481 1309 2565 eduxit,

118 2624 158 2634 —
190 2606 284 2670 quem
316 2595 422 2653 tamen
455 2587 561 2652 solum
592 2593 702 2652 auctor
731 2594 837 2652 noster
861 2573 1010 2674 respicit,
1036 2626 1079 2636 -
1102 2609 1164 2653 non
1187 2593 1311 2674 poterat

112 2695 204 2780 peius
225 2714 319 2778 quam
336 2716 392 2780 per
412 2693 605 2760 vocabulum
618 2695 750 2766 ἐπίθεσις
765 2693 924 2781 designari
931 2716 940 2772 ;
954 2699 988 2758 at
1000 2716 1075 2760 vera
1087 2694 1144 2760 illa
1157 2695 1287 2767 ἐπίθεσις
1300 2744 1308 2774 ,

112 2821 188 2865 cum
210 2802 276 2890 ism
300 2809 373 2866 ante
397 2799 576 2888 Cyclopum
598 2801 771 2866 adventum
794 2807 875 2890 esset
894 2807 1039 2885 peraeta,
1061 2803 1111 2866 his
1130 2804 1309 2888 irrumpen-

113 2907 200 2972 tibus
232 2907 360 2973 om'nino
391 2908 538 2972 frustrari
568 2907 731 2992 nequibat.
781 2906 977 2994 Quapropter
1010 2911 1084 2972 vitii
1118 2910 1224 2975 sedem
1249 2932 1309 2976 non

115 3035 190 3078 cum
208 3013 372 3080 Dindorlio
392 3018 426 3078 in
448 3013 627 3092 ὑποθέσεως,
649 3014 705 3079 sed
726 3015 760 3078 in
782 3015 986 3099 praecedente
1005 3037 1080 3082 voce
1094 3017 1312 3084 indiscussae

115 3120 347 3206 quaerendam,
379 3143 462 3186 nnnc
496 3121 580 3207 apud
614 3142 667 3186 me
690 3127 825 3187 constat.
872 3121 980 3188 Etiam
1006 3126 1052 3189 sic
1075 3131 1221 3209 apertum
1245 3131 1310 3203 est,

113 3229 281 3295 librarium
305 3233 378 3296 ,iarn
410 3251 541 3314 sequens
574 3227 739 3302 ὑποθέσεως
779 3235 884 3294 mente
905 3229 1122 3316 complexum
1156 3252 1213 3318 pro
1248 3231 1311 3298 alio

113 3336 268 3403 vocabulo
292 3358 367 3403 sono
385 3357 448 3402 non
469 3336 644 3402 admodum
664 3335 813 3402 dissimili
835 3334 919 3402 illud
939 3339 1078 3402 ὑπθθεσιν
1098 3359 1153 3424 per
1173 3359 1310 3406 errorem

114 3447 303 3511 exaravisse.
351 3443 423 3510 Nisi
447 3465 500 3508 me
524 3445 632 3508 omnia
655 3441 790 3526 fallunt,
815 3445 848 3507 in
873 3444 1047 3529 exemplari
1073 3467 1130 3512 suo
1154 3448 1311 3520 erotesis

115 3549 298 3616 διάθεσιν
330 3561 398 3626 τῆς
420 3551 523 3624 πάσης
557 3549 733 3622 ὑποθέσεως.
783 3549 1026 3636 Perfrequentes
1053 3553 1115 3619 loci
1140 3562 1232 3638 sunt,
1257 3555 1313 3620 ubi

114 3657 303 3723 scholiastae
328 3659 387 3725 hcc
412 3658 464 3724 vel
487 3657 570 3723 illud
593 3677 612 3722 a
637 3661 730 3743 poeta
753 3655 806 3722 rel
830 3663 993 3723 nemetum
1017 3681 1084 3725 essa
1108 3667 1239 3726 monent
1260 3659 1313 3726 vel

115 3765 290 3842 omissum,
303 3766 488 3832 ne’fabnlse
511 3766 693 3831 oeconomia
705 3764 898 3830 turbaretur.
923 3763 1032 3834 Unum
1045 3788 1084 3832 ex
1096 3767 1314 3852 compluribus

114 3870 299 3956 exemplum
325 3872 464 3960 eligam,
489 3871 574 3957 qnod
597 3870 702 3936 solum
728 3873 795 3936 iam
817 3891 913 3956 quam
933 3875 1082 3956 proposui
1101 3876 1313 3940 mutationem

86 3977 300 4064 *planissime
328 3980 530 4064 comprobat,
565 3977 604 4042 ed
632 4001 658 4040 οι
684 3975 768 4042 328:
802 3978 957 4044 κωλύεται
980 3981 1024 4042 ra
1047 3980 1113 4058 περὶ
1139 3978 1313 4054 Ὀδυσσέως

115 4083 221 4176 λέγειν
240 4085 253 4148 θ
275 4085 365 4167 atas,
390 4085 457 4150 ἐπεί
477 4085 569 4166 τάχα
589 4084 725 4154 ἀκούσας
746 4083 760 4148 θ
780 4085 976 4164 Τηλέμαχος
998 4088 1052 4150 οὑκ
1064 4087 1102 4152 ἀν
1114 4086 1314 4165 ἀπεδήμησε,

115 4189 171 4255 καί
194 4193 219 4255 oi
239 4200 406 4272 μνηστῆρες
427 4189 667 4264 ἀπηλλάττοντο
687 4171 741 4265 τῆς
764 4190 963 4272 Πηνελόπης,
985 4189 1088 4258 οὑτω
1109 4193 1180 4267 tta
1205 4198 1315 4258 πάσα

115 4299 330 4376 οἰκονομία
365 4307 433 4372 τῆς
470 4297 697 4368 ὑποθέσεως
736 4296 939 4362 διελύετο.
988 4298 1041 4364 Sic
1076 4301 1179 4386 igitur
1208 4305 1315 4366 nostro

115 4425 243 4491 quoque
265 4405 333 4470 loco
357 4407 473 4471 dixisse
494 4425 692 4471 succenseo:
718 4406 752 4470 τὸ
775 4406 837 4482 rap
859 4406 1005 4470 είσελθεῒν
1024 4405 1140 4485 ὄλεθρον
1160 4404 1238 4489 (ἀν)
1256 4409 1313 4470 τῶν

116 4513 321 4600 (ἕν)θντων
342 4513 453 4592 ἐποίει,
474 4518 526 4576 καὶ
545 4513 647 4595 ἀνῄρει
665 4513 720 4586 την
745 4511 934 4576 διάθεσιν
952 4521 1007 4588 τῆς
1022 4512 1123 4590 πάσης
1138 4513 1314 4588 ὑποθέσεως.
