3278 5148
736 307 801 376 353

165 527 221 568 νειν
251 503 320 575 τοὺς
356 505 494 582 ἀρίστους
528 507 584 566 τῶν
616 498 705 576 ξένων
735 500 787 565 καί
815 503 853 567 δι’
878 501 987 581 sipario
1013 504 1185 589 (αὐτοῖς)
1208 501 1354 570 ἐκδιδόναι

163 611 222 684 τὰς
257 611 449 690 ίυγατέρας,
480 612 518 680 ὡς
543 608 595 673 καί
620 609 669 673 ἐπί
695 609 955 690 Βελλεροφόντου,
979 608 1119 694 Τυδέως,
1145 612 1353 683 Πολυνείκους.

163 720 195 790 od
220 718 283 796 yolo
310 718 352 791 είς
377 718 428 781 τὸν
453 721 584 781 πλοῦτοι
610 716 753 796 σὶφειίρων
776 716 801 779 οἱ
826 717 957 780 παλαιοί
979 719 1039 795 (ita
1061 718 1262 784 scribendum
1284 719 1352 783 dixi

164 827 197 889 in
231 823 407 890 Observato
442 846 471 910 p.
507 821 579 907 95),
613 823 687 887 αλλ’
718 823 759 894 είς
782 825 837 896 τὴν
860 825 968 902 viperio
992 825 1047 896 ria
1071 824 1133 888 οίοτὸ
1157 831 1212 897 τῆς
1235 824 1349 906 ὄψεως·

165 930 322 1008 ,βασιλῆϊ
343 931 405 1009 γὰρ
431 929 511 1008 οίνδρί
537 927 656 999 έοιιοας”
682 930 715 1012 (ω
742 927 844 1014 253).
866 930 917 1014 δρᾷ
939 930 969 995 δέ
991 930 1024 1002 δὴ
1046 931 1098 996 καί
1120 932 1152 996 εἰι
1172 939 1227 1005 τῆς
1251 931 1348 1010 ὅψεως

163 1039 245 1124 [riv
271 1037 489 1124 Ὀδυσσέα]
517 1036 569 1102 καί
595 1037 630 1100 ἐκ
653 1041 710 1100 τῶν
739 1034 839 1111 λέγων
862 1037 1064 1117 τεκμαίρεται
1088 1037 1123 1102 τὸ
1147 1037 1272 1116 οίξίωμα
1295 1043 1348 1104 τοῦ

161 1145 275 1223 ανδρίς.
312 1143 361 1210 lta
384 1145 471 1230 prior
493 1143 556 1209 loei
579 1163 665 1228 pars,
686 1148 781 1226 prout
801 1163 840 1207 ex
859 1141 1099 1232 Hambnrgensi
1119 1145 1253 1230 prodiit,
1266 1167 1350 1210 nune

161 1253 243 1317 mihi
278 1250 460 1340 refingenda
491 1249 635 1327 videtur,
669 1249 792 1314 duabus
824 1249 947 1316 voculis
977 1255 1171 1318 extrinsecus
1202 1253 1348 1330 adscitis,

161 1360 285 1425 duabus
298 1360 414 1426 eiectis.
441 1356 649 1444 Singulorum
662 1359 878 1422 mutationum
891 1379 975 1422 nune
988 1378 1097 1424 oausas
1109 1359 1247 1426 reddam.
1263 1360 1351 1426 Duas

160 1465 357 1552 Porphyrius
388 1465 451 1532 loci
480 1465 672 1530 controversi
696 1461 868 1528 solutiones
891 1465 1052 1550 proponit,
1079 1468 1279 1532 verissimam
1304 1468 1348 1533 al-

161 1579 260 1638 teram
294 1569 341 1658 (ἦν
373 1573 428 1650 μὲν
461 1570 596 1636 παλαιὸν
625 1568 686 1642 ἔθος
717 1572 815 1654 κτλ),
847 1570 981 1637 alteram
1004 1591 1120 1638 vanam
1144 1593 1179 1638 ao
1202 1573 1347 1657 sutilem,

160 1680 198 1744 de
223 1699 285 1765 qna
308 1679 454 1763 deinoeps
478 1697 584 1764 agam.
623 1680 688 1742 Hae
712 1676 884 1742 solutiones
906 1680 939 1742 in
959 1677 1033 1762 Po,
1054 1681 1087 1743 in
1108 1679 1223 1764 quibus
1243 1684 1349 1746 versui

160 1785 225 1851 ³13
258 1785 432 1870 adscriptae
455 1789 546 1866 sunt,
570 1783 675 1849 loonm
700 1786 746 1848 ita
774 1789 960 1860 mutarunt,
987 1791 1127 1870 atquae
1152 1788 1185 1850 in
1209 1785 1235 1851 Τ
1259 1809 1349 1873 prae·

159 1894 249 1959 aedat
272 1894 306 1956 in
329 1893 369 1957 iis
392 1892 529 1958 seeundo
549 1891 618 1956 loeo
636 1895 773 1975 ponatur
792 1891 898 1956 verbis
918 1889 1013 1976 paulo
1033 1891 1126 1958 aliter
1145 1893 1349 1961 conformatis

159 2001 378 2084 connexisqne.
425 1997 462 2062 ln
488 2003 594 2063 nostro
624 2003 730 2062 autem
756 1997 962 2062 oodioeoiaa’
987 1997 1093 2063 abesse
1117 2019 1178 2064 non
1202 2003 1347 2086 possein

159 2105 327 2172 solvendae
359 2105 550 2190 quaestionis
575 2103 669 2168 initio
695 2104 769 2187 poni
793 2102 945 2178 solitum,
971 2106 1133 2170 neminem
1155 2113 1349 2194 negaturum
1390 2129 1395 2140 ·

163 2214 283 2295 opinor.
330 2211 506 2296 Interposui
538 2215 570 2276 et
601 2211 706 2282 αὐτοῖς
737 2214 807 2293 post
838 2207 875 2271 δι’
906 2207 1014 2286 aperto
1047 2217 1079 2304 et
1103 2215 1292 2278 sententiam
1317 2219 1349 2278 et

159 2317 305 2382 eodioum
336 2316 392 2397 Po
422 2317 643 2382 auctoritatem
667 2321 804 2380 seontns.
851 2313 903 2390 Aa
928 2315 1084 2380 athetasin
1107 2318 1192 2400 quod
1214 2319 1348 2401 attinet,

158 2426 292 2490 servatis
323 2424 428 2489 verbis
458 2425 512 2508 τὸν
542 2422 697 2486 Ὀδυσσέα
730 2423 886 2487 sententia
910 2442 948 2486 ex
972 2425 1172 2506 apertissima
1195 2424 1349 2509 impedita

158 2531 272 2596 evadet
302 2537 333 2595 et
365 2532 482 2615 inepta.
530 2525 789 2603 Consideremus,
821 2547 954 2611 quaeso,
987 2529 1063 2594 hoo:
1092 2527 1144 2612 6ρᾷ
1171 2529 1347 2616 (Alcinous)

158 2638 192 2700 εἰσ
216 2644 270 2708 τῆς
294 2635 390 2715 ὅψεως
416 2638 481 2701 τὸν
507 2633 717 2700 Ὀδυσσέα.
764 2633 855 2700 Unde
878 2635 980 2721 igitur
1003 2634 1096 2702 aliter
1121 2636 1182 2700 nisi
1206 2658 1245 2701 ex
1268 2637 1348 2704 faeie

158 2741 353 2829 adspiceret?
389 2741 449 2808 Sed
487 2763 542 2808 neo
579 2761 690 2806 verum
723 2746 786 2818 est,
819 2759 893 2805 nam
927 2741 1067 2806 hominis
1097 2763 1212 2808 nomen
1243 2743 1346 2810 adhue

157 2853 292 2938 ignorat.
330 2849 446 2914 [lenius
470 2849 602 2914 fortasse
623 2849 736 2914 fuisset
758 2852 829 2910 τοῦ
854 2846 1075 2918 Ὀδυσσέως
1097 2852 1267 2936 corrigere,
1292 2851 1347 2915 sed

158 2957 242 3022 melo
263 2977 378 3022 nomen
401 2958 565 3041 proprium
589 2953 815 3039 interpolatum
842 2954 957 3019 habere
981 2954 1020 3020 ab
1043 2975 1080 3020 eo
1102 2955 1267 3033 additum,
1291 2960 1345 3042 qni

158 3064 290 3129 verbnm
315 3063 368 3145 δρρϊ
393 3063 516 3128 obiecto
540 3061 661 3128 scilicet
685 3060 876 3126 destitutum
901 3059 1010 3126 nollet.
1058 3059 1145 3142 Quae
1165 3063 1344 3152 diligentia.

158 3179 194 3234 ut
230 3169 284 3246 fit,
319 3171 482 3236 hominem
519 3167 650 3252 felallit3
686 3168 803 3233 etenim
834 3166 868 3230 τί
900 3165 1027 3245 ἀξίωμα
1056 3175 1110 3234 τοῦ
1143 3171 1245 3249 ιίνδρίς
1278 3179 1345 3236 tam

158 3277 245 3341 verbi
279 3277 331 3360 δρᾷ
365 3297 459 3362 quam
485 3275 574 3340 verbi
598 3271 799 3352 τεκμαίρεται
824 3275 984 3340 obiectum
1009 3279 1065 3340 est.
1114 3277 1270 3364 Perspieit
1292 3277 1347 3342 Al·

156 3383 265 3448 qinons
288 3405 327 3449 er
351 3383 444 3448 vnltn
470 3382 657 3469 colligitque
681 3401 718 3446 ex
743 3382 942 3446 sermonibus
961 3383 1101 3448 hominis
1122 3385 1321 3471 dignitatern.

202 3489 290 3556 Haeo
321 3490 359 3555 de
391 3490 493 3576 priore
525 3495 613 3574 parte
643 3486 811 3554 sufficiant.
859 3487 969 3573 Neque
993 3489 1091 3556 altera
1114 3491 1146 3554 in
1171 3488 1197 3553 'P
1220 3493 1346 3577 integra

156 3595 196 3660 ad
219 3617 275 3660 nos
298 3595 453 3680 pervenit.
479 3595 548 3668 ίσως
572 3593 603 3658 δὲ
617 3631 659 3643 -
677 3594 783 3682 pergit
807 3599 1020 3660 enarrator-
1040 3595 1091 3658 καί
1117 3603 1224 3675 πεῖραν
1248 3597 1343 3661 αὐτοῦ

41 3763 45 3772 ,
155 3701 331 3780 λαμβάνων
370 3700 547 3784 (Αίυίυοιιυ)
576 3705 666 3764 τοῦτο
700 3699 830 3779 είριριιεν,
863 3701 901 3772 ὦς
923 3702 948 3766 εί
972 3703 1029 3776 μὲν
1053 3701 1131 3766 ίέλοι
1157 3703 1344 3780 παραμένειν

154 3807 229 3887 παρ’
264 3809 367 3878 αὐτοῖς
394 3843 413 3856 -
428 3842 447 3857 -
471 3805 634 3885 ἐλέγχοιτο
670 3806 708 3871 ίον
735 3805 1021 3887 οίλαζονευσοίροενος
1056 3810 1122 3888 περί
1155 3817 1210 3883 τῆς
1236 3818 1341 3874 Καλυ-

154 3919 248 3992 ψοῦς·
285 3949 339 3964 --
372 3914 396 3978 εί
426 3915 457 3976 δὲ
490 3913 583 3988 μηδέν
615 3913 757 3994 προσέχων
792 3915 833 3995 τῷ
857 3913 953 3993 rainu
978 3919 1063 3998 (oum
1084 3915 1269 4000 Nausicaa),
1294 3941 1344 3980 τε·

154 4025 277 4100 κροιίριον
310 4017 386 4085 εἶναι
417 4028 471 4094 τῆς
505 4019 669 4090 ἐπιεικείας
699 4023 793 4085 αὐτοῦ
818 4024 870 4085 καί
896 4031 949 4095 τῆς
975 4021 1105 4092 πίστεως
1129 4018 1166 4086 ὧν
1191 4021 1252 4102 ἔφη
1277 4023 1344 4102 περί

154 4135 209 4200 τῆς
243 4133 429 4208 Καλυψοῦς,
462 4125 539 4190 ὥστε
564 4127 702 4211 (addidit
725 4125 898 4208 Prellerus)
925 4127 1219 4207 προθυμότερον
1243 4152 1344 4208 τερο-

154 4233 349 4312 ριενέσίαι
383 4238 451 4308 τὴν
483 4235 742 4311 παρασκευὴν
774 4231 846 4312 πρὸς
878 4233 929 4298 τὸν
953 4233 1071 4318 νόστον,
1095 4237 1134 4306 ὡς
1158 4235 1261 4314 σίνδρδς
1285 4237 1344 4319 (sio

155 4347 238 4406 recte
270 4339 446 4423 Prellerus,
477 4341 547 4434 eod..
570 4337 731 4426 οίνδρείονί)
757 4348 849 4418 τιμῆς
874 4341 925 4404 καί
951 4349 1068 4415 πολλοῖς
1093 4339 1221 4422 χιίριτος
1246 4341 1340 4420 οδξίου.

155 4445 226 4514 Duo
253 4448 332 4512 vitia
356 4450 455 4534 perite
478 4447 609 4514 sustulit
633 4446 806 4528 Pseneros,
832 4446 1060 4533 gravissimum
1089 4449 1122 4512 in
1146 4448 1233 4514 exitu
1256 4452 1344 4516 ineu·

1167 4570 1199 4618 23
