3242 5140
711 321 777 392 447

148 507 233 575 enim
262 545 300 554 —
325 510 431 593 iuquit
456 547 496 558 -·
522 510 605 596 qnod
629 512 668 578 de
691 511 778 578 omni
798 512 991 598 sagittarum
1012 513 1047 578 iu
1066 513 1214 598 pharetra
1231 515 1339 582 sonito

149 612 252 698 valet,
277 615 332 700 (τοὶ
357 617 439 680 κοινοὶ
465 619 523 682 τῶν
547 618 697 696 Φθθγχιον
722 617 964 704 παραστήσας),
988 640 1072 684 nunc
1097 619 1137 686 ad
1159 619 1193 684 id
1214 622 1339 698 transit,

148 720 231 804 qnod
264 723 297 786 in
328 727 526 806 praesentem
551 731 676 792 tantum
702 726 916 791 narrationem
942 728 1107 808 convenit,
1134 725 1183 790 έπὶ
1209 705 1252 788 τί
1268 725 1341 790 ίδιον

148 828 233 898 εὐθὺς
267 834 319 896 τοῦ
351 828 447 906 λόγου
477 829 617 910 μετέβης
654 853 767 918 nempe
799 832 897 897 deum
922 867 962 880 ·-
989 831 1022 896 id
1046 840 1095 898 est
1119 853 1158 898 ex
1181 831 1340 898 Heracliti

148 935 304 1002 sententia
332 935 430 1002 solem
455 973 496 984 -
522 937 641 1004 iratum
666 939 838 1022 perniciem
867 939 1016 1004 omnibus
1034 941 1199 1005 intentare
1235 937 1340 1026 Signi·

149 1037 261 1106 ficatnr
283 1043 342 1108 hoc
365 1046 488 1127 poetico
511 1063 599 1110 more
623 1065 678 1129 per
697 1045 774 1112 illa:
793 1045 807 1108 t
828 1044 856 1108 δ’
878 1043 922 1116 ἤιε
945 1045 1028 1108 νυκτί
1050 1046 1160 1122 ἐοικώς.
1192 1044 1340 1132 intellegi

148 1155 271 1228 pestem
294 1155 440 1232 apertum
463 1157 529 1232 est7
553 1151 608 1216 sed
631 1172 706 1216 oum
730 1154 764 1216 in
783 1152 988 1236 sequentibus
1006 1157 1116 1218 auctor
1133 1151 1193 1216 hoc
1215 1151 1341 1218 disertis

149 1253 254 1320 verbis
284 1265 531 1340 commemoret,
562 1256 665 1342 (θποία
690 1257 788 1324 είοοθεν
812 1259 842 1321 ἐν
866 1267 929 1328 τοῖς
954 1267 1101 1336 λοιμικοῖς
1126 1259 1254 1324 σοίθεσιν
1278 1259 1341 1322 έπι·

149 1360 287 1437 προσθεῖν
316 1362 358 1439 τῷ
388 1361 425 1428 δι’
458 1363 572 1440 ἡμέρας
606 1363 759 1450 φέγγει),
791 1383 848 1429 cur
880 1369 989 1430 contro
1021 1371 1122 1429 artem
1147 1365 1196 1430 bis
1220 1363 1340 1450 signifi·

150 1464 257 1536 ceroti

197 1675 232 1742 O.
257 1677 321 1742 XV
348 1680 390 1764 (p.
416 1677 488 1764 31):
521 1682 625 1758 Λυτηρ
655 1679 681 1744 δ’
714 1680 887 1760 Ἀχιλλεὺς
921 1688 975 1754 τῆς
1009 1682 1111 1745 νίσου·
1145 1680 1255 1760 Χείρων
1279 1680 1342 1759 γὰρ

150 1785 244 1849 αὐτὸν
273 1784 414 1862 ἐδίδαξε,
449 1823 490 1834 --
522 1783 552 1854 ὃς
584 1786 670 1867 ποίση
694 1787 751 1862 μὲν
776 1787 925 1852 ἐκέκαστο
948 1788 1067 1870 σοφία,
1094 1787 1233 1865 περιττὸς
1258 1788 1284 1853 δ’
1308 1782 1342 1860 ἦν

150 1890 205 1961 την
235 1891 381 1966 ίατριιινίν.
408 1929 448 1940 --
474 1893 635 1970 προσέθηκε
661 1893 687 1955 δ’
710 1895 860 1972 Ἀχιλλεῖ
882 1892 1097 1971 θεραπεύοντι,
1123 1899 1259 1974 Φυσικῶς
1285 1895 1342 1959 ola·

149 2001 348 2074 ληχορησας,
382 1999 452 2062 θεοῖν
474 1996 581 2074 Ἦραν.
630 1999 796 2087 Legerim:
823 2000 986 2078 προσέθηκε
1010 2000 1038 2063 δ’
1062 2003 1213 2081 Ἀχιλλεῖ
1237 2003 1343 2078 θερα·

150 2102 354 2168 πεθουοοιν
390 2141 433 2152 -
470 2107 541 2170 θεοῖν
570 2104 680 2184 Ἥραν,
714 2105 797 2190 quod
829 2105 1035 2192 sequentibus
1066 2106 1343 2172 commendabitur

149 2210 253 2276 hisce:
288 2210 339 2274 δύο
370 2211 433 2289 γὰρ
466 2210 555 2275 ὄντων
582 2249 623 2262 --
649 2219 706 2276 τῶν
731 2219 946 2288 πνευματικῶν
970 2216 1141 2293 στοιχείων,
1167 2212 1282 2290 αίθέρος
1306 2235 1342 2276 τε

150 2316 203 2380 καί
239 2305 353 2396 οὶέρυς.
378 2318 429 2382 τὸν
461 2321 518 2396 μὲν
550 2320 613 2384 Δία
647 2320 702 2392 την
734 2318 851 2397 τυρώδη
890 2319 999 2400 Φαμὲν
1022 2319 1137 2384 οὐσίαν.
1164 2323 1181 2393 ἦ
1206 2319 1236 2382 δὲ
1259 2316 1343 2397 Ἦρα

149 2423 223 2498 μετ’
249 2424 343 2488 αὐτὸν
367 2427 449 2490 ἐστιν
472 2425 547 2504 θήρ,
572 2424 791 2503 μαλακώτερον
815 2433 980 2505 στοιχεῖον,
1003 2425 1054 2490 διὰ
1073 2430 1164 2490 τοῦτο
1185 2425 1235 2490 καί
1255 2427 1341 2500 θῆλυ.

149 2530 280 2598 Iunonis
309 2533 412 2618 igitur
443 2532 599 2598 auxilinm
633 2535 679 2598 sic
708 2532 982 2617 interpretandum
1006 2531 1177 2620 allegorica
1201 2534 1342 2609 ratione,

148 2639 194 2704 ὅτι
228 2642 282 2704 τοῦ
315 2638 418 2704 ποίλαι
450 2642 567 2718 θολεροῦ
598 2639 795 2717 διαχυθέντος
827 2637 911 2718 θέρος
948 2639 1106 2716 αίΦνιδίας
1143 2639 1267 2720 διεκρίθη
1306 2638 1341 2704 πθ

146 2745 325 2824 σύμβαμα.
372 2744 484 2830 Itaque
507 2745 647 2812 medenti
671 2745 792 2812 Achilli
814 2743 895 2826 Ἥρα
918 2745 1127 2827 θεραπεύουσα
1151 2743 1327 2825 προσετέθη.

194 2958 231 3028 Ο.
257 2958 342 3026 XIX
366 2961 412 3044 (p.
441 2955 516 3042 39):
541 2957 656 3022 Λοιπὸν
679 2953 728 3022 οὖν
752 2960 982 3023 καταλείπεται
1007 2959 1130 3038 ζητεῖν,
1160 2957 1190 3019 έν
1215 2949 1235 3036 ᾧ
1261 2953 1345 3036 σίτῳ

147 3071 183 3133 τὸ
215 3066 341 3144 λογικὸν
371 3065 493 3147 ἵδρυται
524 3065 622 3145 μέρος.
652 3063 717 3130 ἔστι
743 3066 840 3130 τοίνυν
866 3068 883 3140 ἡ
908 3067 1034 3145 κεφαλὴ
1060 3065 1129 3128 καθ’
1150 3063 1288 3144 Ὅμηρον
1314 3063 1344 3126 έν

148 3282 210 3364 ζειν
241 3281 295 3346 τδν
325 3279 495 3361 ἄνθρωπον,
528 3277 688 3360 ἐξαιρέτως
719 3278 780 3358 ἀφ’
816 3279 877 3350 ua
910 3284 965 3342 τοῦ
989 3279 1155 3360 κρατίστου
1179 3277 1222 3342 rol
1247 3278 1343 3342 λοιπθι

148 3390 259 3464 δηλῶν.
306 3387 342 3452 ln
366 3389 479 3472 primis
503 3387 599 3450 huius
622 3388 796 3450 sententiae
819 3386 925 3452 vorbis
947 3391 1023 3468 „aut
1042 3385 1146 3448 λοιπέν
1165 3389 1222 3450 aut
1242 3407 1343 3448 κατα-

148 3497 296 3562 λείπεται
327 3493 446 3558 diceres
469 3491 658 3558 abundare.’'
705 3490 756 3556 Ita
777 3491 938 3558 Mehlerus
962 3491 1084 3556 iudicat
1109 3496 1142 3554 et
1164 3489 1343 3574 adsentior,

148 3603 246 3668 modo
278 3621 317 3664 ne
346 3606 509 3686 propterea
540 3597 728 3662 alterutrum
761 3605 964 3684 expungatur
993 3600 1028 3662 in
1058 3596 1224 3684 Sophistaa
1249 3616 1343 3680 opere

148 3711 324 3776 verborum
359 3707 447 3771 inani
483 3705 603 3770 tinnitu
639 3705 820 3792 madentis.
879 3704 917 3769 Iu
955 3704 1081 3768 ultimis
1117 3703 1346 3770 sententiarum

148 3824 242 3882 tenor
266 3814 487 3899 perturbatur,
512 3812 718 3896 quamobrem
742 3810 923 3876 Mehlerus:
951 3812 1043 3888 „fort
1069 3810 1272 3878 inserendum
1297 3813 1346 3876 est

147 3921 244 3992 οὕτως
277 3921 359 3984 inter
389 3916 437 3984 οὖν
470 3923 501 3982 et
532 3915 665 3980 είωθεν.”
713 3915 854 3982 Facilius
885 3917 971 3982 idam
1004 3937 1233 4004 consequemur
1265 3920 1344 3982 scri-

149 4029 272 4096 bendo:
310 4022 423 4110 (ὅθεν)
455 4021 522 4087 θλον
552 4024 652 4087 είοιθεν
683 4023 841 4104 θαυμάζειν
873 4026 923 4089 τὸν
957 4022 1124 4104 ἄνθρωπον,
1150 4027 1250 4090 eiecto
1275 4017 1324 4087 οὖν
1334 4071 1343 4102 ,

149 4155 248 4222 prave
274 4135 430 4198 insertum
454 4137 491 4194 ut
514 4129 687 4194 sententiae
712 4137 888 4196 occurreret
911 4133 1026 4196 ruenti.
1062 4129 1151 4196 Solet
1175 4133 1222 4196 sic
1241 4131 1344 4197 Heru-

149 4241 266 4315 clitus¹
305 4275 349 4288 --
384 4237 561 4302 adscribam
595 4257 695 4321 pauca
728 4235 874 4320 exempla
909 4236 947 4302 de
982 4235 1114 4319 multis,
1147 4273 1187 4286 -
1221 4259 1253 4324 p.
1287 4237 1344 4302 15:

149 4346 252 4430 εὑρέθη
279 4343 391 4425 πρέπον
417 4343 553 4407 ἐπίθετον
576 4345 617 4426 τῷ
642 4343 716 4426 ἡλίῳ
738 4343 788 4406 διὰ
809 4345 867 4416 τὰς
890 4344 1019 4415 ἀκτῖνας
1042 4345 1076 4408 σθ
1095 4342 1249 4425 χρυσοίοιρ.
1270 4339 1344 4421 ὅθεν,

150 4451 257 4533 οίμαι,
280 4452 338 4513 aas
358 4461 395 4534 τῇ
416 4449 575 4536 θεομαχίρι
592 4449 749 4516 Ποσειδῶνι
763 4445 890 4516 ίσταται
904 4449 1161 4529 διαμιλλώμενος.
1186 4450 1271 4540 lltp.
1286 4449 1345 4518 56:
