3242 5140
862 322 927 394 376

300 517 514 605 Etymologus
544 517 597 581 nat
626 517 794 596 δεσμεῦσιιι
819 519 920 605 addit)
945 540 1018 584 cum
1043 519 1163 585 eodem
1177 517 1331 584 lemmata
1355 519 1389 584 in
1412 515 1488 604 ney-

299 623 459 712 mologico
498 623 616 712 Magno
649 623 811 712 leguntur.
866 625 1080 690 Multifariam
1114 627 1217 712 igitur
1252 625 1331 690 haec
1367 629 1489 690 serrute

299 736 435 797 aetatem
467 729 628 802 tulerunt,
661 749 762 814 neque
793 749 829 795 eo
860 735 966 796 minus
996 731 1121 796 mendis
1153 733 1354 819 gravissimis
1379 729 1488 796 obsita

299 836 426 915 Unum,
451 857 525 903 cum
548 839 612 902 iam
636 835 810 902 Larochiue
833 836 954 903 idoneis
978 840 1177 925 argumentis
1201 839 1361 924 arguerit,
1387 838 1489 902 brevi·

299 951 348 1010 ter
382 941 576 1033 significasse
607 943 685 1008 eatis
716 943 834 1019 habeo,
868 945 1116 1031 expungendum
1148 965 1215 1010 esse
1243 943 1382 1026 γράφει,
1407 943 1490 1028 quod

299 1054 456 1117 omittunt
486 1049 588 1114 HMV
620 1070 721 1134 neque
752 1057 913 1136 comparet
944 1051 1027 1136 apud
1060 1050 1301 1138 litymologum.
1336 1052 1379 1116 nt
1407 1057 1490 1115 recte
1599 1121 1600 1126 γ

299 1160 472 1239 omittunt,
503 1176 565 1221 non
598 1158 683 1220 enim
713 1159 803 1221 varia
825 1157 1001 1223 Aristarchi
1024 1157 1119 1222 lectio
1142 1157 1302 1223 indicatur
1325 1156 1379 1222 sed
1403 1178 1423 1222 a
1445 1177 1490 1220 re

298 1263 395 1348 liquis
412 1244 595 1328 'abhorrens
627 1263 856 1347 interpretandi
888 1265 1013 1329 modus.
1060 1263 1160 1329 Erant
1190 1267 1245 1350 qni
1277 1263 1414 1329 ridicule
1437 1263 1490 1327 ad-
1599 1259 1600 1320 Q

297 1371 430 1437 modurn
463 1368 557 1446 δέοιμι
580 1389 599 1434 a
622 1370 719 1434 verbo
742 1369 801 1441 διὶιι
825 1374 1018 1454 repeterent,
1041 1375 1074 1436 et
1096 1391 1153 1455 per
1180 1371 1360 1449 εὑρίσκοιμι,
1385 1392 1488 1433 acrae
1599 1417 1600 1440 ,

297 1476 497 1555 λαμβάνοιμι
520 1481 728 1561 exponerent,
753 1480 843 1542 erant
866 1479 921 1562 qui
937 1514 977 1524 -
991 1483 1028 1540 nt
1047 1485 1150 1542 eet-
1163 1482 1323 1542 verterent
1343 1475 1487 1552 δήσαιμι,
1599 1471 1600 1536 }

296 1585 519 1662 δεσμεύσιιιμι.
558 1583 616 1668 (sic
645 1581 673 1647 Ε
703 1603 845 1667 quoque:
876 1583 1007 1664 ἐπιζητῶ
1040 1584 1083 1655 εἷς
1115 1585 1185 1655 τοὺς
1218 1583 1299 1653 θεούς
1335 1579 1439 1669 (sici),
1470 1581 1486 1656 si

298 1690 490 1768 δεσμιὶσιιιμι
514 1688 595 1752 καθὰ
620 1687 671 1751 τὸν
691 1687 797 1766 Ἄρηι,
819 1689 875 1753 sed
894 1691 1014 1774 mirum
1034 1691 1069 1752 ni
1088 1689 1185 1754 homo
1206 1689 1486 1766 δεσμεὺσιιιμι

297 1799 475 1883 scripserit,
519 1801 557 1859 ut
598 1794 712 1880 reliqui
753 1796 894 1879 omnes),
930 1795 1059 1861 tandem
1096 1796 1295 1878 Aristarcho,
1331 1799 1358 1859 si
1393 1795 1487 1859 modo
1599 1787 1600 1840 ἕ

296 1902 473 1970 Aristarchi
504 1907 552 1966 est
581 1903 644 1966 ieta
674 1903 910 1992 interpretatio,
944 1900 1039 1975 δέοιμι
1071 1900 1177 1967 valere
1200 1903 1307 1966 risum
1332 1907 1380 1966 est
1404 1901 1488 1964 εὐθύ·

298 2032 385 2087 ιιιμι.
434 2008 601 2073 Praetereo
624 2027 697 2071 cum
721 2009 756 2070 in
779 2006 1002 2094 Etymologico
1026 2009 1086 2072 sit:
1112 2043 1131 2057 -
1145 2043 1165 2056 ·
1190 2007 1486 2086 ιιιιιιιιιιιμβιὶιιιμι,
1599 2011 1600 2016 ’

299 2116 363 2181 sict
393 2119 446 2180 τοῦ
473 2107 622 2192 „tisis”
646 2127 716 2176 κτλ.
740 2113 827 2178 istud
850 2113 981 2197 quidem
1004 2134 1115 2178 verum
1138 2133 1200 2178 non
1224 2120 1288 2190 est,
1312 2115 1368 2180 sed
1390 2133 1486 2180 mauu
1599 2139 1600 2144 ¹

298 2225 388 2289 ducit
419 2223 458 2288 ad
491 2240 602 2286 verum
628 2220 706 2285 hoc:
729 2218 806 2284 cirri
830 2222 897 2284 τοῦ
921 2219 1034 2304 (δύω).
1061 2218 1184 2298 „istra”
1210 2236 1279 2284 κτλ.
1304 2241 1380 2286 nem
1404 2219 1486 2306 quod

297 2334 331 2397 in
363 2329 513 2416 Vulgatis
544 2325 664 2402 editur,
699 2328 796 2390 nimis
826 2326 960 2411 abrupte
990 2347 1085 2410 quem
1117 2347 1173 2412 pro
1200 2329 1485 2414 grammaticorum

297 2436 524 2505 consuetudine
560 2433 600 2498 ab
635 2434 830 2517 expositione
865 2435 977 2498 transit
1012 2432 1051 2496 ad
1086 2433 1279 2519 exemplum.
1328 2433 1390 2500 Sed
1421 2436 1484 2498 inm

296 2547 463 2611 veniamus
496 2540 536 2606 ad
559 2560 613 2616 es,
639 2559 720 2624 quoe
743 2537 921 2604 difficiliore
944 2538 1094 2604 videntur
1118 2559 1154 2604 nc
1178 2541 1298 2604 maiore
1320 2539 1485 2605 molimine

295 2651 444 2718 sananda.
467 2646 552 2726 Quid
574 2646 731 2711 faciamus
754 2645 821 2711 hie:
843 2644 895 2709 uoci
921 2643 958 2708 σὺ
983 2645 1093 2720 θρασὺς
1114 2646 1200 2728 o'pqic,
1221 2645 1318 2726 φησὶν
1337 2646 1352 2709 i
1372 2642 1484 2723 tdyoci

294 2758 401 2822 Torsit
433 2753 512 2818 oiim
544 2751 678 2827 scribas,
713 2753 805 2816 torsit
834 2757 866 2816 et
889 2753 1077 2817 recentiores
1100 2753 1297 2836 interpretes.
1345 2751 1484 2831 Quorum

294 2862 464 2929 Bameeiue
499 2878 557 2935 „ex
586 2857 638 2921 his
669 2860 792 2921 omittit
823 2857 920 2922 verba
944 2857 996 2920 ιιιιὶ
1023 2858 1060 2923 σὺ
1085 2857 1194 2936 tracte
1219 2877 1393 2942 eorumque
1417 2857 1484 2922 loco

295 2967 464 3035 substituit
495 2964 546 3027 ιιιιὶ
578 2965 767 3038 δεσμεῦσιιι,
799 2961 1012 3050 Etymologo,
1045 2967 1169 3041 nteit,
1194 2963 1351 3029 aucture.'’
1396 2961 1483 3043 Quod

292 3075 376 3142 nude
393 3073 578 3155 arripuerit,
602 3090 697 3154 supra
716 3065 870 3146 unimus,
895 3091 997 3156 neque
1019 3074 1159 3154 mirum,
1183 3071 1242 3136 hoc
1266 3075 1483 3135 commentum

293 3202 355 3248 non
380 3179 490 3244 tulisse
514 3175 705 3242 Buttmanni
728 3177 904 3242 adsensum.
929 3177 976 3241 At
1000 3177 1215 3244 Buttmanuus
1239 3179 1309 3262 ipse
1327 3177 1483 3263 quomodo

293 3289 371 3354 haec
402 3281 584 3370 expedivit?
616 3283 719 3348 Nixus
749 3285 902 3348 varietate
932 3283 1077 3348 lectionis
1100 3285 1309 3368 Homericae,
1333 3289 1483 3369 quaeest

166 3441 168 3446 ·
292 3398 327 3460 in
368 3394 521 3459 lemmate
563 3389 675 3456 scholii
717 3411 756 3456 ex
797 3389 840 3466 u,
883 3389 966 3475 quod
1008 3411 1104 3474 supra
1146 3391 1242 3476 paulo
1285 3391 1482 3456 emendatius

293 3502 442 3588 apposui,
474 3503 537 3567 ceta
567 3495 605 3560 tv
636 3495 697 3572 ἐγώ
722 3520 772 3572 σε,
804 3497 950 3574 (dipem,
984 3499 1055 3572 μετ’
1088 3497 1267 3562 divinatores
1299 3496 1413 3571 δέοιμις
1439 3498 1483 3560 ite

292 3610 451 3693 disputat:
487 3602 725 3681 „memorabilis
756 3605 909 3678 varietas,
941 3603 1034 3688 cujus
1068 3606 1207 3691 vestigia
1229 3605 1263 3668 in
1287 3602 1483 3687 praecedenti

292 3735 416 3800 quoque
445 3710 565 3777 scholio
589 3709 819 3794 deprehendere
843 3709 953 3774 videor
977 3711 1011 3774 in
1034 3710 1085 3773 his
1109 3711 1161 3772 asi
1187 3710 1224 3774 σὺ
1249 3710 1380 3787 θριισύς,
1405 3729 1483 3795 quae

292 3843 412 3888 novum
445 3821 551 3905 potins
584 3815 742 3882 scholium
776 3815 971 3880 ordiuntur.”
1013 3817 1062 3881 Ne
1094 3822 1216 3882 caetera
1239 3823 1389 3903 tangam,
1415 3819 1484 3902 quis

289 3931 416 4012 Φέριστε
448 3928 673 4012 interpretetur
695 3926 747 3987 κιιὶ
773 3922 810 3986 σὺ
836 3920 967 4001 opscos?
990 3923 1044 3988 Me
1068 3924 1196 4008 quidem
1222 3925 1327 3990 iudice
1352 3924 1416 3990 slis
1438 3927 1483 3988 in-

289 4035 462 4127 gredienda
493 4035 546 4097 vie
575 4036 642 4114 est,
672 4051 735 4114 qua
763 4031 883 4094 insanis
915 4049 1042 4094 sensnm
1067 4033 1283 4096 restituamus.
1331 4029 1482 4098 Inducen-

291 4146 369 4210 dum
394 4147 443 4208 est
466 4140 556 4222 ὁρᾷς,
580 4159 642 4202 non
666 4136 749 4222 quod
775 4135 801 4216 Q
825 4135 908 4200 illud
933 4138 1073 4211 omittit,
1101 4175 1142 4186 -
1167 4137 1254 4202 idem
1278 4141 1390 4203 stetim
1414 4143 1484 4224 post

291 4251 413 4318 omittit
433 4267 559 4333 prorsus
575 4245 785 4308 necessarium
808 4244 945 4320 ιέμιεῑτιιι
967 4244 1015 4320 δέ,
1031 4243 1141 4308 -sed
1166 4259 1203 4308 ut
1225 4265 1281 4329 per
1302 4245 1482 4330 antiquissi-

291 4377 379 4422 mam
405 4351 653 4439 dittographiam
679 4359 785 4414 ortum
812 4369 849 4413 ex
871 4349 1073 4414 antecedente
1095 4350 1245 4434 θμιισ(ιι’ς).
1294 4349 1365 4417 Hoc
1383 4356 1484 4440 igitur

291 4465 449 4552 expuncto
481 4455 671 4546 legendnm,
703 4454 864 4520 lenissime
888 4457 1081 4542 pronominis
1104 4459 1312 4536 correctione,
1339 4459 1391 4524 xci
1416 4464 1481 4525 σιῡ
