3330 5144
870 271 936 340 204

229 493 230 496 ¹
306 455 434 530 fluxisse
469 460 635 542 existimo,
673 464 727 529 sed
763 487 803 532 ex
836 467 937 550 ipsius
971 467 1118 552 ingenio,
1153 467 1235 531 vitia
1274 459 1393 530 codicis
1433 480 1497 550 quo

307 570 457 636 utebatur
494 568 829 636 circumlocutionibus
871 570 985 637 callide
1023 573 1213 659 obtegeutis.
1266 570 1417 637 Habebat
1457 573 1497 638 ob

306 676 428 743 oculos:
458 676 619 754 γενόμενος
651 677 763 754 ίοθσθη
788 685 844 753 τῆς
870 679 1066 757 Ἀρτέμιδος,
1092 678 1175 763 quod
1198 697 1272 742 cum
1297 676 1326 742 oi
1351 679 1420 744 iure
1444 678 1499 743 ab·

308 784 441 849 surdum
465 783 644 868 videretur,
669 784 810 849 addidit:
834 785 887 848 sal
912 784 950 850 ὢν
974 786 1132 864 θηροιιθτης
1157 790 1190 850 et
1211 805 1291 869 quae
1310 791 1498 869 sequuntur.

306 890 456 956 Habebat
479 891 519 956 ob
543 888 667 956 oculos:
691 892 717 955 οί
741 887 790 956 οὖν
814 891 871 956 θεοί
893 927 947 942 --
968 893 1060 957 αὐτὸν
1080 891 1118 956 δι’
1141 889 1296 970 ιὀστρων
1318 890 1499 972 ὑπεζωγροί-

306 1005 413 1077 φησοιν
437 997 531 1062 atras
555 997 585 1062 ἐν
608 998 650 1078 τῷ
675 998 833 1077 οὔριονιῖι.
860 997 1018 1065 Dilatavit
1041 1018 1094 1063 ea:
1119 999 1204 1075 μετὰ
1229 999 1259 1062 δὲ
1285 999 1339 1072 την
1358 996 1499 1076 οὶτοβίω-

307 1128 358 1169 σεν
394 1104 641 1187 οἰστροθεσίρ
674 1112 737 1176 τοῖς
774 1106 947 1185 perstrepet
982 1106 1162 1183 scripserat.
1194 1106 1237 1170 διὸ
1269 1101 1351 1169 ἔστιν
1384 1107 1498 1180 ἐντῶ

308 1212 458 1292 οὐρανῷ
483 1251 525 1262 --
549 1211 634 1288 μετὰ
663 1215 716 1276 τοῦ
743 1213 885 1292 σκορπίον
911 1211 1059 1292 οἶστρον
1083 1211 1241 1290 μέγιστον.
1289 1211 1436 1278 Habebat
1457 1212 1499 1278 ob

307 1317 414 1384 oculos
436 1339 620 1404 perversum
646 1318 773 1403 οίνεθς,
799 1318 837 1384 de
860 1339 923 1405 quo
946 1317 1180 1385 Buttmannus:
1207 1318 1321 1404 „plane
1345 1319 1500 1384 assentior

307 1422 461 1490 Greuzero
492 1445 548 1509 pro
581 1423 688 1497 οίνεθς
716 1424 890 1513 legendum
922 1445 989 1491 essa
1013 1424 1157 1505 ‘Tpredn”
1203 1425 1361 1511 Equidem
1386 1429 1498 1509 putem

307 1535 540 1617 corruptionem
569 1552 630 1597 nou
657 1537 721 1596 tam
745 1539 845 1596 ortam
870 1553 936 1597 esse
959 1553 998 1596 ex
1021 1533 1154 1612 ’Τριεύς,
1179 1553 1274 1617 quam
1298 1553 1337 1596 ox
1361 1536 1499 1619 cognata

256 1659 259 1668 ¹
307 1639 408 1704 forma
444 1636 592 1716 Ὠριεθς,
628 1638 706 1703 dum
740 1637 865 1702 librarii
898 1637 1066 1704 tralaticiis
1099 1639 1257 1705 erroribus
1288 1649 1314 1704 0
1347 1649 1500 1723 ponerent

306 1766 364 1832 pro
380 1753 435 1822 o,
460 1754 473 1808 1
496 1765 553 1831 pro
577 1753 610 1828 P,
634 1751 664 1808 N
688 1765 745 1830 pro
766 1753 790 1808 1.
813 1743 875 1810 Sed
893 1744 954 1810 hoc
971 1765 1034 1810 non
1050 1765 1204 1830 premam.
1230 1744 1314 1825 Quid
1334 1741 1497 1811 Eudociat

308 1849 547 1918 Commemorat
578 1857 748 1937 utrumque
778 1871 911 1928 nomeu,
939 1889 980 1900 -
1007 1852 1064 1915 θσθ
1095 1857 1148 1917 τοῦ
1179 1850 1326 1930 Ὠριέως,
1354 1852 1438 1917 κατὰ
1464 1850 1498 1917 δέ

307 1982 412 2042 τινος,
449 1957 506 2022 tri
539 1962 592 2022 τοῦ
629 1958 759 2037 Οἰνέως,
784 1995 826 2006 -
849 1979 889 2024 ne
923 1960 1082 2044 suspicata
1120 1959 1249 2043 quidem
1288 1959 1426 2025 alterum
1458 1980 1498 2025 cx

308 2063 407 2131 altero
442 2067 562 2131 scribae
593 2085 696 2131 errore
725 2085 794 2130 esse
824 2071 1027 2152 prognatum.
1074 2062 1188 2151 Pergit
1217 2065 1374 2140 bludooia:
1405 2066 1496 2131 τὸδὲ

309 2169 458 2252 Ὠρίωνος
493 2169 582 2251 ξίφος
620 2173 634 2236 ί
670 2171 824 2249 Διομήδης
861 2167 963 2250 εἶχεν,
994 2170 1104 2236 ἔπειτα
1137 2170 1167 2235 δὲ
1195 2169 1373 2254 Ἥφαιστος
1399 2182 1500 2248 Πηλεῖ

308 2283 397 2345 τοῦτο
431 2279 602 2360 ἐχαρίσατο
611 2326 620 2357 ,
655 2277 777 2354 Πηλεὺς
813 2278 844 2345 δὲ
876 2280 1042 2357 Ἀχιλλεῖ·
1075 2279 1109 2342 ἐκ
1139 2275 1168 2342 θ’
1200 2279 1377 2359 Ἀχιλλέως
1407 2284 1496 2345 τοῦτο

308 2386 526 2465 Νεοπτόλεμος
551 2384 694 2464 itiitere,
718 2406 799 2471 quae
822 2383 950 2451 aliunde
974 2385 1095 2450 adscita
1118 2390 1210 2463 sunt,
1235 2391 1323 2450 tum:
1349 2384 1440 2451 θοιιιοι
1465 2387 1496 2453 ta

308 2492 412 2566 dates
442 2496 508 2574 τερθ
540 2498 594 2559 τοῦ
628 2490 775 2572 Ὠρίωνθς
799 2499 899 2573 Φοσιν
921 2489 1032 2569 οὕτως,
1058 2492 1174 2578 quibus
1199 2493 1302 2559 verbis
1325 2494 1410 2580 apud
1434 2492 1498 2558 lm-

307 2603 496 2688 peratricem
520 2603 678 2686 incipiunt
701 2619 756 2683 ea,
780 2619 860 2684 quae
883 2601 916 2664 in
940 2597 1066 2664 Scholio
1092 2601 1131 2664 ad
1155 2597 1191 2663 Il.
1214 2609 1241 2664 Σ
1262 2597 1340 2676 486,
1360 2607 1398 2667 ut
1418 2601 1499 2666 dixi-

307 2729 399 2792 mus,
431 2707 470 2773 de
493 2707 603 2773 eodem
629 2711 817 2794 argumento
841 2705 1010 2788 dicuntur,
1034 2706 1073 2770 ad
1097 2705 1232 2770 verbum
1257 2727 1331 2771 cum
1354 2706 1499 2773 lectioni-

306 2815 367 2881 bus
385 2814 498 2881 Veneti
518 2815 635 2880 codicis
655 2815 885 2899 conspirantia,
905 2833 944 2876 no
963 2810 1100 2878 ridiculo
1119 2811 1249 2896 quidem
1270 2815 1351 2879 vitio
1370 2816 1496 2892 omisso,

307 2926 389 3007 quod
421 2926 454 2986 et
483 2919 645 2988 Venatum
676 2923 704 2986 A
728 2926 760 2987 et
783 2917 980 2986 Scholiorum
1004 2916 1216 3006 Vulgatorum
1243 2917 1298 3005 (D)
1322 2919 1498 2986 editionem

305 3026 467 3112 Iuntinam
498 3033 546 3113 et,
574 3033 611 3093 nt
640 3048 723 3092 nuuc
753 3026 919 3100 videmus,
947 3023 1106 3090 uuuoeiae
1130 3045 1254 3111 quoque
1277 3026 1417 3092 codicem
1442 3027 1497 3093 ob-

307 3135 408 3208 sidet,
440 3133 659 3223 irrefragabile
688 3133 870 3200 communis
900 3132 1034 3218 originis
1062 3132 1308 3199 documentum:
1334 3135 1495 3211 ἐγένετοθ

309 3241 425 3320 Οὐρίων
457 3241 555 3324 (male
585 3261 635 3326 ap.
662 3241 781 3307 budoc.
806 3239 945 3324 Ὠρίων),
969 3235 1060 3311 οὕτως
1086 3239 1261 3317 ὀνομασθείς
1286 3242 1352 3307 διὰ
1375 3245 1417 3308 τὸ
1441 3244 1497 3307 οὐ·

307 3356 425 3430 ρῆσοοι
444 3346 573 3428 ὥσπερ
591 3349 680 3421 τοὺς
703 3348 833 3416 θεούς·
851 3344 962 3411 insere
982 3347 1021 3411 δὲ
1041 3348 1179 3429 (omittit
1198 3347 1258 3412 hoa
1277 3347 1496 3436 budeclea&

307 3455 505 3536 εὐφημισμὸν
530 3453 655 3532 Ὠρίων.
680 3451 842 3519 Pervelim
866 3452 985 3528 doceri,
1009 3451 1165 3537 quomodo
1185 3453 1497 3522 editoresiutellexe·

307 3565 373 3628 rint
395 3561 446 3627 διὰ
470 3560 504 3626 td
528 3563 652 3641 οὐρῆσαι
676 3559 801 3640 ὥσπερ
824 3560 894 3631 τοὺς
919 3559 1012 3632 θεούς.
1057 3557 1147 3639 Quod
1171 3562 1199 3624 si
1222 3559 1312 3626 nullo
1335 3561 1494 3646 probabili

307 3670 402 3737 modo
432 3671 609 3755 potuerint,
639 3668 770 3734 fortasse
800 3687 862 3732 nou
896 3666 1088 3732 recusabunt
1119 3687 1246 3732 mecum
1269 3669 1412 3734 insanam
1434 3667 1495 3735 lec·

307 3780 427 3844 tionem
450 3781 576 3841 mutare
599 3777 651 3839 iu:
677 3774 727 3840 διοὶ
750 3773 785 3837 τὸ
809 3774 932 3852 οὖρῑησοοι
957 3771 1120 3850 στέρροοι
1145 3771 1216 3847 τοὺς
1240 3773 1334 3847 θεούς.

352 3883 414 3948 Sed
441 3885 518 3949 satis
541 3882 581 3947 de
603 3881 669 3959 his;
694 3879 834 3966 reliquas
857 3878 1116 3965 interpolationes
1139 3879 1313 3946 ordiamur.

353 4119 382 4173 ε,
415 4094 492 4160 211.
527 4095 564 4160 In
595 4101 669 4161 nota
700 4095 871 4183 Porphyrii
896 4115 934 4160 ex
959 4093 1150 4160 Antisthene
1174 4094 1316 4160 derivata
1340 4093 1495 4162 multum-

308 4221 369 4286 que
399 4199 574 4280 celebr'ata,
604 4223 661 4268 cur
691 4199 802 4268 Ulixes
837 4198 1009 4290 Oalypsoni
1032 4203 1249 4286 obtemperare
1272 4201 1411 4267 noluerit
1433 4205 1493 4269 im·

307 4306 504 4374 mortalitem
535 4311 564 4374 ei
596 4307 780 4394 spondenti,
810 4309 888 4374 hacc
917 4316 1009 4375 suut:
1041 4305 1232 4382 Ἀντισθένης
1265 4307 1360 4390 Φησίν
1385 4308 1494 4375 silim

308 4415 403 4496 σοφὸν
424 4413 498 4479 ίντοο
523 4415 574 4478 τὸν
596 4417 771 4502 Ὀδυσσίοι,
795 4411 842 4480 titt
865 4417 890 4481 oi
916 4417 1036 4498 ἐρῶντος
1060 4414 1166 4482 πολλοὶ
1186 4413 1355 4496 ψεύδονται
1376 4417 1429 4482 καί
1450 4417 1493 4482 τὰ
