3330 5144
861 293 928 362 226

296 486 458 562 omittam,
485 523 525 534 -
550 480 625 556 ὅλως
646 483 966 570 solesmenses,
990 491 1120 559 omnino,
1145 489 1182 550 ut
1205 487 1322 552 iterum
1345 507 1377 551 v.
1391 484 1484 578 σκιά

216 583 220 591 ’
296 591 419 658 ³:238:
444 590 496 658 καὶ
529 587 626 662 ἕλεος
659 591 692 654 αἱ
723 588 830 672 Aridior
859 595 917 655 τῶν
950 588 1019 657 θεῶν
1044 590 1155 670 ἐνεργοί
1181 593 1253 672 παρ’
1279 589 1423 673 Ὁμήρῳ,
1448 611 1484 658 ao

294 703 419 786 saepius
450 698 538 764 alibi.
570 696 652 773 Sed,
680 736 720 747 —
746 718 820 762 nam
851 699 891 764 ad
921 698 1153 788 Etymologum
1183 699 1335 766 redeundi
1358 703 1485 784 tempus

294 812 356 884 eat,
373 808 492 872 -iam
515 810 638 871 eertum
662 805 740 882 erit,
758 802 895 886 Ὅμηρος
916 805 1013 880 τίθησι
1032 805 1066 870 πθ
1088 804 1250 881 ξεινοδόκον
1270 827 1383 872 verum
1403 826 1483 882 esse,

293 935 355 979 uon
375 912 547 996 ὑποτίθησι,
565 933 667 996 neque
684 913 805 988 minus,
826 912 910 977 unde
929 913 1087 1000 superflua
1106 915 1295 998 praepositio
1308 911 1482 980 advenerit.

293 1020 417 1107 Nempe
447 1020 625 1108 pertinebat
658 1020 699 1084 ad
731 1017 989 1102 θποθεχθμενον,
1020 1019 1105 1086 uude
1133 1018 1217 1086 male
1247 1020 1286 1086 ad
1317 1021 1481 1106 sequentia

292 1129 460 1195 aberrauit.

338 1360 374 1414 σ,
401 1335 454 1404 73.
478 1331 557 1416 Ἶρος
585 1338 689 1416 ’Ἂίρος
713 1335 789 1420 quid
812 1337 855 1402 sit
878 1338 1062 1422 exponitur:
1087 1336 1101 1401 θ
1125 1336 1235 1412 μηκέτι
1260 1337 1290 1401 έν
1314 1335 1373 1418 ζωῇ
1401 1337 1482 1423 [ἐσθ-

293 1467 402 1522 ριενος,
436 1443 449 1508 ὂ
480 1443 605 1528 μηκέτι]
631 1439 770 1518 ἐσόμενος
789 1441 880 1521 Ἶρος.
907 1441 991 1527 (ΒΗ)
1022 1441 1139 1508 Verius
1163 1447 1229 1519 est,
1254 1443 1374 1509 insola
1397 1441 1482 1508 Har-

293 1551 397 1617 leiauo
426 1549 505 1616 haeo
533 1553 579 1615 ita
608 1549 675 1638 legi
697 1569 735 1614 ex
758 1549 1019 1615 manifestissima
1041 1547 1275 1637 dittographia,
1300 1551 1431 1614 eumin
1455 1549 1482 1615 B

292 1663 418 1722 tantum
456 1658 511 1721 sit:
544 1655 644 1721 οὐκέτι
671 1677 774 1722 -ex
804 1654 953 1732 θριηκέπι
978 1662 1163 1741 corruptum
1187 1694 1228 1704 -
1253 1657 1283 1721 έν
1307 1655 1394 1740 ζῶσιν
1418 1655 1481 1722 ε’σθ-

295 1787 383 1842 μενος
413 1759 503 1844 Ἶρος.
538 1761 642 1828 Multo
673 1762 786 1828 melior
815 1767 863 1828 est
892 1762 990 1829 altera
1020 1763 1255 1850 interpretatio:
1281 1763 1295 1826 θ
1321 1763 1371 1828 ἐπί
1396 1768 1481 1846 κακῷ

289 1869 368 1951 Ἶρος
404 1869 597 1954 ὀνομασθείς,
632 1890 725 1955 quam
760 1889 823 1934 nou
857 1868 981 1946 solum,
1016 1873 1053 1934 ut
1084 1868 1264 1936 Dindorfius
1293 1870 1482 1946 admonuit,

294 1976 483 2065 Apollonius
511 1979 544 2041 in
574 1975 691 2042 Lexioo
722 1996 779 2042 suo
811 1975 915 2052 dedit,
947 1975 1001 2042 sed
1025 1975 1207 2063 Hesychius
1230 1997 1354 2063 quoque
1377 1978 1427 2043 bis
1450 1981 1484 2043 et

293 2075 426 2162 fluidas,
458 2087 566 2168 estque
599 2101 635 2148 ea
664 2084 730 2149 sine
753 2082 950 2149 dubitatione
973 2104 1046 2148 oum
1070 2082 1219 2149 Barnesio
1242 2085 1276 2148 in
1300 2082 1327 2147 V
1351 2083 1391 2150 ad
1415 2087 1444 2150 h.
1457 2083 1481 2152 1.

291 2188 498 2260 restituenda.
760 2177 765 2190 ’

338 2423 382 2483 χ,
415 2397 536 2466 9-12.
568 2397 666 2486 Origo
696 2391 871 2484 proverbii:
895 2395 1002 2462 rottei
1022 2395 1145 2474 μεταξὺ
1169 2396 1256 2462 πέλει
1281 2400 1403 2474 κύλικος
1428 2401 1479 2466 καί

294 2510 417 2590 χείλεος
441 2505 532 2585 ἄκρου
554 2503 726 2570 seeundum
746 2502 956 2569 Aristotelem
980 2505 1026 2569 ita
1048 2505 1081 2568 iu
1104 2502 1233 2570 scholiis
1256 2503 1479 2594 Vulgatisiv)

247 2631 249 2634 ’
293 2621 455 2682 narratur:
486 2611 573 2688 λέγει
598 2610 630 2674 δέ
652 2607 867 2690 Ἀριστοτέλης
899 2610 965 2688 περί
990 2619 1046 2684 τῆς
1071 2613 1237 2689 παροιμίας
1262 2609 1365 2684 οὕτως.
1399 2615 1479 2690 Ἀγ·

294 2729 379 2792 καῖος
412 2721 426 2786 θ
457 2717 637 2788 Ποσειδῶνος
667 2716 719 2782 καὶ
753 2716 997 2786 Ἀστυπαλαίας
1020 2715 1147 2798 ΙΣοίμιος
1172 2716 1210 2782 ὢν
1233 2717 1267 2784 τὸ
1292 2718 1377 2796 γένος
1400 2717 1482 2801 έχων

228 2829 230 2834 ’
294 2827 412 2898 οίκέτην
442 2825 505 2890 οίπὸ
528 2824 646 2902 Κρήτης
671 2822 829 2911 ἐκέλευσεν
854 2823 936 2898 αὐτῷ
961 2822 1141 2904 προσφέρειν
1164 2824 1285 2890 ποτέν
1309 2825 1414 2891 πίνειν.
1439 2827 1480 2891 εί·

294 2932 454 3006 stererat
475 2931 569 2997 αὐτοῦ
590 2931 683 3002 ὦςοθ
707 2930 867 3004 δυνήσεται
892 2935 971 2994 πιεῖν
995 2926 1013 2992 d
1018 2931 1081 2994 θεν
1106 2930 1322 3018 [ἐντεῦθεν]
1349 2934 1389 2998 αί
1410 2932 1482 3012 ἄρα·

295 3056 409 3107 πελοι
434 3035 730 3120 τυγχάνουσιν,
757 3025 850 3106 αὐτὸς
875 3036 889 3099 θ
913 3035 1063 3112 ’Λγκαῖος
1085 3039 1362 3117 κατακερτομησας
1386 3039 1481 3114 τοὺς

296 3145 545 3226 θεράποντας
575 3141 676 3222 ἔλαβε
698 3144 753 3216 την
776 3141 889 3206 stares
914 3141 965 3207 καί
991 3142 1159 3222 προσέθετο.
1183 3144 1330 3223 λέξαντος
1356 3146 1483 3212 dixsi-

295 3281 343 3322 νου
372 3252 500 3333 „roera
522 3251 644 3330 μεταξὺ
667 3250 754 3315 πέλει
778 3249 900 3321 κύλικος
925 3250 976 3315 καί
1000 3250 1124 3331 χείλεος
1149 3249 1277 3336 expos?
1301 3250 1390 3333 ἄφνω
1415 3278 1483 3319 συν·

295 3361 353 3440 έβη
385 3366 496 3441 χρῆμα
528 3358 597 3428 συὸς
629 3355 772 3436 μεγοίλου
799 3353 980 3436 έπιζαρῆσαι
1003 3365 1066 3429 τοῖς
1092 3361 1144 3423 τοῦ
1171 3358 1324 3436 Ἀγκαίου
1348 3362 1479 3442 χωρίοις.

295 3469 476 3535 ακούσαντα
506 3465 537 3532 δέ
568 3465 662 3529 αὐτὸν
687 3463 749 3529 ἀπὸ
773 3463 832 3527 τῶν
854 3463 985 3545 χειλέων
1007 3466 1063 3538 τίον
1087 3465 1201 3529 κύλικα
1223 3469 1403 3532 καταθεῖναι
1427 3470 1479 3532 καί

293 3577 421 3656 δραμεῖν
450 3577 488 3645 ὥς
513 3572 563 3637 τθν
589 3568 694 3649 ἄγριον
718 3566 766 3644 ὗν,
794 3570 1003 3647 συμβαλόντα
1028 3571 1059 3636 δέ
1083 3573 1125 3652 τςῖ·
1151 3571 1255 3652 κάπρῳ
1278 3583 1475 3649 τελευτῆσαι.

294 3681 363 3748 ἔνθα
396 3678 495 3761 Φησὶ
520 3683 708 3749 κατανοῆσαι
730 3679 784 3752 την
808 3679 985 3758 παροιμίαν.
1035 3677 1225 3754 „Confusam
1251 3682 1481 3748 narrationem”

293 3791 409 3856 marito
431 3792 524 3854 vocat
545 3783 774 3857 Buttmannus.
800 3788 969 3868 monetque
993 3805 1140 3862 „serrum
1161 3784 1256 3873 longe
1276 3793 1385 3866 antea,
1405 3809 1481 3853 eum

177 3887 178 3890 ¹
294 3901 421 3964 vineam
450 3894 608 3980 plantaret
638 3889 802 3974 Ancaeus,
832 3891 947 3956 dixisse
976 3894 1019 3969 μη
1051 3894 1292 3970 μεταλήψεσθαι
1330 3893 1481 3966 δεσπότην

294 4009 347 4070 τσῦ
381 4000 526 4082 uniret?
571 3998 637 4064 Neo
673 3997 802 4063 confusa
836 4000 961 4062 tantum
993 3998 1131 4064 narratio
1163 4004 1228 4075 est,
1258 3999 1312 4064 sad
1337 4000 1389 4064 hie
1413 4000 1482 4068 illio

294 4113 449 4176 miserum
482 4108 516 4170 in
550 4105 683 4170 modum
715 4107 878 4188 corrupta,
908 4104 943 4167 in
975 4125 1037 4187 qua
1067 4125 1125 4172 nee
1156 4105 1235 4170 bene
1261 4106 1343 4171 mibi
1366 4107 1482 4176 habere

293 4217 421 4284 videtur
443 4215 534 4278 ποτὸν
567 4213 677 4288 πίνειν,
705 4210 862 4295 -·quid,
899 4231 1027 4297 quaeso,
1059 4211 1147 4277 aliud
1171 4211 1313 4297 potaret?
1340 4251 1380 4264 -
1406 4233 1481 4300 pro:

295 4320 409 4397 οίνον,
436 4341 493 4385 nee
515 4319 612 4386 verba
634 4315 697 4382 ίθεν
711 4353 731 4366 -
745 4353 765 4366 -
779 4353 799 4366 -
811 4315 1021 4400 τυγχάνουσιν
1049 4317 1198 4404 expedio,
1219 4319 1279 4386 etsi
1298 4340 1360 4386 nou
1380 4319 1481 4389 babeo

293 4427 448 4516 quomodo
471 4427 539 4490 sina
562 4424 658 4490 dubio
682 4430 829 4511 eorrupta
852 4423 959 4509 aliqua
981 4423 1139 4510 probabili
1158 4425 1279 4492 ratione
1299 4429 1480 4496 restituam.
