3318 5138
757 341 800 410 87

179 553 277 600 versu
301 531 459 622 Odysseae
483 540 567 600 stere
590 535 700 618 pessit,
723 536 758 598 in
780 540 855 599 note
874 535 914 600 ed
933 533 1107 621 Odysseum
1129 532 1162 602 δ,
1185 529 1261 610 692,
1283 533 1374 598 ouius

180 661 278 706 oense
297 642 374 706 haee
393 644 501 706 omnia
517 637 704 723 attulimus,
726 641 854 706 omnino
874 660 1057 726 perversum
1079 641 1132 704 sit.
1158 638 1243 704 Fieri
1265 647 1373 704 temen

180 752 303 831 potest,
329 753 365 811 ut
395 746 482 824 πρός,
512 745 596 831 quod
627 745 683 820 BP
714 746 884 831 praebent,
914 746 1064 812 relietum
1095 748 1137 810 eit
1170 767 1209 810 ex
1232 723 1373 830 pleniore

181 853 320 918 dictione
344 854 361 928 ἦ
386 853 418 918 δὲ
440 854 584 932 ἀναφορὰ
609 852 682 932 πρὸς
707 855 741 917 τὸ
765 869 837 918 κτλ.
861 851 923 918 Sed
948 860 980 918 et
1003 852 1062 917 hoo
1086 851 1188 918 multo
1218 853 1370 918 incertius

181 963 248 1036 eet,
281 966 314 1024 et
344 962 421 1024 setis
451 959 574 1024 habebo
604 961 631 1023 ei
658 959 852 1058 probavero,
879 979 937 1024 neo
959 960 1053 1040 πρός
1078 957 1112 1022 τό
1137 979 1199 1024 non
1222 966 1371 1044 sequente

180 1063 229 1132 ότι
248 1073 281 1130 et
302 1066 406 1132 multo
428 1067 535 1131 minue
559 1065 627 1129 καὶ
652 1066 731 1130 bene
753 1065 876 1131 habere.

228 1173 271 1236 ut
294 1173 338 1238 sio
361 1173 401 1237 ed
424 1193 477 1238 eos
499 1172 584 1238 loooe
608 1172 697 1236 nobis
721 1175 872 1237 transitus
896 1171 998 1238 foetus
1021 1177 1085 1245 est,
1110 1173 1167 1237 ubi
1191 1178 1246 1238 eut
1269 1174 1368 1260 siglo,

180 1301 246 1366 qne
280 1283 319 1353 ee
350 1279 527 1362 indicetur,
560 1278 689 1344 confusa
719 1285 767 1344 eet
798 1300 872 1344 oum
905 1277 1073 1344 simillimo
1096 1279 1164 1344 καὶ
1187 1279 1363 1358 indicente,

180 1393 240 1452 eut
262 1388 473 1452 necessarium
497 1388 536 1458 ὡς
560 1387 599 1453 ob
623 1385 700 1452 alies
724 1407 833 1451 causes
858 1385 1061 1451 desideretur.
1104 1386 1208 1474 Igitur
1231 1389 1268 1458 ὡς
1294 1389 1371 1452 sori·

179 1491 323 1558 bendum
359 1498 408 1557 est
443 1494 468 1566 ό,
496 1490 556 1556 48;
591 1490 626 1554 τό
661 1491 846 1571 ,,κρινύέντε”
871 1492 939 1578 (ὡς)
965 1491 1036 1570 πρὸς
1059 1494 1129 1564 τοὺς
1153 1492 1213 1558 δύο.
1242 1493 1301 1579 (Η)
1328 1533 1368 1543 -

180 1600 216 1673 ό,
245 1597 310 1662 100
346 1598 533 1685 Porphyrii:
571 1598 621 1662 δια
656 1599 688 1662 τό
723 1600 748 1663 οἱ
785 1600 920 1669 Φαίακες
955 1599 1160 1678 εὐωχηθέντες
1194 1597 1371 1680 ἠγωνίζοντο

180 1705 331 1782 γυμνικόν
362 1709 489 1783 όγῶνα,
520 1705 627 1784 δρόμον
648 1705 701 1770 καὶ
726 1705 862 1781 δίαυλον,
888 1703 940 1768 καὶ
964 1706 998 1769 ού
1022 1707 1076 1780 τὴν
1100 1707 1202 1780 ἄλλον
1227 1704 1370 1786 dionem

180 1819 395 1895 παντελῶς
432 1813 494 1890 γὰρ
519 1810 638 1877 απόνων
661 1812 819 1891 οὶνύρύπων
843 1817 947 1876 ταῦτα
972 1812 1063 1890 (haee
1086 1814 1119 1877 in
1145 1811 1172 1892 Q
1195 1815 1240 1878 sio
1265 1813 1373 1900 depre-

179 1925 275 1984 vata:
301 1922 390 1984 τοῦτο
413 1919 476 1999 γὰρ
500 1926 556 1983 τῶν
581 1924 773 1990 παλαιῶς
800 1916 835 2004 (ό)
860 1917 980 1985 όπόνων
1004 1919 1108 2005 ἐστόν).
1134 1920 1202 1992 ἴσως
1229 1920 1276 1998 δέ,
1302 1923 1373 2006 (ὡς)

178 2026 336 2106 ἁρμόττον
368 2033 431 2096 τοῖς
464 2025 545 2098 ύύεσι
576 2024 640 2091 δέον
671 2034 777 2100 ποιεῖν,
808 2025 912 2100 ἐπειδὴ
936 2025 1066 2102 μίμησις
1092 2029 1107 2100 ύ
1133 2027 1270 2105 ποίησις,
1296 2026 1372 2094 σύτο)

179 2133 359 2222 πεποίηκεν.
383 2131 506 2218 (EQD.)
531 2131 682 2197 Proxime
705 2153 780 2198 vero
804 2133 900 2197 hebet
924 2131 968 2198 D:
992 2131 1061 2205 ἴσως
1083 2133 1114 2198 δὲ
1134 2135 1200 2199 καὶ
1222 2136 1373 2214 όρμόττον

178 2240 356 2325 praebens,
393 2242 459 2303 iem
495 2238 587 2324 plone
621 2259 806 2324 perversum
839 2238 883 2319 Q:
919 2239 990 2310 ἴσως
1017 2239 1049 2304 δὲ
1073 2240 1136 2304 δέον
1158 2243 1194 2307 τό
1218 2242 1371 2320 ἁρμόττον

177 2354 245 2418 τοῖς
283 2347 365 2422 ἤθεσι
401 2345 468 2410 καὶ
505 2353 598 2410 ποιεῖν
629 2360 716 2429 κτλ,
748 2347 839 2410 euius
871 2348 985 2412 erroris
1016 2348 1105 2433 origo
1128 2350 1161 2412 in
1186 2350 1290 2432 eprieo
1314 2359 1371 2416 eet.

179 2453 307 2539 Nempe
341 2453 444 2517 scribe
479 2453 611 2518 verbum
648 2461 743 2517 ποιεῖν
774 2452 827 2518 hio
848 2454 961 2537 fizcere
992 2452 1096 2518 velere
1127 2460 1214 2520 retus
1246 2464 1301 2521 est.
1330 2495 1371 2507 —

179 2585 208 2632 ι,
235 2557 298 2624 25:
323 2561 358 2623 τὸ
384 2558 414 2623 δὲ
442 2559 533 2642 ᾖτορός
558 2559 672 2640 ζόφον”
699 2558 751 2644 (de
775 2557 884 2624 Ithaca
907 2559 1043 2643 dictum)
1063 2562 1103 2624 ού
1123 2559 1194 2638 πρός
1214 2560 1371 2641 σύγκρισιν

178 2675 241 2732 τῶν
276 2668 442 2747 λεχθεισῶν
478 2667 570 2741 νήσων
608 2665 744 2750 stouras,
776 2665 844 2729 ε’πεό
875 2667 939 2730 ἐστι
973 2666 1156 2746 δυτικωτέρα
1189 2669 1206 2742 ἡ
1231 2670 1372 2735 Σικελία.

177 2772 276 2858 (BQ.)
299 2773 362 2839 Res
385 2776 456 2859 ipse
475 2783 507 2840 et
528 2773 663 2839 Homeri
682 2774 777 2839 verba
796 2778 924 2838 tentum
944 2792 1006 2838 non
1025 2771 1180 2852 clement,
1204 2774 1257 2839 hio
1276 2777 1373 2861 serip-

178 2889 254 2946 tum
291 2880 406 2964 fuisse,
434 2901 497 2946 non
532 2881 572 2944 οὐ
603 2882 674 2960 πρὸς
703 2902 732 2943 τ.
765 2879 820 2944 sed
842 2899 969 2964 prorsus
992 2881 1202 2944 eontrarium:
1227 2883 1273 2950 ύι
1298 2883 1369 2958 πρὸς

178 2987 341 3067 σύγκρισιν
372 2994 431 3051 τῶν
455 2987 619 3066 λεχθεισῶν
645 2987 748 3061 νόσων.
796 2985 834 3050 Ιιι
859 2991 1040 3050 transcursu
1065 2987 1206 3052 eiusdem
1231 2985 1370 3065 scholii,

178 3093 267 3179 qnod
297 3093 469 3180 Porphyrii
494 3114 560 3159 esse
580 3093 725 3177 videtur,
750 3094 879 3156 initium
905 3093 1085 3178 porrigam:
1109 3100 1170 3163 πῶς
1195 3093 1370 3174 χύαμαλύ;

178 3209 245 3274 πῶς
270 3199 493 3279 πανυπερτάτη
501 3219 509 3278 ;
536 3201 552 3274 ἡ
578 3201 609 3264 δὲ
629 3199 787 3278 σύγκρισις
809 3199 825 3272 ἢ
845 3199 924 3280 πρὸς,
943 3199 1002 3270 τόις
1031 3199 1136 3271 ἄλλοις
1162 3201 1266 3274 νύσονσ
1291 3211 1373 3268 ποιεῖ

178 3307 279 3383 atrio
311 3308 457 3387 λέγεσόαι
491 3307 680 3390 χόαμαλύν,
711 3307 790 3379 αύτὶρ
823 3304 852 3370 δὲ
885 3308 972 3370 κατ’
1003 3305 1099 3381 αὑτὴν
1131 3309 1175 3383 μὴ
1199 3307 1370 3385 ἀντεξετα-

178 3415 290 3494 ζομένη
326 3416 397 3494 πρὸς
432 3413 540 3491 Σόμον
572 3415 623 3478 καὶ
656 3413 806 3478 Ζόκννόον
843 3413 948 3492 ὑψηλή
989 3413 1080 3477 ἐστιν.
1135 3413 1239 3480 Nemo
1276 3416 1368 3481 oredo

177 3522 265 3586 mihi
294 3523 485 3609 repugnabit
511 3521 683 3608 legendum
715 3541 781 3584 esse
805 3519 1026 3585 contendentis
1052 3521 1069 3593 ἡ
1094 3521 1125 3584 δὲ
1148 3521 1306 3602 σύγκρισις
1331 3529 1367 3586 Ἡ

178 3629 254 3708 πρὸς
290 3651 319 3692 τ.
358 3626 462 3700 όλλας
498 3627 620 3704 νήσους,
658 3631 706 3689 et:
742 3627 821 3700 αύτύρ
853 3626 884 3690 δὲ
916 3626 999 3689 καθ’
1033 3627 1141 3700 αὐτόν.
1166 3665 1208 3676 -
1233 3652 1256 3704 ι,
1286 3626 1368 3692 196:

178 3735 302 3808 εἰκότως
339 3735 405 3799 καὶ
442 3736 512 3813 πρὸς
546 3732 694 3810 ποιμένας
726 3734 823 3798 οὶπιόιν
854 3730 981 3814 ἄλφιτα
1015 3733 1066 3798 καὶ
1103 3729 1175 3798 οἶνον
1200 3731 1367 3814 βλοτόζει.

177 3841 303 3908 Immo:
328 3844 374 3913 ὥς
399 3839 470 3918 πρός
496 3838 644 3918 ποιμένας
668 3841 774 3904 ατιύν.
798 3863 888 3908 -ι,
914 3838 996 3904 403:
1022 3841 1211 3921 Πολύφημετ
1237 3843 1369 3906 ἕνταῦύα

176 3951 214 4012 τό
246 3947 341 4024 ὄνομα
371 3947 440 4034 (ὥς)
464 3946 526 4011 uiui
551 3952 609 4012 τῶν
634 3945 752 4012 εἰδότων
776 3946 878 4011 οὶκούει
903 3946 916 4009 ό
941 3945 1118 4017 Ὀδυσσεύς.
1142 3945 1205 4011 ύόεν
1230 3949 1368 4028 πρότερον

177 4056 340 4119 Κύκλωπα
363 4052 517 4133 όνομόζων
540 4053 661 4133 ὕστερον
684 4053 819 4128 τούνομα
841 4053 939 4129 λε’γει.
962 4050 1048 4136 (HQ)
1068 4051 1102 4117 In
1124 4052 1149 4133 Q
1170 4059 1234 4118 est:
1265 4055 1369 4120 οὶκούει

176 4163 222 4232 oie
260 4161 274 4224 ό
310 4160 495 4237 Ὀδυσσεύς,
530 4161 613 4246 quod
644 4163 763 4225 iniuria
794 4159 914 4225 delevit
944 4157 1177 4237 Buttmannus;
1211 4163 1254 4234 ός
1281 4165 1367 4228 enim

175 4289 242 4335 non
278 4271 375 4334 otiose
408 4266 538 4333 illatum
575 4272 639 4345 est,
675 4266 729 4332 sed
764 4269 797 4331 in
833 4266 1035 4331 Ambrosieni
1070 4267 1240 4354 archetypo
1276 4291 1371 4356 supro

175 4377 317 4449 lineum.
355 4383 392 4440 ut
423 4376 567 4452 videtur,
601 4375 755 4440 insertum
787 4376 819 4439 in
849 4371 989 4438 alienum
1016 4379 1140 4438 tentum
1165 4373 1273 4440 looum
1297 4399 1370 4463 per·

177 4488 279 4554 seuit¹
307 4521 349 4532 --
374 4499 404 4548 λ.
429 4482 505 4548 385.
529 4482 657 4565 denoto
681 4481 786 4556 όιλλιι
813 4485 927 4570 (immo
950 4481 1062 4564 ύλλρ.
1099 4481 1218 4550 Versus
1239 4483 1373 4554 Homeri
