3278 5148
724 332 790 412 ets

158 527 251 613 λόγον
283 533 406 614 λέγειν,
438 535 509 602 ideo
539 536 656 614 ὁμιλεῖν
687 538 738 602 τὸν
762 537 855 615 λόγον
878 558 940 603 non
964 541 1068 622 potest
1094 556 1155 602 non
1179 528 1351 604 insolenter

159 641 281 706 dictum
305 642 426 726 videri,
451 651 488 707 ut
511 642 692 709 Diodorfius
717 647 748 708 ln
772 642 964 710 Graecitatis
987 642 1093 707 indice
1116 662 1178 708 non
1200 644 1349 709 habuerit

159 745 247 812 eliud
277 747 461 833 exemplum
495 749 578 833 quod
611 759 717 815 nostro
751 749 894 827 adderet,
932 769 968 813 ae
1002 747 1065 812 luit
1100 769 1174 812 cum
1199 749 1350 830 ὠφέλη-

158 875 225 918 σεν
248 855 448 921 coniicerern.
481 855 575 921 Nunc
596 855 680 922 melo
705 856 847 936 ε’τίχειν,
865 857 1050 941 praesertim
1073 876 1145 920 cum
1169 877 1350 942 nesequen·

157 963 205 1023 tis
239 960 368 1045 quidem
402 963 480 1026 bene
505 962 618 1027 habere
645 963 727 1026 mihi
750 961 936 1039 videantur,
961 969 993 1025 et
1018 981 1055 1025 ex
1079 960 1209 1027 meliore
1233 963 1349 1027 codicis

156 1067 394 1133 mendosissimi
417 1067 583 1134 collatione
602 1069 707 1134 lucem
729 1074 892 1154 expectare
907 1065 942 1153 ¹).
964 1067 1101 1132 Facilior
1122 1073 1170 1133 est
1186 1071 1348 1133 restitutio

158 1173 290 1239 alterius
318 1175 457 1259 excerpti
488 1195 527 1240 ex
555 1175 775 1262 Porphyrisna
807 1179 1006 1260 quaestione,
1034 1173 1117 1259 quod
1142 1195 1197 1260 per
1219 1173 1251 1239 δέ
1274 1196 1349 1239 cum

158 1281 417 1346 antecedentibus
440 1301 616 1346 connexum
641 1287 708 1360 est,
732 1285 792 1347 etsi
816 1303 872 1347 nec
897 1284 993 1365 caput
1015 1301 1072 1346 nec
1096 1301 1150 1366 pes
1162 1282 1192 1345 ei
1204 1283 1347 1345 constare

158 1386 296 1453 videtur.
343 1387 447 1453 Priori
479 1389 562 1454 enim
595 1393 769 1456 sententiae
800 1388 885 1475 (πρὸς
917 1390 949 1453 δὲ
973 1389 1042 1460 τοὺς
1067 1389 1248 1471 ζητοῦντας)
1273 1407 1348 1473 spo·

161 1493 246 1560 dosis
276 1497 379 1560 omnis
410 1494 515 1578 deest,
546 1489 647 1560 altera
677 1498 785 1562 inanes
815 1496 912 1560 hebet
943 1495 1111 1560 verborum
1136 1495 1289 1570 tinnitus,
1315 1493 1348 1557 in

160 1619 223 1685 que
246 1621 303 1668 nee
326 1602 389 1681 γὰρ
408 1601 627 1690 intellegitur,
652 1624 709 1668 neo
733 1604 867 1680 Ἠλυσίῳ
891 1600 983 1682 πεδίῳ
1007 1601 1063 1678 μὲν
1082 1601 1161 1679 όντι,
1188 1613 1228 1650 -'·
1255 1599 1351 1684 quid,

156 1727 290 1794 quaeso,
314 1707 402 1773 eliud
426 1709 469 1772 sit
492 1729 588 1794 quam
615 1709 731 1787 πεδίον,
756 1715 788 1775 et
804 1709 880 1794 quid
900 1709 958 1773 sibi
983 1708 1054 1773 vult
1067 1707 1140 1786 μέν,
1162 1708 1244 1793 quod
1265 1715 1349 1772 certe

155 1835 218 1880 non
250 1815 352 1880 hisce:
385 1819 419 1881 rt
443 1815 482 1879 δὲ
506 1817 554 1880 ciel
579 1817 648 1882 καί.
672 1841 702 1883 r.
729 1820 840 1900 Ἐστία
864 1822 923 1896 ren
947 1817 1133 1901 respondere
1155 1813 1281 1900 potest?
1313 1853 1347 1862 -

156 1943 213 1986 nec
238 1919 302 1986 όόεν
325 1948 357 1988 τ.
383 1921 516 2000 Ῥαδοίμ.
541 1923 747 2000 διεκόσμησαν
766 1945 823 1989 nec
844 1922 878 1988 τό
898 1923 940 1988 δέ.
961 1921 1156 1988 Exciderunt
1176 1922 1346 2008 quaedam,

156 2028 273 2114 quibus
304 2028 435 2094 adiectis
458 2036 490 2094 et
513 2033 656 2114 quaestio
679 2036 711 2096 et
734 2031 850 2096 solutio
874 2028 957 2095 clare
979 2029 1185 2115 apparebunt.
1228 2029 1349 2116 Legen-

157 2136 254 2199 dum:
291 2135 362 2214 πρὸς
399 2135 429 2198 δὲ
466 2136 535 2206 τοὺς
571 2135 738 2217 ζητοῦντας
778 2137 843 2210 τοῖς
879 2141 973 2217 Φησιν
1007 2137 1044 2207 είς
1081 2141 1230 2214 χειμῶνος
1267 2133 1349 2206 όντος

157 2241 289 2318 Ἀρήτην
315 2242 511 2305 ἀλεαίνεσθαι
536 2242 622 2320 παροδ
645 2245 687 2323 τῷ
712 2242 784 2324 τυρί
795 2261 802 2278 ·
819 2281 859 2290 -
874 2239 1018 2321 εὔκρατος
1044 2244 1108 2321 γὰρ
1131 2241 1144 2304 ό
1171 2240 1226 2320 aiio
1247 2241 1299 2304 καί
1325 2241 1350 2305 oi

157 2347 267 2427 καρποί
287 2348 460 2424 διαμένουσι
481 2348 534 2412 καί
554 2351 724 2425 γειτνιῶσιν
744 2349 878 2429 Ἠλυσίῳ
898 2347 990 2428 τεδίςυ
1003 2345 1147 2434 (εὐδίου)
1170 2345 1348 2423 μένοντι,

158 2449 222 2518 όόεν
248 2454 298 2518 καί
323 2455 375 2518 τόν
399 2454 612 2532 Ῥαδάμανθυν
635 2455 889 2531 διεκόμισαν·
912 2493 952 2502 -
977 2453 1160 2543 (λεκτέον
1185 2449 1244 2517 ότι
1272 2458 1349 2532 πῦρ

158 2562 220 2626 δεῖ
242 2569 345 2626 νοείν
368 2563 409 2626 οὐ
432 2561 474 2626 τό
499 2561 761 2647 διακονικόν),
780 2565 814 2626 τό
834 2562 865 2627 δὲ
884 2562 933 2626 ἀεὶ
954 2561 1167 2642 καθιερωμένον
1185 2561 1350 2643 τρῑἘστίᾳ

158 2674 231 2748 πῦρ.
268 2665 333 2733 Gur
363 2668 568 2747 διεκόσμησαν
598 2668 776 2736 refluxerim
806 2671 840 2734 in
871 2667 1066 2748 διεκόμισαν,
1091 2669 1173 2734 dicet
1197 2667 1347 2733 Alcinous

114 2849 120 2864 ⁵
159 2779 219 2859 (vs.
257 2773 341 2860 323,
374 2773 468 2862 324):
503 2773 554 2842 ότε
585 2801 620 2840 τε
653 2775 760 2852 ξανθόν
792 2775 1005 2854 Ῥαδάμανθυν
1036 2771 1130 2853 lyon
1162 2774 1347 2860 (Phaeaces)

159 2882 347 2962 ἐποψόμενον
383 2884 505 2948 Τιτυόν.
553 2883 618 2949 Gur
646 2883 812 2949 διακονικόν
842 2883 1044 2962 inseruerim,
1077 2884 1220 2949 ostendet
1243 2884 1348 2948 brevis

156 2989 263 3078 glossa
286 2991 335 3054 bis
358 2993 391 3054 in
415 2989 442 3054 P
466 2991 583 3076 scripta
606 2991 670 3070 τὰρ
694 2990 766 3068 πυρί
773 3013 781 3054 :
807 2991 857 3054 ἐντί
882 2991 916 3056 τδ
937 2991 1102 3056 διακονικὸν
1123 2995 1191 3069 reip⁴
1216 2987 1347 3055 Caetera

158 3118 191 3162 se
214 3097 284 3182 ipss
308 3099 384 3162 setis
408 3097 585 3163 defendent.

160 3299 334 3310 —t——n

157 3427 274 3476 efferentis
297 3431 321 3477 et
341 3427 418 3477 verbis
436 3429 586 3479 describenda
603 3433 725 3496 exsuperet
743 3428 833 3498 polita).
852 3425 898 3478 ίίνιε
917 3427 966 3492 γὰρ
987 3427 1057 3478 είτίιν
1079 3425 1180 3478 κόλασιν
1198 3427 1267 3491 μίγα
1284 3421 1372 3504 κῦμα.

157 3512 215 3566 κατ’
235 3511 341 3576 ίίιιριρς,”
364 3543 395 3550 --
418 3513 456 3565 νῦν
474 3519 608 3582 κατηρεφὲς
627 3520 658 3567 τί
677 3521 743 3578 κόμει
759 3516 839 3578 elren,
858 3519 926 3568 οίενεί
949 3520 979 3568 τὸ
998 3511 1189 3582 καταστεγόζεν
1207 3517 1285 3569 αὐτοῦ
1304 3523 1374 3579 την·

157 3607 273 3672 κεφαλήν.
292 3611 360 3674 (Po)
370 3610 439 3659 Vocis
446 3605 557 3671 ἑρμηνεία
572 3611 598 3660 in
616 3613 697 3662 eodem
713 3611 885 3676 significatione
901 3629 956 3661 usus
970 3613 1191 3677 pervulgatissimus
1208 3617 1251 3662 eet.
1271 3614 1352 3662 Unum

157 3716 170 3748 e
197 3701 285 3750 nostris
311 3702 445 3766 exemplum
471 3701 576 3752 excitabo
597 3705 625 3752 ut
642 3703 777 3760 emendem,
795 3718 813 3748 ει
830 3704 890 3754 518ε
908 3703 996 3765 τρόπον
1015 3696 1137 3764 ἑρμηνείας
1156 3702 1321 3766 ἀντιστρόφου
1341 3703 1353 3752 ό

159 3783 240 3854 Χεεῖρίς
260 3797 332 3852 φησιν
350 3787 423 3850 eluat,
443 3787 502 3839 όταν
522 3789 692 3854 &carnotenae
711 3791 754 3841 τὸν
778 3793 958 3856 σχηματισμὸν
976 3794 1004 3840 αί
1021 3789 1112 3853 λέξεις,
1131 3793 1161 3849 nic
1182 3793 1213 3842 τὸ
1235 3793 1352 3856 exaraci-

157 3898 226 3942 μενος
254 3873 412 3943 σελεμίχίη“
439 3875 472 3942 (Δ
491 3883 551 3946 535)
577 3879 634 3930 ἄντί
659 3885 717 3930 τοῦ,
733 3881 874 3944 immo.
899 3887 986 3949 (ΜΩ),
1010 3885 1125 3948 quoloco
1143 3886 1193 3935 sine
1211 3885 1352 3934 dubiosum

158 3971 283 4021 Diodorflc
307 3971 440 4020 addendum
468 3967 658 4034 (πελεμιχίείς),
683 3989 765 4023 verum
793 3991 839 4023 non
857 3981 915 4039 post
931 3969 1072 4036 ίχοίοσοιτε,
1090 3977 1128 4024 sed
1148 3979 1214 4034 ente,
1233 3973 1290 4023 ἄντί
1308 3977 1354 4023 τοῦ

157 4057 290 4124 (σολεμν
298 4060 407 4125 xiste)
423 4059 571 4125 ίχόσσειτο,
588 4079 643 4113 oum
660 4063 685 4112 in
705 4063 732 4112 Μ
750 4065 781 4113 sit
798 4063 940 4127 χωσάμενος
955 4063 1112 4128 τελεμεχίείς
1128 4064 1277 4128 two-aro,
1295 4067 1353 4131 inQ

157 4155 260 4204 ulterius
286 4155 442 4220 deprevatum
459 4153 483 4202 in
502 4151 644 4215 χωσάμενος
670 4153 829 4218 πελεμιχόείς
854 4154 911 4204 ἀντί
930 4159 975 4205 τοῦ
992 4154 1143 4220 ’exoletus-0,
1161 4161 1185 4206 et
1203 4157 1227 4206 in
1245 4157 1352 4221 sequenti

157 4245 265 4310 exemplo
283 4259 388 4309 quoque:
411 4241 468 4291 ἀντὶ
485 4245 532 4292 τοῦ
551 4242 702 4293 κενισιίλον
723 4237 844 4303 (ίίελλει
861 4248 935 4312 sdd.),
956 4263 1010 4296 uam
1029 4252 1054 4297 et
1070 4247 1109 4298 hio
1126 4253 1225 4314 appetet
1242 4265 1286 4300 cur
1304 4265 1349 4299 vox

157 4326 277 4377 exciderit.

193 4418 275 4481 1)Διι
296 4416 475 4475 corrigendum:
499 4413 553 4478 ίίμα
577 4414 598 4466 δ.
626 4433 647 4464 ει.
668 4421 708 4482 τῇ
728 4415 854 4484 ἀειίττη
873 4419 934 4483 lien
951 4435 1056 4482 τερον-ην.
1078 4419 1157 4484 ἀρχὴν
1176 4437 1198 4468 ιι.
1220 4428 1273 4486 φιλ.
1294 4417 1352 4474 ὕπε-

159 4507 230 4568 όίκην
247 4503 332 4556 altri
350 4501 515 4566 νενησεεόνειδ
