3278 5148
736 283 739 292 ’
840 313 906 381 ese

341 505 473 586 δάμιιτοι
498 504 658 589 Φαιάκων,
681 502 740 578 eloe
766 503 856 583 δόμος
881 503 1189 587 ἈλιιινάοιοΙΙῆρωος.
1215 503 1291 571 άλλ’
1317 521 1389 572 κτλ.

274 611 429 681 Observat
459 612 611 680 Nicanor:
644 613 668 679 εί
701 613 758 693 μέν
792 611 864 694 epla
897 615 1020 690 γενικὴν
1044 615 1223 698 άφορᾷς,
1247 614 1299 691 μὴ
1324 612 1469 695 στίξμο

272 721 315 792 είς
351 717 385 782 τδ
421 717 604 785 ’Λλιιινάοιν
639 720 664 784 εί
701 719 733 785 δέ
751 711 841 798 ’πρὸς
873 719 1039 796 κλιιτικείν,
1073 720 1137 784 στί
1146 717 1230 796 ξοι,
1262 715 1311 782 ίνοι
1346 716 1364 801 ᾖ
1396 721 1470 798 πρὸς

271 825 427 892 Ὀδοσσέοι
451 827 465 890 d
490 825 583 904 λίγοο
608 826 724 906 λέγων,
747 829 835 892 άλλά
860 825 894 912 (l.
915 825 1006 910 ἄλλ’)
1033 821 1053 890 ὦ
1079 826 1163 905 ἥρωι.
1189 825 1262 910 (Β),
1284 847 1364 912 quoe
1384 825 1469 894 nihil

271 934 398 1011 dieunt,
422 935 484 998 nisi
507 933 540 1000 in
564 935 704 1019 antiquis
729 934 864 1000 Homeri
883 933 1119 1019 exemplaribus
1139 933 1237 998 fuerit
1256 931 1348 1016 ἤρισε,
1370 954 1467 1018 quam

271 1041 407 1106 formam
438 1041 514 1116 „olii
542 1042 725 1128 genitivum
758 1040 814 1107 alii
846 1042 1031 1106 vocativum
1063 1061 1130 1107 esse
1154 1037 1347 1126 putebant,’'
1374 1039 1469 1104 Bott-

271 1167 387 1213 manoo
411 1147 581 1232 prudenter
605 1153 763 1214 monente.
800 1146 870 1213 Non
892 1146 1032 1212 multum
1053 1145 1146 1212 aliter
1168 1145 1308 1212 Nicanor
1326 1145 1470 1231 loquitur

272 1276 301 1320 v.
328 1275 355 1318 o.
381 1254 421 1318 ad
444 1279 461 1327 n
488 1253 569 1319 103:
596 1253 620 1318 εί
646 1253 678 1320 δέ
701 1279 743 1334 τῳ
765 1252 1004 1332 τροσκάττοιτο,
1024 1252 1152 1333 στιζὲτω
1177 1253 1227 1320 hri
1247 1258 1301 1316 τοῦ
1323 1261 1468 1331 γυναῖκες

272 1376 342 1426 κτλ.
368 1367 400 1427 et
424 1363 469 1448 sio
492 1363 628 1447 saepius.
675 1359 793 1430 (lontio
817 1361 953 1428 seeundo
977 1381 1110 1446 persono
1131 1361 1239 1426 tertiae
1257 1359 1364 1426 looum
1377 1359 1468 1426 oedat

222 1549 224 1552 Ι
271 1471 305 1534 in
329 1468 448 1536 scholio
468 1468 506 1535 ad
526 1484 546 1533 λ
568 1467 652 1546 317.
675 1469 732 1535 ubi
748 1473 867 1535 iterum
890 1469 928 1534 de
949 1467 1010 1534 Oto
1032 1474 1064 1534 et
1083 1467 1232 1554 llphiolte
1245 1469 1283 1535 de
1295 1487 1468 1552 eorumque

272 1578 306 1641 in
335 1577 409 1642 deos
439 1577 603 1642 conatibus
627 1597 730 1642 sermo
762 1583 820 1642 est.
869 1575 931 1640 Κοιί
955 1575 988 1639 νύ
1013 1600 1064 1641 κεν
1089 1575 1309 1654 ἐξετέλεσσαν,
1336 1575 1361 1638 εἴ
1389 1571 1467 1652 ἥβης

272 1681 381 1762 μέτρον
416 1679 530 1748 ἵκοντο·
566 1681 642 1748 άλλ’
678 1681 783 1748 ὄλεσεν
818 1684 890 1755 Διὸς
922 1682 1004 1758 uide,
1039 1674 1070 1745 ir
1102 1680 1230 1759 ἠΰκομος
1264 1680 1336 1746 τέιιε
1362 1681 1465 1755 Λητώ.

273 1790 442 1856 Servatum
475 1793 522 1856 est
550 1789 591 1859 ed
621 1789 679 1854 hos
707 1811 849 1864 versum·
869 1789 907 1854 de
939 1789 1055 1874 quibus
1079 1791 1177 1854 etiam
1202 1789 1305 1854 oritioi
1329 1785 1467 1852 Alexan·

270 1896 355 1962 drini
386 1897 632 1981 dubitaverunt,
663 1896 804 1964 scholion
837 1897 959 1962 λιιτιιιὸν
990 1899 1023 1962 in
1055 1895 1131 1976 HQ,
1156 1895 1282 1961 etiamsi
1306 1913 1367 1962 non
1390 1894 1466 1960 Por·

271 2003 380 2091 phyrii
415 2009 500 2070 oerte
531 2025 570 2068 ex
600 2023 637 2070 eo
667 2003 865 2070 derivatum:
898 2001 969 2069 είτοι
999 2005 1061 2074 πῶς
1095 2006 1126 2068 οὐ
1160 2001 1289 2082 ληρῶδες
1313 1999 1466 2082 διστάζειν

271 2109 347 2182 ὅλοις
378 2112 434 2182 είς
467 2116 555 2177 τοῦτο
576 2111 636 2177 ,τδν
668 2112 812 2188 ποιητήν,
844 2109 920 2176 ἀλλ’
946 2109 1038 2176 έσιιιεν
1063 2111 1077 2174 ί
1102 2111 1226 2184 ποιητὴς
1251 2109 1293 2173 τά
1323 2107 1466 2173 roduam

271 2227 336 2290 τοῖς
369 2217 532 2290 άδυνάτοις
561 2216 749 2292 συμπλέκων
782 2219 932 2297 ἀναιρέσει
963 2218 1127 2300 άνοιγκοιίοι
1158 2218 1301 2280 τοσοῦτον
1332 2211 1479 2312 άνοιιρεῑνι

272 2327 324 2392 real
361 2325 395 2390 τδ
432 2330 565 2406 πρῶτον,
600 2322 700 2406 ὥσπερ
734 2326 758 2390 εί
795 2324 936 2402 λέγοις
967 2321 1013 2388 ire
1048 2322 1280 2397 έτετάσίιισοιν·
1306 2319 1464 2399 πτέρυγος

271 2429 332 2514 άροι
357 2427 461 2516 εἶχον·
485 2432 574 2497 άλλά
598 2433 658 2508 μὴν
683 2431 843 2511 τσέρυγοιο
867 2432 921 2495 oris
941 2429 1051 2512 ἔσχον·
1071 2431 1137 2494 ὀὐκ
1157 2426 1217 2507 άιοι
1240 2412 1464 2502 έτετάσάιισοιν.

272 2535 366 2611 οὕτως
398 2534 448 2604 οὖν
481 2539 533 2602 nal
568 2542 618 2602 νῦν
641 2539 880 2615 συνελογίσαντο,
907 2535 1090 2611 έξετέλεσοιν
1114 2535 1152 2600 άν
1177 2536 1202 2600 εί
1229 2531 1360 2612 ἔβησσον.
1387 2534 1460 2599 άλλ’

272 2644 370 2727 ὥσπερ
401 2645 695 2723 άδιίνοιτονιξβιῖσιιι
718 2645 788 2717 τοὺς
809 2645 999 2724 θεομάχοος,
1024 2641 1099 2708 οὕτω
1124 2642 1177 2708 eol
1203 2643 1237 2708 τὸ
1261 2641 1388 2706 τελέσει
1413 2640 1463 2705 σὸν

271 2757 403 2818 τοιοῦτον
437 2750 583 2829 πόλεμον.
631 2751 667 2818 In
698 2753 748 2817 his
779 2753 920 2837 primum
952 2749 1100 2836 displicet
1128 2747 1282 2831 διστάζειν
1313 2749 1465 2832 stupro

271 2881 333 2948 quo
364 2881 426 2926 non
457 2859 569 2925 dubito
600 2862 676 2945 quin
707 2863 818 2924 auotor
841 2859 983 2943 quisquis
1006 2860 1050 2924 sit
1073 2856 1212 2924 dederit:
1238 2852 1391 2935 διστάζειν
1416 2848 1463 2918 de.

272 2966 362 3045 περὶ
385 2971 476 3032 τοῦτο
499 2967 550 3030 τὸν
573 2965 709 3040 τοινσιίν.
758 2963 877 3030 Deinde
901 2964 973 3030 luoe
996 2964 1113 3030 olarinu
1137 2969 1185 3028 ert
1208 2962 1343 3028 eundern
1366 2963 1463 3045 serip-

271 3077 348 3141 sisse
382 3092 443 3138 non
476 3070 575 3151 ὥσπερ
607 3073 633 3136 εί
664 3071 788 3151 λέγοις.
820 3071 967 3158 -qoud
997 3073 1031 3136 in
1050 3069 1095 3136 -H
1125 3076 1190 3154 est,
1223 3089 1296 3136 oum
1321 3067 1348 3148 Q
1373 3067 1463 3143 λέγει

271 3181 404 3258 habeat,
429 3219 472 3230 -
496 3179 551 3246 sed
583 3175 681 3260 cium
712 3180 738 3244 εί
771 3179 907 3257 λέγοι,
933 3199 1048 3262 nempe
1072 3177 1085 3241 i
1111 3175 1248 3248 τοιντιίς.
1293 3173 1462 3250 Similiter.

270 3290 348 3355 lioet
369 3309 431 3354 non
455 3288 495 3353 ab
517 3289 606 3352 omni
628 3291 717 3372 parte
739 3286 826 3351 idem
848 3288 909 3369 sit,
931 3286 1050 3350 dieitur
1066 3281 1162 3370 poulo
1182 3282 1265 3348 infra
1287 3281 1327 3348 od
1345 3295 1365 3345 λ
1380 3277 1463 3346 613:

271 3398 310 3467 ὤς
334 3395 363 3461 εί
385 3418 431 3466 τις
456 3392 561 3473 λέγοι,
585 3388 641 3458 olor
667 3390 789 3463 Φειδίας
813 3391 936 3466 έτοίεισε
961 3394 1013 3456 τὸν
1037 3391 1114 3466 Δίοι,
1135 3393 1251 3454 τοιοῦτο
1270 3387 1352 3452 οὐδέν
1373 3384 1462 3451 ἄλλο.

273 3501 371 3589 (BV),
390 3523 452 3588 qno
472 3506 504 3567 et
521 3501 590 3586 ipso
611 3499 680 3566 loeo
701 3499 823 3565 oodioes
846 3501 965 3584 partim
989 3497 1076 3574 λέγει
1100 3496 1261 3582 praebent.
1297 3493 1464 3560 Praeterea

271 3609 517 3698 insyllogistice
530 3609 805 3697 argumentatione
819 3607 966 3692 equidem
981 3604 1091 3670 malim
1106 3603 1210 3689 priore
1222 3599 1282 3682 άριι
1296 3604 1463 3686 expuncto:

271 3711 317 3782 άτι
350 3714 565 3790 έτετάσίησοιν
598 3713 670 3798 (dr)
701 3713 860 3793 ττέριιγιιι
893 3713 939 3797 (ει

271 3824 325 3888 οὐκ
360 3821 471 3904 ἔσχον·
504 3823 557 3886 οὐκ
588 3819 648 3899 άοοι
681 3818 907 3894 έσεσάσίνσοιν.
956 3819 998 3884 Et
1030 3837 1086 3884 nos
1115 3817 1149 3882 in
1172 3817 1333 3902 proprium
1357 3813 1463 3880 sedem

271 3928 471 4005 revolemus,
497 3927 665 4014 adipsum
689 3926 908 4015 Porphyrium
931 3929 1145 4013 properantes.
1261 3907 1265 3920 ⁸

318 4167 351 4222 ε,
376 4139 452 4209 182.
477 4141 580 4210 Verba
603 4140 760 4229 Calypsus
784 4140 824 4207 ed
847 4139 995 4206 Ulixem:
1023 4133 1098 4212 ἦδίι
1123 4133 1247 4216 άλιτρίς
1268 4135 1303 4213 γ’
1322 4131 1386 4198 ἐσσί
1409 4133 1462 4199 eol

271 4252 325 4316 οὐκ
356 4249 524 4330 aetorum
557 4249 639 4322 είδιίι
670 4248 849 4335 Porphyrio
875 4267 984 4313 ansam
1009 4245 1222 4331 praebuerunt
1244 4241 1401 4330 longiori,
1428 4253 1464 4308 ut

273 4357 341 4424 aine
371 4356 563 4424 consuetudo
590 4355 667 4433 fert,
692 4354 913 4440 disputationi,
942 4373 1036 4438 quem
1061 4370 1143 4416 onus
1166 4347 1193 4413 ¹1¹
1217 4348 1281 4414 fers
1303 4350 1464 4436 integrum

272 4465 428 4544 servavit,
460 4462 592 4530 caeteris
623 4459 766 4548 (nHPQ)
805 4465 952 4548 excerpta
983 4463 1111 4526 tontum
1140 4454 1377 4542 praebentibus.
1427 4455 1464 4523 ln
