3242 5140
851 303 917 374 394

288 501 362 562 eunt
385 495 528 575 mendis,
553 501 590 562 ut
614 495 803 582 plerumque
824 503 886 574 est,
914 497 1027 562 obsite.
1068 494 1214 562 Correxit
1232 498 1301 562 ism
1321 493 1479 564 Preiierue

288 609 406 670 αὑτοῦ
440 611 473 671 et
505 603 703 688 ἐπιθέσεως,
735 626 810 670 oum
834 607 868 668 in
892 606 998 670 codiee
1020 607 1063 678 sit
1084 605 1236 684 σωτηρίας
1261 605 1337 685 παρ’
1363 606 1478 670 αὐτὸν

287 710 449 788 πείέεοίαι
484 719 516 778 et
550 717 656 778 πάσαν
689 712 876 784 ὑποθέσεως
908 710 1050 776 ὑπόνοιαν
1082 715 1178 798 (App.
1204 735 1234 797 p.
1262 710 1359 798 778),
1385 715 1478 778 inter·

287 823 492 906 punctionem
512 839 644 905 pravam
664 839 858 904 pravamque
877 822 910 884 in
931 819 1026 884 verbo
1043 819 1207 893 ἒνίσπησιν
1228 826 1261 886 et
1283 818 1477 899 ἐπελπίζειν

288 929 551 1012 praepositionem
585 947 669 991 nono
700 929 768 1011 ipse
801 926 993 1009 emendabo,
1025 928 1120 990 utin
1144 933 1307 1012 posterum
1331 927 1476 1013 legatur:

289 1034 474 1111 ἀξιοπίστως
497 1034 738 1107 συνίστησιν
764 1032 871 1096 ἑαυτὸν
895 1033 944 1096 ἐπὶ
969 1041 1008 1114 τῇ
1029 1031 1154 1110 πρόσθεν
1173 1033 1369 1117 εὐδαιμονίᾳ,
1389 1057 1478 1112 προσ-

290 1139 464 1220 ποιούμενος
489 1139 550 1204 ἔπι
575 1139 709 1220 ἐλπίζειν
733 1134 882 1220 σωτηρίας
907 1139 980 1218 παρ’
1003 1140 1098 1204 αὐτοῦ
1122 1140 1284 1238 τεύξεσθαι
1307 1156 1380 1205 κτλ.

332 1355 376 1420 itit
411 1355 456 1420 sio
490 1355 531 1419 ad
565 1375 685 1419 nonum
722 1353 842 1418 librom
878 1355 1097 1439 pervenimus,
1134 1355 1174 1420 ed
1204 1375 1300 1439 quem
1331 1355 1479 1439 inprimis

287 1463 391 1528 multa
425 1467 502 1528 sunt
533 1460 653 1527 scholio
678 1461 712 1526 in
736 1481 799 1526 uno
822 1459 1062 1548 Hsmbnrgensi
1085 1469 1226 1538 servate,
1250 1467 1283 1526 et
1305 1461 1479 1526 mendosis·

288 1571 388 1654 sime,
410 1607 452 1616 -
478 1573 515 1632 ut
538 1589 622 1632 nuno
645 1570 729 1632 inter
755 1587 864 1633 omnes
888 1573 1027 1643 constet,
1049 1606 1091 1616 -
1105 1570 1221 1652 scripto
1244 1568 1350 1634 codiee
1373 1573 1406 1632 et
1428 1567 1479 1632 rel

289 1677 472 1742 mendosius
493 1675 588 1740 edito.
624 1674 745 1740 Bonam
770 1679 893 1760 portem
913 1694 1053 1738 errorum
1076 1681 1107 1738 st
1126 1674 1328 1750 loounsrum,
1343 1679 1479 1759 suntque

287 1785 320 1848 in
345 1783 396 1846 his
419 1802 533 1868 graves
555 1781 748 1864 admodum,
772 1783 838 1846 ism
862 1782 893 1843 in
919 1779 1290 1846 Observationibosoiim
1303 1779 1477 1845 tollendam

288 1895 320 1954 et
343 1888 538 1954 sarciendam
567 1890 736 1973 proposui,
761 1889 794 1951 in
819 1888 966 1952 omnibus
989 1888 1071 1963 sere,
1097 1888 1158 1951 nisi
1183 1889 1239 1951 obi
1261 1886 1377 1952 melius
1402 1886 1478 1969 quid

286 1999 446 2081 insperato
476 2017 515 2061 ex
537 1996 687 2080 peritiore
711 1993 828 2059 oodiois
851 1992 1021 2058 collatione
1044 1993 1176 2078 prodiit,
1202 1999 1342 2058 veterem
1366 1995 1477 2058 etism·

286 2125 370 2168 nuno
405 2121 534 2168 serrone
570 2103 769 2166 sententium.
819 2099 906 2179 Quae
939 2106 1010 2184 post
1039 2099 1282 2165 Observationes
1314 2102 1347 2164 in
1372 2099 1475 2164 luoem

287 2209 388 2277 editas
411 2211 547 2294 reperire
571 2207 653 2272 mihi
672 2209 826 2294 contigit,
849 2227 885 2271 es
905 2211 937 2271 et
957 2225 1051 2292 supro
1071 2209 1206 2291 osrptim
1227 2208 1323 2292 attigi
1342 2212 1376 2270 et
1393 2227 1477 2270 nuno

287 2318 395 2382 ordine
420 2315 595 2382 recensebo.
631 2311 633 2324 '

332 2450 358 2508 ι,
384 2423 412 2487 2.
511 2421 650 2486 Ἀλκίνοε
675 2429 783 2498 κρεῖον,
808 2419 931 2482 πάνπων
955 2419 1123 2498 ἀριδείκετε
1147 2425 1239 2482 λαῶν.

285 2531 335 2596 Ad
367 2532 444 2596 haee
475 2528 557 2606 HQ:
582 2527 633 2590 πδν
657 2525 818 2605 εὐεργέτην
843 2526 981 2590 ἐπαινεῖ·
1003 2525 1159 2604 σύμφορον
1184 2525 1247 2603 γάρ
1271 2527 1312 2606 τῷ
1337 2525 1475 2606 δεομένῳ.

285 2639 319 2702 τὸ
346 2640 402 2714 μὲν
426 2638 461 2708 δίη
486 2643 580 2713 κρεῖον
600 2642 654 2708 τῆς
677 2633 846 2710 βασιλείας
867 2632 1005 2708 ἔπαινος,
1025 2635 1060 2698 πδ
1079 2632 1111 2696 δὲ
1130 2631 1297 2711 ἀριδείκετε
1318 2637 1371 2696 ποῦ
1392 2634 1476 2696 καπά

289 2747 408 2824 μορφὴν
433 2740 619 2818 ἀξιώματος.
659 2740 759 2825 (Quae
783 2746 959 2824 sequuntur
983 2740 1149 2804 emendavi
1175 2759 1204 2824 p.
1231 2738 1323 2819 284).
1356 2739 1476 2804 Eisdem

287 2855 362 2916 sunt
397 2852 430 2913 in
463 2847 489 2911 Τ
521 2848 575 2912 sed
608 2848 768 2912 uberiora:
803 2843 874 2922 ἀρια
905 2847 962 2920 μὲν
987 2846 1084 2932 [καὶ]
1111 2849 1149 2916 ἀς
1174 2847 1336 2925 εὐεργέτην
1360 2847 1480 2910 ἐπαινεῖ

286 2957 442 3034 σύμφορον
466 2957 508 3033 τῷ
533 2953 679 3032 δεομένῳ,
705 2951 776 3028 ἅμα
801 2953 832 3016 δὲ
857 2951 1172 3032 καπασποχαζόμενος
1197 2961 1252 3025 τῆς
1278 2953 1477 3032 προαιρέσεως

285 3068 338 3128 ποῦ
369 3063 543 3139 βασιλέως·
578 3059 672 3131 αὐτὸς
696 3060 758 3137 γάρ
788 3058 826 3123 ἀν
851 3056 883 3133 ἦν
908 3068 962 3132 τῆς
987 3067 1114 3135 πομπῆς
1141 3060 1316 3136 ἡγούμενος.
1344 3059 1404 3124 ἔδει
1423 3056 1475 3124 οὖν

285 3172 338 3243 την
371 3168 540 3247 βασιλείαν
571 3167 622 3230 καί
653 3169 707 3237 την
741 3170 794 3229 τοῦ
827 3165 969 3242 σώματος
996 3166 1149 3245 ὑπεροχὴν
1172 3167 1256 3244 αὐτῷ
1280 3175 1476 3246 μαρτυρῆσαι

285 3279 358 3356 ὑπὲρ
384 3281 436 3340 τοῦ
462 3274 773 3353 εὐφραίνεσθαι.
815 3272 994 3337 Delendum
1021 3272 1072 3334 καί
1097 3293 1136 3336 ex
1159 3274 1360 3356 apertissime
1380 3271 1489 3337 ditto'

286 3384 421 3472 graphio
451 3388 583 3458 natum,
610 3380 663 3445 sed
687 3386 849 3464 praetereo
873 3385 905 3443 et
929 3379 1170 3466 corrigendum:
1195 3381 1267 3442 αὐτ.
1290 3403 1326 3456 γ.
1353 3379 1474 3452 ἀνείη

287 3505 318 3556 et
338 3501 516 3555 extremum
541 3488 674 3552 verbum
696 3487 897 3552 emendatum
918 3489 1052 3570 oportet.
1083 3483 1147 3550 Hic
1167 3507 1242 3550 vero
1261 3487 1358 3551 codex
1378 3508 1475 3571 qusn-

286 3598 409 3662 tumvis
431 3615 548 3681 prorue
572 3593 683 3677 ouipoe
703 3595 824 3669 insons,
841 3613 912 3655 oum
934 3591 1150 3670 εὐφραίνεσίαι
1167 3613 1204 3656 ex
1224 3592 1357 3656 Preiieri
1376 3617 1475 3672 παρα-

286 3704 459 3784 διορίώοεας
485 3705 537 3766 sit.
575 3700 610 3764 lo
636 3701 743 3765 oodioe
766 3701 918 3782 seriptum
941 3704 989 3762 est
1007 3699 1230 3776 εὐφρᾶναι,
1252 3699 1334 3783 qood
1359 3707 1407 3764 est
1427 3719 1475 3764 se·

282 3815 466 3877 nissimum.
503 3808 629 3872 Etenim
655 3805 766 3870 ¹Ulirres
786 3805 910 3870 Alcinoi
932 3809 1121 3889 potestatem
1142 3810 1173 3868 et
1191 3805 1475 3888 corporisformsm

287 3917 467 4004 praedicare
490 3921 523 3979 et
546 3913 697 3978 extollere
721 3912 870 3988 debebat,
890 3932 953 3976 noo
973 3918 1011 3976 ut
1030 3933 1063 3976 se
1082 3912 1136 3976 ssd
1157 3916 1194 3975 ut
1212 3931 1329 3994 regem,
1354 3915 1474 3997 opinor,

284 4023 492 4094 exhilersret,
521 4039 657 4103 eumque
682 4021 727 4083 sio
751 4017 924 4104 benignum
951 4017 1013 4082 sibi
1037 4017 1191 4083 redderet.

330 4259 357 4312 ι,
385 4235 416 4298 6.
512 4235 560 4298 Οὐ
582 4231 647 4311 γὰρ
671 4229 774 4308 ἔγωγέ
798 4231 830 4294 τί
852 4237 936 4312 φημι
959 4231 1047 4304 σε’λος
1072 4231 1267 4311 χαριέστερον
1291 4228 1369 4296 εἶναι

510 4339 525 4413 ἢ
553 4335 596 4401 ἀπ’
622 4339 790 4417 ε’ϋφροσύνη
816 4337 872 4414 μὲν
896 4337 955 4418 ἔχη
979 4340 1063 4404 καίτοι
1088 4340 1181 4416 δῆμον
1204 4337 1361 4425 ἅπαντα,-

513 4441 692 4520 δαιπνροίνες
719 4445 745 4510 δ’
771 4444 833 4508 ἀνά
858 4445 977 4521 δώματ’
1000 4445 1211 4526 ἀκουάζωνται
1239 4447 1349 4510 ἀοιδοῦ.
1417 4531 1429 4562 ⁰
