3318 5138
756 357 819 434 155

189 551 280 642 plane
298 557 382 622 idem
404 557 488 642 quod
508 555 615 630 νίμνίον
635 555 719 640 apud
736 554 911 620 Homerum
924 557 1096 622 secundum
1110 559 1246 642 optimos
1260 560 1382 624 veteres

187 666 374 749 interpretes
404 660 579 750 significat,
613 662 708 744 idque
737 661 788 726 vel
822 683 860 726 ex
891 683 955 727 uno
986 664 1206 749 Aristophanis
1235 663 1303 730 loco
1335 665 1382 741 (in

189 767 532 854 Thesmophoriarusis,
558 789 605 835 rs.
619 767 811 854 aot-aso)
833 769 1023 854 scholiisque
1043 771 1082 835 ad
1101 771 1133 834 h.
1147 769 1170 834 l.
1190 769 1322 856 planum
1336 767 1381 833 fic,

186 875 407 942 Nihilominus
429 883 533 941 tumen
552 875 650 940 fuisse
674 875 826 959 arbitror,
853 875 908 960 qui
935 875 1149 964 etymologiae
1176 897 1251 942 suae
1275 875 1382 941 studio

187 982 311 1066 abrepti
343 988 375 1048 et
405 980 576 1046 Homerico
608 981 714 1058 οὶμνίον
747 987 778 1044 et
803 979 914 1047 Attico
934 989 1089 1063 σφαγεῖον
1114 981 1382 1070 significationem

186 1088 305 1152 caltelbi
335 1094 444 1154 contra
479 1088 668 1152 sententiam
704 1107 760 1172 per
794 1089 864 1153 aim
894 1088 1109 1156 obtruderent.
1145 1087 1284 1154 Obscura
1320 1089 1381 1153 hoc

187 1191 407 1280 significatum
438 1199 486 1258 est
514 1196 548 1258 in
581 1194 687 1260 uerbis
716 1191 1004 1279 Epimerismorum
1035 1217 1115 1281 quae
1147 1217 1241 1282 supra
1272 1193 1380 1260 attuli·

187 1320 278 1377 mus,
299 1299 426 1366 disertis
451 1300 558 1366 verbis
581 1300 615 1365 in
641 1299 685 1365 E:
710 1298 835 1365 ἄλλοι
858 1301 898 1366 ii
922 1303 1064 1382 μικρὸν
1088 1301 1380 1385 μαχαιρίδων,
1425 1279 1432 1299 ’

187 1399 202 1470 ὃ
234 1408 302 1471 aei
326 1407 507 1487 σφάγιον
532 1411 729 1472 καλοῦσιν
753 1404 784 1472 oi
809 1408 999 1474 Ἀττικοί.
1046 1408 1121 1475 Ηιιιι
1144 1430 1269 1495 quoque
1291 1413 1380 1473 retu-

186 1513 282 1578 lerim
302 1511 459 1600 Hesychii
482 1512 564 1578 illud
588 1534 611 1578 s.
626 1535 656 1579 v.
678 1513 800 1590 οὶμνίονε
825 1515 876 1578 τὸν
901 1514 1028 1591 dalea
1052 1522 1105 1580 τοῦ
1126 1515 1278 1599 οοίμοοτος,
1298 1513 1382 1599 quod

187 1621 244 1705 qui
273 1622 308 1684 in
339 1620 374 1684 ri
405 1621 536 1698 ἀγγεῖον
567 1624 620 1684 τοῦ
651 1616 785 1696 elucere
809 1621 1000 1686 mutandum
1025 1629 1274 1708 proposuerunt,
1299 1627 1382 1687 certe

186 1747 251 1792 non
275 1726 469 1792 dubitabunt
491 1726 620 1812 quidvis
644 1747 683 1792 ex
706 1729 820 1812 quovis
843 1727 1002 1816 effingere.
1048 1729 1206 1814 Equidem
1229 1729 1382 1816 legerim:

186 1837 311 1914 οἶμνίονι
336 1833 387 1898 τὸν
411 1839 599 1910 λυμεῶνα
623 1837 677 1898 τοῦ
701 1830 847 1910 οιίμοοτος.

234 2070 278 2129 7,
302 2044 380 2112 453.
403 2044 440 2110 In
463 2041 614 2109 sacrificio
637 2042 782 2110 Nestoris

236 2154 260 2218 oi
273 2155 329 2228 μὲν
343 2150 439 2216 ἔπειτ’
452 2150 612 2222 ἀνελόντες
625 2151 754 2234 (bovem
772 2155 964 2239 mactatum)
976 2154 1039 2218 ἀπὸ
1050 2153 1158 2235 χθονὸς
1171 2152 1335 2233 εὐρυοδείης

234 2256 343 2337 ἔσχον·
367 2260 449 2338 drap
472 2255 594 2339 σφάξεν
619 2257 857 2338 Πεισίστρατος,
881 2257 1020 2341 ὅρχοομος
1045 2260 1165 2340 deicola.

187 2364 376 2446 Quaeritur:
412 2365 463 2432 διὰ
499 2367 531 2429 τί
563 2364 626 2450 (διὰ
658 2363 701 2430 τί
718 2355 823 2450 flod.)
852 2367 957 2446 μικρὸν
986 2368 1075 2446 μέρος
1105 2375 1161 2442 τῆς
1194 2372 1254 2444 γῆς
1287 2371 1382 2446 φησιν

189 2473 282 2550 „eled
316 2474 423 2554 χθονὸς
459 2470 661 2552 εὐρυοδείης”;
698 2473 766 2536 οὐκ
801 2471 848 2537 ἂν
882 2476 936 2547 τὴν
973 2470 1046 2548 ὅλην
1084 2483 1144 2552 γῆν
1184 2475 1299 2553 λέγοι
1335 2473 1383 2537 εὖ·

187 2579 336 2659 porteto,
369 2578 457 2643 dead
488 2581 523 2642 ri
556 2577 647 2643 κοινὸν
679 2585 734 2651 τῆς
765 2587 825 2657 γῆς
861 2578 955 2656 ὄνομα
988 2583 1112 2657 μᾶλλον
1143 2580 1210 2644 acl
1247 2579 1383 2644 irriderer

187 2684 331 2766 χαρίζει
367 2687 410 2766 τῷ
441 2685 536 2765 μικρῷ
569 2687 665 2760 αὐτῆς
699 2685 793 2764 μέρει.
826 2683 891 2770 (Ε.)
922 2685 1079 2772 Descripsi
1110 2683 1246 2774 fideliter
1275 2685 1383 2752 locum

187 2801 283 2878 prout
312 2795 346 2856 in
377 2791 533 2857 Dindcrfii
564 2792 702 2858 editione
726 2794 813 2878 typis
836 2801 983 2858 exaratus
1006 2792 1145 2880 legitur,
1169 2813 1209 2858 ne
1233 2797 1304 2878 quis
1328 2815 1384 2859 ex·

188 2901 311 2963 istimet
342 2935 383 2947 -
417 2897 501 2982 quod
532 2899 616 2962 inter
646 2898 886 2963 describendum
919 2901 985 2984 ipse
1016 2920 1113 2984 paene
1149 2900 1315 2965 credebam
1339 2937 1381 2950 -

188 3025 244 3070 me
266 3003 373 3071 locum
387 3004 435 3069 ‘de
457 3003 616 3068 industris
638 3024 734 3089 prave
758 3005 952 3090 describere,
975 3026 1037 3091 quo
1057 3005 1184 3071 facilem
1205 3027 1384 3092 promerem

189 3112 455 3178 emendationem.
503 3109 583 3176 'Pam
608 3110 744 3176 absurda
767 3113 854 3176 enim
877 3111 955 3176 haec
980 3115 1087 3177 omnia
1111 3120 1204 3197 sunt,
1228 3120 1266 3177 ut
1289 3110 1385 3178 tidem

188 3239 361 3304 exuperare
392 3218 498 3294 dicas,
525 3217 604 3283 talia
627 3217 793 3302 utriusque
816 3217 946 3283 editoris
969 3221 1072 3286 eciem
1095 3219 1255 3286 fefellisse.
1281 3215 1386 3299 Quid:

186 3327 241 3390 οὐκ
271 3325 309 3393 ἂν
334 3325 403 3398 τὴν
425 3319 521 3399 ὅλην
544 3330 620 3402 γῆν
644 3320 944 3403 λέγοιεύρυοδείννί
969 3324 1011 3388 ut
1034 3329 1197 3410 quaeritur
1221 3347 1278 3391 cur
1300 3348 1384 3391 nunc

186 3435 331 3512 μικρὸν
359 3431 477 3510 μέρος
510 3437 565 3503 τῆς
598 3439 657 3509 γῆς
682 3434 730 3495 ita
760 3427 903 3495 audiatl·
922 3429 1034 3517 Itaque
1058 3437 1162 3498 totum
1187 3433 1295 3498 orbem
1324 3437 1386 3498 ter·

184 3559 295 3604 rarum
329 3543 422 3623 polita
450 3557 513 3602 non
543 3539 590 3602 its
620 3535 846 3623 appellaverit,
879 3557 981 3623 neque
1011 3540 1116 3624 magis
1140 3541 1292 3626 exiguam
1317 3539 1385 3604 eius

185 3649 329 3731 partem:
365 3643 443 3729 quid
478 3645 580 3731 igitur
610 3645 657 3708 ita
688 3639 923 3728 appellabitur?
953 3641 1015 3708 Sed
1044 3631 1115 3710 ecce
1146 3647 1264 3711 iterum
1297 3645 1384 3710 idern

186 3751 350 3837 epitheton
386 3751 505 3816 dicitur
537 3751 572 3814 τὸ
607 3748 738 3814 κοινὸν
774 3759 843 3824 τῆς
875 3756 953 3826 γῆς
983 3747 1120 3825 ὄνομα.
1168 3749 1252 3830 Quid
1283 3753 1387 3838 igitur

187 3855 386 3924 statuemus?
410 3857 496 3922 Fieri
519 3859 606 3922 enim
630 3859 761 3941 nequit,
785 3862 823 3920 ut
846 3856 933 3922 idem
956 3855 1150 3923 vocabulum
1174 3860 1273 3923 totins
1302 3858 1388 3923 orbis

187 3973 347 4030 terrarum
371 3967 534 4050 proprium
561 3963 724 4049 epitheton
748 3962 846 4028 simul
869 3965 912 4028 sit
934 3969 967 4028 et
989 3984 1052 4029 non
1075 3966 1128 4029 sit.
1161 3963 1222 4030 Sed
1246 3963 1389 4030 nondum

187 4093 300 4139 omues
323 4070 485 4136 molestias
509 4069 756 4136 exantlavimus.
793 4069 881 4149 Quae
904 4078 952 4135 est
975 4071 1053 4136 haec
1076 4069 1129 4136 ael
1152 4071 1186 4134 in
1211 4069 1389 4160 Scholiasta

187 4189 220 4246 et
252 4182 286 4244 iu
311 4198 497 4263 unoquoque
521 4197 615 4242 senae
638 4175 755 4241 mentis
779 4175 908 4240 homine
938 4177 1101 4241 scabritias
1129 4178 1388 4242 constructionis:

185 4290 223 4352 τὸ
246 4286 339 4351 κοινὸν
363 4292 417 4358 τῆς
438 4292 499 4362 γῆς
519 4283 613 4360 ὄνομα
633 4285 756 4358 μᾶλλον
777 4283 828 4345 axi
850 4283 986 4347 irriderer
1005 4279 1150 4362 χορίζειί
1174 4281 1267 4348 Nihil
1279 4290 1388 4349 tamen

188 4401 238 4460 est
257 4391 384 4458 facilius
404 4411 501 4477 quam
521 4412 560 4456 ex
584 4389 635 4454 his
658 4388 806 4456 omnibus
830 4388 988 4456 molestiis
1012 4410 1175 4476 emergere
1198 4409 1389 4476 sensumque

188 4501 384 4588 quaestionis
406 4519 469 4564 ncn
492 4497 667 4564 admodum
688 4495 856 4582 perplexae
880 4498 1057 4562 restituere.
1107 4495 1312 4588 Lugendum:
1337 4497 1388 4566 tra
