3330 5144
739 347 806 423 213

170 541 311 624 όνηρόθη·
345 545 359 610 ό
393 545 426 613 tr
458 543 534 628 δόλῳ
557 549 727 624 μετελθεῖν.
751 547 871 613 Eadem
896 553 970 614 sunt
993 547 1088 635 paulo
1114 549 1242 618 brevius
1263 551 1297 612 in
1320 542 1364 627 It,

167 669 294 735 prorsus
318 651 428 718 eadem
451 655 486 718 in
509 653 587 739 HQ,
613 674 687 720 casn
712 653 848 738 quodam
871 654 1031 721 nonnullis
1056 655 1199 735 omissis,
1228 676 1308 740 quae
1330 653 1364 718 H

168 757 203 820 in
226 760 371 846 margine
395 759 575 846 supplevit,
599 767 760 826 caeterum
785 761 907 826 duobus
926 762 1090 829 vocabulis
1108 765 1261 840 auctiora,
1285 781 1366 847 quae

168 863 286 928 iterum
310 865 418 943 μακροὶ
440 867 563 948 χαόρειν
587 867 729 944 ἑθσομεν.
776 867 900 952 Nempe
923 867 958 931 hi
982 869 1103 936 codices
1127 869 1204 935 haee
1229 869 1364 935 babent:

170 1001 191 1016 -
203 1003 224 1018 -
237 972 323 1048 παρόι
347 969 456 1037 πόντον
475 974 547 1060 (sic)
561 1007 582 1024 -
594 1005 615 1022 -
628 977 714 1038 -τοῦ
737 973 795 1051 μὲν
818 973 990 1046 Ὀδυσσέως
1013 975 1133 1041 σθνεσιν
1156 977 1363 1051 ἐπαινοῦντος,

168 1080 222 1141 τοῦ
259 1075 290 1141 δί
324 1079 499 1158 Ἀχιλλέως
533 1081 689 1164 οὶνδρεόαν,
714 1079 729 1144 ό
752 1080 810 1159 μὲν
834 1081 1006 1162 Ἀχιλλεὺς
1031 1082 1195 1165 βιάζεσθαι
1219 1085 1362 1166 παρῄνει,

169 1183 222 1246 καὶ
258 1184 400 1264 οἰνηρέθη,
436 1187 450 1250 ό
482 1187 514 1252 δὲ
546 1185 715 1259 Ὀδυσσεὺς
740 1185 816 1267 δόλῳ
839 1190 984 1263 μετῆλθε.
1017 1190 1085 1275 [τόν
1108 1189 1364 1272 Ἀγαμέμνονα]

168 1289 390 1358 Necessarium
426 1301 473 1359 sat
503 1297 682 1379 μετελθεῖν,
712 1313 775 1359 non
806 1293 892 1358 enim
923 1293 961 1360 de
985 1302 1102 1362 eventu
1125 1319 1209 1363 nnnc
1233 1299 1363 1384 agitur,

168 1398 223 1462 sed
255 1396 293 1463 de
323 1399 464 1465 oonsilio.
512 1401 573 1466 Sed
604 1401 681 1486 qnid
704 1400 862 1466 emblema
886 1399 964 1485 erit,
990 1404 1017 1467 si
1040 1403 1100 1469 hoc
1121 1424 1184 1469 non
1208 1401 1364 1488 estquod

168 1503 317 1570 cancellis
347 1504 563 1573 circumdedit
587 1503 690 1588 Quid?
715 1505 867 1572 Ulixesne
890 1514 947 1572 ant
972 1511 1072 1575 suasit
1096 1509 1163 1574 τόν
1188 1509 1361 1588 ’Areat-

168 1633 296 1689 μνονα
328 1611 404 1694 δόλῳ
435 1616 614 1699 μετελθεῖν,
646 1621 702 1679 aut
729 1609 826 1679 iecit?
849 1613 954 1680 Immo
977 1616 1032 1691 τδρν
1054 1618 1184 1698 Τροίαν,
1209 1616 1293 1702 qnod
1317 1615 1363 1680 di·

168 1725 251 1783 serte
286 1719 414 1784 additur
443 1723 478 1786 in
508 1719 572 1786 alio
599 1719 720 1786 scholio
752 1719 804 1808 (ex
835 1718 905 1806 Bu)
938 1721 1081 1788 eiusdem
1111 1725 1285 1790 sentcntiae
1308 1721 1363 1788 sed

168 1824 275 1890 verbis
306 1826 500 1913 disparibus,
526 1827 696 1913 quodiam
719 1829 753 1891 in
776 1828 993 1912 superioribus
1020 1829 1062 1916 (p.
1089 1827 1145 1917 47)
1175 1831 1362 1918 tetigimus:

167 1929 219 1995 ael
251 1931 266 1996 ό
297 1933 353 2009 μὲν
376 1934 551 2014 Ἀχιλλεὺς
575 1933 669 2013 ἔλεγε
693 1934 729 1999 δι’
753 1933 894 2013 οἰνδρεόαν
918 1933 984 2023 (ἂν)
1011 1934 1128 2001 atnam
1151 1935 1196 2000 τό
1218 1933 1361 2018 Ἴλιον,

168 2037 240 2102 όδὲ
265 2037 433 2115 ὀδνσσεὺρ
458 2041 510 2108 διθι
530 2050 677 2123 μηχανῆς
703 2039 755 2104 καὶ
780 2041 971 2125 Φρονῄσεας,
996 2043 1086 2108 cuine
1110 2063 1234 2128 qnoque
1250 2039 1362 2107 scholii

168 2149 358 2212 contractior
389 2147 490 2214 forma
514 2154 602 2215 extat
631 2148 665 2213 in
697 2146 724 2228 Q
755 2147 865 2213 eodem
895 2149 976 2213 vitio
1005 2143 1196 2216 deformata:
1223 2150 1237 2214 ό
1261 2152 1363 2226 Ἀχα-

168 2251 292 2330 μόμνιεν
327 2251 452 2338 ἔχαιρεν
476 2255 652 2322 -.--διόι
687 2256 758 2332 rto
791 2263 861 2330 τῆς
894 2255 1044 2334 Τροόας
1081 2253 1247 2322 ἕλισσεν.
1291 2251 1363 2319 τότε

168 2359 231 2440 γὰρ
266 2359 407 2442 πόπροτο
440 2361 624 2444 κρατηθῆναι
656 2359 721 2447 (δν)
753 2361 808 2433 τόρν
838 2360 951 2440 Τρεθαν
975 2358 1025 2427 ότε
1051 2364 1311 2440 Φιλονειιιῄσουσιν
1336 2361 1361 2425 cl

167 2465 296 2547 ἄριστοι.
343 2467 406 2534 Sed
435 2469 494 2536 hoo
525 2470 637 2536 obiter.
684 2467 724 2532 In
747 2466 868 2534 scholio
892 2489 931 2533 ex
954 2466 1033 2549 HQ,
1058 2469 1098 2534 ad
1121 2470 1205 2555 qnod
1228 2467 1363 2534 redeun-

169 2573 246 2639 dum
278 2580 343 2654 est,
377 2575 465 2642 dedet
488 2577 573 2655 μετόν
601 2577 656 2650 την
677 2571 819 2654 Ἕκτορος
846 2575 1017 2660 όναόρεσιν,
1046 2581 1117 2641 tum
1144 2578 1161 2652 ῄ
1185 2574 1307 2656 όνδρεόα
1331 2579 1364 2640 et

169 2683 186 2757 ἡ
206 2681 326 2750 σθνεσιο
346 2681 453 2748 locum
473 2687 697 2761 mutaverunt,
711 2681 917 2768 quamobrem
930 2681 1007 2746 haec
1020 2683 1054 2747 in
1066 2684 1212 2771 margine
1223 2686 1363 2748 correcta

168 2790 296 2873 repetiit
305 2787 471 2856 Harleieni
482 2791 595 2856 scriba.
604 2789 666 2857 Sed
678 2790 817 2855 advertit
827 2809 880 2852 me
891 2787 1039 2854 insolitus
1050 2787 1148 2864 locus,
1159 2811 1252 2874 quem
1266 2787 1363 2853 verba

167 2893 237 2959 illa:
261 2897 345 2972 μετὰ
369 2897 423 2970 την
440 2897 585 2975 Ἕκτορος
605 2895 758 2978 θιαόρεσιν
777 2915 840 2961 non
860 2898 927 2960 sinc
939 2895 1132 2962 obscuritate
1144 2896 1282 2981 quadam
1294 2913 1362 2960 aen·

167 3003 287 3066 tentiac
306 3004 340 3066 in
357 3004 506 3068 omnibus
517 3002 609 3069 libris
621 3006 790 3088 occupant,
804 3023 861 3067 nec
873 3022 926 3067 me
938 3007 1066 3067 tantum
1078 3003 1228 3069 advertit.
1252 2995 1361 3068 Scriba

168 3107 283 3173 saltem
313 3111 365 3174 cni
395 3109 541 3198 Vulgata
570 3110 721 3176 debemus
751 3103 801 3172 ότε
832 3109 967 3174 insenuit
996 3111 1042 3174 sic
1065 3108 1272 3175 collocatum:
1298 3108 1362 3173 δια-

167 3215 340 3295 λεχθόντιον
373 3215 546 3290 Ὀδυσσέως
577 3217 631 3282 καί
656 3213 851 3298 Ἀχιλλέως,
877 3220 931 3280 τοῦ
957 3216 1013 3292 μὲν
1037 3216 1086 3280 Ἃ.
1111 3217 1249 3296 οἰνδρεόοιν
1272 3216 1361 3280 ἔπιθι·

170 3326 303 3402 νοῦντος,
334 3327 388 3388 τοῦ
421 3321 452 3388 δὲ
484 3323 555 3391 Ὀδ.
589 3323 727 3409 σύνεσιν,
751 3321 837 3400 μετὰ
861 3322 916 3396 την
936 3319 1081 3402 Ἕκτορος
1105 3323 1274 3407 όναόρεσιν,
1297 3317 1362 3386 ότε

169 3428 183 3493 ό
216 3430 272 3507 μὲν
303 3428 467 3512 βιάζεσθαι
500 3433 644 3516 παρῄνει,
678 3465 698 3482 -
713 3465 733 3480 -
768 3429 782 3492 ό
815 3427 847 3492 δί
879 3429 955 3511 δόλῳ
987 3431 1157 3506 μετελθεῖν.
1182 3429 1234 3496 καὶ
1260 3425 1362 3507 Ἀχα-

170 3533 308 3613 μέμνονα
331 3573 373 3586 --
397 3543 544 3619 χαρῆναι.
588 3537 732 3622 Apparet
761 3530 813 3599 ότε
837 3538 882 3600 εἰσ
906 3535 1045 3621 positum
1069 3536 1271 3622 pessumdare
1294 3555 1362 3599 sen·

169 3626 305 3708 tentiam
324 3646 448 3709 exitum
466 3664 528 3710 non
548 3646 773 3710 invenientem.
811 3642 967 3708 Attamen
984 3642 1071 3707 idem
1093 3639 1273 3709 iraeadem
1293 3639 1363 3706 loco

168 3751 310 3835 positum
341 3751 437 3816 babet
463 3751 560 3818 codex
583 3751 611 3816 ll
632 3753 667 3816 in
690 3769 788 3837 parvo
811 3747 931 3815 scholio
955 3749 1029 3814 hinc
1053 3749 1164 3836 procul
1186 3749 1283 3814 dnbio
1306 3768 1360 3813 ex·

170 3863 294 3944 carpto,
330 3878 444 3924 verum
479 3860 525 3924 ita
556 3858 662 3924 verbis
687 3856 887 3943 compositis,
911 3860 949 3920 ut
972 3850 1023 3922 ότε
1046 3877 1109 3923 non
1131 3855 1272 3942 amplius
1294 3875 1362 3922 sen·

169 3965 288 4028 tentiae
322 3965 400 4029 bene
431 3963 597 4029 struendae
631 3964 748 4029 obstet:
782 3963 833 4028 διόι
864 3961 965 4040 λόγων
990 3962 1241 4044 ἐφιλονείκησαν,
1267 3961 1281 4026 ό
1304 3961 1362 4039 μὲν

170 4069 340 4143 Ὀδυσσεὺς
376 4070 495 4136 σύνεσιν
527 4071 674 4145 ἐπαινῶν,
708 4070 723 4135 ό
754 4069 785 4134 δί
817 4069 989 4148 Ἀχιλλεὺς
1018 4069 1176 4151 οἰνδρεόαν,
1200 4069 1286 4148 μετὰ
1308 4068 1362 4141 τίρν

169 4174 313 4258 Ἕκτορος
338 4177 510 4258 α’νοιόρεσιν,
536 4172 603 4242 dre
626 4177 640 4241 ό
665 4176 722 4264 μὲν
744 4175 909 4258 βιόζεσθαι
935 4177 1078 4258 παρῄνει,
1104 4175 1117 4240 ό
1140 4176 1172 4241 δί
1192 4175 1268 4258 δόλῳ
1288 4199 1364 4253 μετ-

172 4286 280 4350 ελθεῖν.
326 4281 411 4349 Hinc
442 4284 525 4349 mihi
557 4285 694 4369 suspicio
726 4285 860 4349 subnata
892 4287 958 4358 cst,
992 4303 1088 4369 qnam
1117 4304 1193 4350 mox
1218 4282 1364 4369 pluribus

173 4389 328 4476 exemplis
351 4393 583 4458 corroboratam
607 4391 805 4466 videbimus,
830 4392 863 4455 in
887 4410 924 4456 eo
948 4391 1072 4476 codice,
1097 4391 1180 4456 unde
1198 4391 1257 4456 hoc
1276 4389 1365 4455 acho·

174 4495 241 4562 lion
275 4496 417 4582 primum
453 4497 566 4583 fluxit,
599 4498 695 4565 verba
729 4497 814 4574 μετὰ
845 4499 900 4569 τίην
934 4494 1077 4577 Ἕκτορος
1110 4497 1262 4578 ἀναίρεσιν
1292 4515 1367 4562 casu
