<?xml version="1.0" encoding="UTF-8"?>
<!DOCTYPE html PUBLIC "-//W3C//DTD XHTML 1.0 Transitional//EN"
    "http://www.w3.org/TR/xhtml1/DTD/xhtml1-transitional.dtd">
<html xmlns="http://www.w3.org/1999/xhtml" xml:lang="en" lang="en">
 <head>
  <title>
</title>
<meta http-equiv="Content-Type" content="text/html;charset=utf-8" />
  <meta name='ocr-system' content='tesseract 3.04.00' />
  <meta name='ocr-capabilities' content='ocr_page ocr_carea ocr_par ocr_line ocrx_word'/>
</head>
<body>
  <div class='ocr_page' id='page_1' title='image "./adodysseameiusq01polagoog_0432.png"; bbox 0 0 3242 5140; ppageno 0'>
   <div class='ocr_carea' id='block_1_1' title="bbox 718 374 784 451">
    <p class='ocr_par' dir='ltr' id='par_1_1' title="bbox 718 374 784 451">
     <span class='ocr_line' id='line_1_1' title="bbox 718 374 784 451; baseline 0.091 -5"><span class='ocrx_word' id='word_1_1' title='bbox 718 374 784 451; x_wconf 67' lang='lat'><strong><em>41⁹7</em></strong></span> 
     </span>
    </p>
   </div>
   <div class='ocr_carea' id='block_1_2' title="bbox 153 565 1381 1192">
    <p class='ocr_par' dir='ltr' id='par_1_2' title="bbox 153 565 1381 1192">
     <span class='ocr_line' id='line_1_2' title="bbox 155 565 1342 654; baseline 0.003 -18"><span class='ocrx_word' id='word_1_2' title='bbox 155 565 291 638; x_wconf 88' lang='grc' dir='ltr'><strong><em>έιιίθετον</em></strong></span> <span class='ocrx_word' id='word_1_3' title='bbox 316 572 382 638; x_wconf 86' lang='grc' dir='ltr'><strong><em>έτί</em></strong></span> <span class='ocrx_word' id='word_1_4' title='bbox 413 579 479 638; x_wconf 85' lang='grc' dir='ltr'><strong><em>τοῦ</em></strong></span> <span class='ocrx_word' id='word_1_5' title='bbox 504 571 779 651; x_wconf 83' lang='grc' dir='ltr'><strong><em>κατακρίττεσθοιι</em></strong></span> <span class='ocrx_word' id='word_1_6' title='bbox 812 573 869 638; x_wconf 74' lang='lat' dir='ltr'><strong>iord</strong></span> <span class='ocrx_word' id='word_1_7' title='bbox 901 581 963 646; x_wconf 83' lang='grc' dir='ltr'><strong><em>τοῖς</em></strong></span> <span class='ocrx_word' id='word_1_8' title='bbox 996 573 1080 654; x_wconf 89' lang='grc' dir='ltr'><strong><em>έριόις</em></strong></span> <span class='ocrx_word' id='word_1_9' title='bbox 1102 574 1172 648; x_wconf 86' lang='grc' dir='ltr'><strong><em>τοὺς</em></strong></span> <span class='ocrx_word' id='word_1_10' title='bbox 1197 571 1342 653; x_wconf 80' lang='grc' dir='ltr'><strong><em>ἑταίρους.</em></strong></span> 
     </span>
     <span class='ocr_line' id='line_1_3' title="bbox 155 677 1340 766; baseline -0.001 -20"><span class='ocrx_word' id='word_1_11' title='bbox 155 677 296 746; x_wconf 74' lang='lat' dir='ltr'><strong>Tandem</strong></span> <span class='ocrx_word' id='word_1_12' title='bbox 342 679 529 746; x_wconf 79' lang='lat' dir='ltr'><strong>adverbium</strong></span> <span class='ocrx_word' id='word_1_13' title='bbox 574 679 721 760; x_wconf 78' lang='grc' dir='ltr'><strong><em>ιίρμοδίως</em></strong></span> <span class='ocrx_word' id='word_1_14' title='bbox 757 679 857 746; x_wconf 84' lang='lat' dir='ltr'><strong>menti</strong></span> <span class='ocrx_word' id='word_1_15' title='bbox 892 682 1054 766; x_wconf 87' lang='lat' dir='ltr'><strong>scriptoris</strong></span> <span class='ocrx_word' id='word_1_16' title='bbox 1088 701 1149 747; x_wconf 87' lang='lat' dir='ltr'><strong><em>non</em></strong></span> <span class='ocrx_word' id='word_1_17' title='bbox 1184 683 1340 746; x_wconf 86' lang='lat' dir='ltr'><strong>convenit.</strong></span> 
     </span>
     <span class='ocr_line' id='line_1_4' title="bbox 154 785 1381 874; baseline -0.005 -22"><span class='ocrx_word' id='word_1_18' title='bbox 154 785 281 852; x_wconf 75' lang='lat' dir='ltr'><strong>Etenim</strong></span> <span class='ocrx_word' id='word_1_19' title='bbox 306 805 369 855; x_wconf 90' lang='lat' dir='ltr'><strong><em>non</em></strong></span> <span class='ocrx_word' id='word_1_20' title='bbox 392 793 501 852; x_wconf 90' lang='lat' dir='ltr'><strong>monet</strong></span> <span class='ocrx_word' id='word_1_21' title='bbox 524 791 650 872; x_wconf 75' lang='lat' dir='ltr'><strong>poetam</strong></span> <span class='ocrx_word' id='word_1_22' title='bbox 675 794 743 872; x_wconf 80' lang='lat' dir='ltr'><strong>apte</strong></span> <span class='ocrx_word' id='word_1_23' title='bbox 768 823 808 834; x_wconf 85' lang='lat'><strong><em>—-</em></strong></span> <span class='ocrx_word' id='word_1_24' title='bbox 832 785 865 850; x_wconf 91' lang='lat' dir='ltr'><strong>id</strong></span> <span class='ocrx_word' id='word_1_25' title='bbox 889 792 937 851; x_wconf 91' lang='lat' dir='ltr'><strong>est</strong></span> <span class='ocrx_word' id='word_1_26' title='bbox 955 787 1033 870; x_wconf 72' lang='lat' dir='ltr'><strong>optio</strong></span> <span class='ocrx_word' id='word_1_27' title='bbox 1052 787 1125 852; x_wconf 75' lang='lat' dir='ltr'><strong>locis</strong></span> <span class='ocrx_word' id='word_1_28' title='bbox 1147 825 1187 836; x_wconf 91' lang='lat'><em>-</em></span> <span class='ocrx_word' id='word_1_29' title='bbox 1209 793 1257 852; x_wconf 90' lang='lat' dir='ltr'><strong><em>uti</em></strong></span> <span class='ocrx_word' id='word_1_30' title='bbox 1278 790 1341 874; x_wconf 86' lang='lat' dir='ltr'><strong>cpi·</strong></span> <span class='ocrx_word' id='word_1_31' title='bbox 1373 827 1381 846; x_wconf 65' lang='grc' dir='ltr'><strong><em>ι</em></strong></span> 
     </span>
     <span class='ocr_line' id='line_1_5' title="bbox 156 892 1343 980; baseline 0 -22"><span class='ocrx_word' id='word_1_32' title='bbox 156 893 267 971; x_wconf 84' lang='lat' dir='ltr'><strong>thetis,</strong></span> <span class='ocrx_word' id='word_1_33' title='bbox 304 892 359 960; x_wconf 88' lang='lat' dir='ltr'><strong>sed</strong></span> <span class='ocrx_word' id='word_1_34' title='bbox 393 895 490 977; x_wconf 77' lang='lat' dir='ltr'><strong>optio,</strong></span> <span class='ocrx_word' id='word_1_35' title='bbox 526 896 573 958; x_wconf 91' lang='lat' dir='ltr'><strong><em>rei</em></strong></span> <span class='ocrx_word' id='word_1_36' title='bbox 605 913 702 978; x_wconf 80' lang='lat' dir='ltr'><strong>quum</strong></span> <span class='ocrx_word' id='word_1_37' title='bbox 733 893 879 980; x_wconf 83' lang='lat' dir='ltr'><strong>proponit</strong></span> <span class='ocrx_word' id='word_1_38' title='bbox 910 897 1053 980; x_wconf 81' lang='lat' dir='ltr'><strong>apprime</strong></span> <span class='ocrx_word' id='word_1_39' title='bbox 1084 895 1343 961; x_wconf 83' lang='lat' dir='ltr'><strong>convenientibus</strong></span> 
     </span>
     <span class='ocr_line' id='line_1_6' title="bbox 154 991 1344 1087; baseline 0.001 -23"><span class='ocrx_word' id='word_1_40' title='bbox 154 1019 288 1084; x_wconf 84' lang='lat' dir='ltr'><strong>cumque</strong></span> <span class='ocrx_word' id='word_1_41' title='bbox 317 1000 469 1086; x_wconf 82' lang='lat' dir='ltr'><strong>graphice</strong></span> <span class='ocrx_word' id='word_1_42' title='bbox 500 998 751 1087; x_wconf 78' lang='lat' dir='ltr'><strong>designantibus.</strong></span> <span class='ocrx_word' id='word_1_43' title='bbox 797 999 910 1086; x_wconf 81' lang='lat' dir='ltr'><strong>Itaque</strong></span> <span class='ocrx_word' id='word_1_44' title='bbox 940 991 997 1064; x_wconf 77' lang='lat' dir='ltr'><strong>unt</strong></span> <span class='ocrx_word' id='word_1_45' title='bbox 1025 999 1118 1066; x_wconf 79' lang='lat' dir='ltr'><strong>fallor</strong></span> <span class='ocrx_word' id='word_1_46' title='bbox 1149 1007 1204 1066; x_wconf 85' lang='lat' dir='ltr'><strong><em>ant</em></strong></span> <span class='ocrx_word' id='word_1_47' title='bbox 1235 1008 1344 1066; x_wconf 83' lang='lat' dir='ltr'><strong>auctor</strong></span> 
     </span>
     <span class='ocr_line' id='line_1_7' title="bbox 153 1104 1045 1192; baseline -0.004 -18"><span class='ocrx_word' id='word_1_48' title='bbox 153 1109 297 1192; x_wconf 76' lang='lat' dir='ltr'><strong>scripsit:</strong></span> <span class='ocrx_word' id='word_1_49' title='bbox 322 1106 532 1187; x_wconf 70' lang='grc' dir='ltr'><strong><em>ἁρμοδίως</em></strong></span> <span class='ocrx_word' id='word_1_50' title='bbox 554 1107 602 1172; x_wconf 69' lang='lat' dir='ltr'><strong><em>ss</em></strong></span> <span class='ocrx_word' id='word_1_51' title='bbox 629 1104 780 1188; x_wconf 71' lang='grc' dir='ltr'><strong><em>κέχρηται</em></strong></span> <span class='ocrx_word' id='word_1_52' title='bbox 804 1113 866 1178; x_wconf 84' lang='grc' dir='ltr'><strong><em>τοῖς</em></strong></span> <span class='ocrx_word' id='word_1_53' title='bbox 890 1105 1045 1182; x_wconf 81' lang='grc' dir='ltr'><strong><em>ἐπιθέτοις.</em></strong></span> 
     </span>
    </p>
   </div>
   <div class='ocr_carea' id='block_1_3' title="bbox 149 1316 1344 1929">
    <p class='ocr_par' dir='ltr' id='par_1_3' title="bbox 149 1316 1344 1929">
     <span class='ocr_line' id='line_1_8' title="bbox 200 1316 1344 1402; baseline 0.003 -23"><span class='ocrx_word' id='word_1_54' title='bbox 200 1341 230 1393; x_wconf 87' lang='grc' dir='ltr'><strong><em>ι,</em></strong></span> <span class='ocrx_word' id='word_1_55' title='bbox 257 1316 333 1384; x_wconf 80' lang='grc'>440.</span> <span class='ocrx_word' id='word_1_56' title='bbox 383 1317 514 1382; x_wconf 80' lang='grc' dir='ltr'><strong><em>Οθθοιτιο</em></strong></span> <span class='ocrx_word' id='word_1_57' title='bbox 537 1317 600 1397; x_wconf 82' lang='grc' dir='ltr'><strong><em>γίορ</em></strong></span> <span class='ocrx_word' id='word_1_58' title='bbox 624 1322 846 1398; x_wconf 73' lang='grc' dir='ltr'><strong><em>σφαραγεῦντο</em></strong></span> <span class='ocrx_word' id='word_1_59' title='bbox 871 1320 1053 1402; x_wconf 77' lang='lat' dir='ltr'><strong>exponitur:</strong></span> <span class='ocrx_word' id='word_1_60' title='bbox 1079 1317 1270 1396; x_wconf 73' lang='grc' dir='ltr'><strong><em>διετείνοντο,</em></strong></span> <span class='ocrx_word' id='word_1_61' title='bbox 1297 1318 1344 1383; x_wconf 86' lang='grc' dir='ltr'><strong><em>ε’κ·</em></strong></span> 
     </span>
     <span class='ocr_line' id='line_1_9' title="bbox 152 1420 1343 1510; baseline 0.002 -22"><span class='ocrx_word' id='word_1_62' title='bbox 152 1425 362 1502; x_wconf 84' lang='grc' dir='ltr'><strong><em>τετλιισμένα</em></strong></span> <span class='ocrx_word' id='word_1_63' title='bbox 397 1420 484 1499; x_wconf 75' lang='grc' dir='ltr'><strong><em>ἦσαν.</em></strong></span> <span class='ocrx_word' id='word_1_64' title='bbox 518 1421 606 1504; x_wconf 82' lang='grc' dir='ltr'><strong><em>οὖθαρ</em></strong></span> <span class='ocrx_word' id='word_1_65' title='bbox 638 1423 669 1490; x_wconf 78' lang='grc' dir='ltr'><strong><em>δέ</em></strong></span> <span class='ocrx_word' id='word_1_66' title='bbox 699 1425 733 1490; x_wconf 82' lang='grc' dir='ltr'><strong><em>τὸ</em></strong></span> <span class='ocrx_word' id='word_1_67' title='bbox 765 1423 866 1502; x_wconf 85' lang='grc' dir='ltr'><strong><em>γιίλα.</em></strong></span> <span class='ocrx_word' id='word_1_68' title='bbox 898 1423 987 1510; x_wconf 75' lang='lat' dir='ltr'>(HQ)</span> <span class='ocrx_word' id='word_1_69' title='bbox 1018 1423 1143 1490; x_wconf 81' lang='lat' dir='ltr'><strong>Ultima</strong></span> <span class='ocrx_word' id='word_1_70' title='bbox 1166 1425 1281 1490; x_wconf 83' lang='lat' dir='ltr'><strong>sbsunt</strong></span> <span class='ocrx_word' id='word_1_71' title='bbox 1304 1425 1343 1490; x_wconf 79' lang='lat' dir='ltr'><strong><em>ab</em></strong></span> 
     </span>
     <span class='ocr_line' id='line_1_10' title="bbox 151 1530 1344 1618; baseline 0 -22"><span class='ocrx_word' id='word_1_72' title='bbox 151 1530 359 1598; x_wconf 76' lang='lat' dir='ltr'><strong>Ambronieno</strong></span> <span class='ocrx_word' id='word_1_73' title='bbox 394 1552 430 1597; x_wconf 84' lang='lat' dir='ltr'><strong>nc</strong></span> <span class='ocrx_word' id='word_1_74' title='bbox 462 1533 518 1596; x_wconf 84' lang='lat' dir='ltr'><strong>vix</strong></span> <span class='ocrx_word' id='word_1_75' title='bbox 554 1533 587 1597; x_wconf 89' lang='lat' dir='ltr'><strong>in</strong></span> <span class='ocrx_word' id='word_1_76' title='bbox 623 1533 769 1596; x_wconf 80' lang='lat' dir='ltr'><strong>animum</strong></span> <span class='ocrx_word' id='word_1_77' title='bbox 801 1532 951 1596; x_wconf 82' lang='lat' dir='ltr'><strong>inducere</strong></span> <span class='ocrx_word' id='word_1_78' title='bbox 983 1550 1128 1616; x_wconf 81' lang='lat' dir='ltr'><strong>possum,</strong></span> <span class='ocrx_word' id='word_1_79' title='bbox 1152 1552 1344 1618; x_wconf 81' lang='lat' dir='ltr'><strong>quemquem</strong></span> 
     </span>
     <span class='ocr_line' id='line_1_11' title="bbox 150 1632 1342 1724; baseline 0.002 -22"><span class='ocrx_word' id='word_1_80' title='bbox 150 1641 401 1724; x_wconf 80' lang='lat' dir='ltr'><strong>grammaticum</strong></span> <span class='ocrx_word' id='word_1_81' title='bbox 421 1632 510 1716; x_wconf 77' lang='grc' dir='ltr'><strong><em>οὖθαρ</em></strong></span> <span class='ocrx_word' id='word_1_82' title='bbox 530 1657 597 1702; x_wconf 86' lang='lat' dir='ltr'><strong>csse</strong></span> <span class='ocrx_word' id='word_1_83' title='bbox 616 1636 859 1722; x_wconf 83' lang='lat' dir='ltr'><strong>interpretatum</strong></span> <span class='ocrx_word' id='word_1_84' title='bbox 880 1641 983 1714; x_wconf 70' lang='grc' dir='ltr'><strong><em>γέλα.</em></strong></span> <span class='ocrx_word' id='word_1_85' title='bbox 1013 1636 1123 1722; x_wconf 78' lang='lat' dir='ltr'><strong>Itaque</strong></span> <span class='ocrx_word' id='word_1_86' title='bbox 1146 1639 1275 1704; x_wconf 83' lang='lat' dir='ltr'><strong>fortusse</strong></span> <span class='ocrx_word' id='word_1_87' title='bbox 1297 1642 1342 1704; x_wconf 85' lang='lat' dir='ltr'><strong><em>sic</em></strong></span> 
     </span>
     <span class='ocr_line' id='line_1_12' title="bbox 150 1739 1339 1834; baseline 0.001 -26"><span class='ocrx_word' id='word_1_88' title='bbox 150 1745 287 1810; x_wconf 83' lang='lat' dir='ltr'><strong>scribere</strong></span> <span class='ocrx_word' id='word_1_89' title='bbox 298 1744 488 1829; x_wconf 78' lang='lat' dir='ltr'><strong>praestabit:</strong></span> <span class='ocrx_word' id='word_1_90' title='bbox 502 1744 698 1830; x_wconf 72' lang='grc' dir='ltr'><strong><em>διετείνοντο,</em></strong></span> <span class='ocrx_word' id='word_1_91' title='bbox 717 1744 976 1821; x_wconf 69' lang='grc' dir='ltr'><strong><em>ἐμπεπλησμένα</em></strong></span> <span class='ocrx_word' id='word_1_92' title='bbox 998 1739 1074 1818; x_wconf 84' lang='grc' dir='ltr'><strong><em>ήσαν</em></strong></span> <span class='ocrx_word' id='word_1_93' title='bbox 1092 1744 1124 1830; x_wconf 91' lang='grc' dir='ltr'><strong><em>(τ</em></strong></span> <span class='ocrx_word' id='word_1_94' title='bbox 1133 1746 1168 1834; x_wconf 75' lang='grc' dir='ltr'><strong><em>οὶ)</em></strong></span> <span class='ocrx_word' id='word_1_95' title='bbox 1190 1747 1339 1812; x_wconf 79' lang='grc' dir='ltr'><strong><em>οὔθατα</em></strong></span> 
     </span>
     <span class='ocr_line' id='line_1_13' title="bbox 149 1849 432 1929; baseline 0.004 -16"><span class='ocrx_word' id='word_1_96' title='bbox 149 1849 215 1914; x_wconf 77' lang='grc' dir='ltr'><strong><em>διαὶ</em></strong></span> <span class='ocrx_word' id='word_1_97' title='bbox 240 1851 281 1915; x_wconf 86' lang='grc' dir='ltr'><strong><em>τθ</em></strong></span> <span class='ocrx_word' id='word_1_98' title='bbox 306 1851 432 1929; x_wconf 87' lang='grc' dir='ltr'><strong><em>γοίλα.</em></strong></span> 
     </span>
    </p>
   </div>
   <div class='ocr_carea' id='block_1_4' title="bbox 143 2065 1340 2688">
    <p class='ocr_par' dir='ltr' id='par_1_4' title="bbox 143 2065 1340 2688">
     <span class='ocr_line' id='line_1_14' title="bbox 194 2065 1336 2160; baseline 0.01 -29"><span class='ocrx_word' id='word_1_99' title='bbox 194 2093 224 2144; x_wconf 88' lang='grc' dir='ltr'><strong><em>ι,</em></strong></span> <span class='ocrx_word' id='word_1_100' title='bbox 251 2065 327 2133; x_wconf 88' lang='grc'><strong>456.</strong></span> <span class='ocrx_word' id='word_1_101' title='bbox 363 2068 555 2155; x_wconf 81' lang='lat' dir='ltr'><strong>Adloquitur</strong></span> <span class='ocrx_word' id='word_1_102' title='bbox 577 2072 796 2160; x_wconf 80' lang='lat' dir='ltr'><strong>Polyphemus</strong></span> <span class='ocrx_word' id='word_1_103' title='bbox 815 2077 948 2140; x_wconf 80' lang='lat' dir='ltr'><strong>arictum</strong></span> <span class='ocrx_word' id='word_1_104' title='bbox 969 2073 1234 2142; x_wconf 86' lang='lat' dir='ltr'><strong>dilectissimum:</strong></span> <span class='ocrx_word' id='word_1_105' title='bbox 1257 2078 1281 2142; x_wconf 89' lang='grc' dir='ltr'><strong><em>εί</em></strong></span> <span class='ocrx_word' id='word_1_106' title='bbox 1302 2076 1336 2152; x_wconf 76' lang='grc' dir='ltr'><strong><em>δή</em></strong></span> 
     </span>
     <span class='ocr_line' id='line_1_15' title="bbox 147 2176 1340 2269; baseline 0.007 -29"><span class='ocrx_word' id='word_1_107' title='bbox 147 2176 341 2256; x_wconf 67' lang='grc' dir='ltr'><strong><em>ὁμοφρονέοις</em></strong></span> <span class='ocrx_word' id='word_1_108' title='bbox 370 2178 571 2258; x_wconf 71' lang='grc' dir='ltr'><strong><em>ποτιφωνήεις</em></strong></span> <span class='ocrx_word' id='word_1_109' title='bbox 596 2204 632 2266; x_wconf 85' lang='grc' dir='ltr'><strong><em>τε</em></strong></span> <span class='ocrx_word' id='word_1_110' title='bbox 655 2181 763 2259; x_wconf 87' lang='grc' dir='ltr'><strong><em>γένοιο.</em></strong></span> <span class='ocrx_word' id='word_1_111' title='bbox 811 2183 983 2248; x_wconf 84' lang='lat' dir='ltr'><strong>Inventum</strong></span> <span class='ocrx_word' id='word_1_112' title='bbox 1009 2186 1207 2268; x_wconf 84' lang='lat' dir='ltr'><strong>sequioribus</strong></span> <span class='ocrx_word' id='word_1_113' title='bbox 1231 2183 1340 2269; x_wconf 89' lang='lat' dir='ltr'><strong>displi-</strong></span> 
     </span>
     <span class='ocr_line' id='line_1_16' title="bbox 147 2283 1339 2371; baseline 0.005 -23"><span class='ocrx_word' id='word_1_114' title='bbox 147 2285 235 2348; x_wconf 84' lang='lat' dir='ltr'><strong>cuit:</strong></span> <span class='ocrx_word' id='word_1_115' title='bbox 269 2283 351 2350; x_wconf 73' lang='grc' dir='ltr'><strong><em>δοιιεῖ</em></strong></span> <span class='ocrx_word' id='word_1_116' title='bbox 378 2283 408 2347; x_wconf 78' lang='grc' dir='ltr'><strong><em>δὲ</em></strong></span> <span class='ocrx_word' id='word_1_117' title='bbox 444 2284 690 2362; x_wconf 71' lang='grc' dir='ltr'><strong><em>βουκολικὸν</em></strong></span> <span class='ocrx_word' id='word_1_118' title='bbox 727 2285 803 2354; x_wconf 82' lang='grc' dir='ltr'><strong><em>εἶναι</em></strong></span> <span class='ocrx_word' id='word_1_119' title='bbox 835 2299 896 2363; x_wconf 77' lang='grc' dir='ltr'><strong><em>τοῖς</em></strong></span> <span class='ocrx_word' id='word_1_120' title='bbox 929 2291 1076 2370; x_wconf 76' lang='grc' dir='ltr'><strong><em>νεωτέροις</em></strong></span> <span class='ocrx_word' id='word_1_121' title='bbox 1107 2295 1141 2355; x_wconf 84' lang='grc' dir='ltr'><strong><em>τὸ</em></strong></span> <span class='ocrx_word' id='word_1_122' title='bbox 1166 2290 1237 2370; x_wconf 78' lang='grc' dir='ltr'><strong><em>πρὸς</em></strong></span> <span class='ocrx_word' id='word_1_123' title='bbox 1263 2291 1339 2371; x_wconf 80' lang='grc' dir='ltr'><strong><em>κριὸν</em></strong></span> 
     </span>
     <span class='ocr_line' id='line_1_17' title="bbox 146 2389 1339 2477; baseline 0.006 -21"><span class='ocrx_word' id='word_1_124' title='bbox 146 2389 361 2468; x_wconf 76' lang='grc' dir='ltr'><strong><em>διαλέγεσθαι.</em></strong></span> <span class='ocrx_word' id='word_1_125' title='bbox 389 2391 441 2477; x_wconf 79' lang='lat' dir='ltr'><strong><em>(Q)</em></strong></span> <span class='ocrx_word' id='word_1_126' title='bbox 465 2390 538 2458; x_wconf 89' lang='lat' dir='ltr'><strong><em>Non</em></strong></span> <span class='ocrx_word' id='word_1_127' title='bbox 562 2395 654 2460; x_wconf 83' lang='lat' dir='ltr'><strong>video</strong></span> <span class='ocrx_word' id='word_1_128' title='bbox 678 2417 734 2462; x_wconf 89' lang='lat' dir='ltr'><strong><em>cur</em></strong></span> <span class='ocrx_word' id='word_1_129' title='bbox 753 2399 940 2463; x_wconf 79' lang='lat' dir='ltr'><strong>recentiores</strong></span> <span class='ocrx_word' id='word_1_130' title='bbox 959 2399 1171 2462; x_wconf 79' lang='lat' dir='ltr'><strong>rusticitatem</strong></span> <span class='ocrx_word' id='word_1_131' title='bbox 1193 2397 1339 2464; x_wconf 79' lang='lat' dir='ltr'><strong>admirati</strong></span> 
     </span>
     <span class='ocr_line' id='line_1_18' title="bbox 144 2499 1339 2582; baseline 0.005 -20"><span class='ocrx_word' id='word_1_132' title='bbox 144 2500 215 2562; x_wconf 87' lang='lat' dir='ltr'><strong>sint</strong></span> <span class='ocrx_word' id='word_1_133' title='bbox 244 2499 278 2563; x_wconf 88' lang='lat' dir='ltr'><strong>in</strong></span> <span class='ocrx_word' id='word_1_134' title='bbox 308 2501 438 2563; x_wconf 85' lang='lat' dir='ltr'><strong>rustico.</strong></span> <span class='ocrx_word' id='word_1_135' title='bbox 460 2561 465 2574; x_wconf 82' lang='grc'>,</span> <span class='ocrx_word' id='word_1_136' title='bbox 485 2499 587 2566; x_wconf 85' lang='grc' dir='ltr'><strong><em>ΡειιιῙο</em></strong></span> <span class='ocrx_word' id='word_1_137' title='bbox 617 2501 750 2568; x_wconf 88' lang='lat' dir='ltr'><strong>meliore</strong></span> <span class='ocrx_word' id='word_1_138' title='bbox 780 2507 901 2570; x_wconf 84' lang='lat' dir='ltr'><strong>ratione</strong></span> <span class='ocrx_word' id='word_1_139' title='bbox 932 2503 1015 2568; x_wconf 79' lang='grc' dir='ltr'><strong><em>δοκεῖ</em></strong></span> <span class='ocrx_word' id='word_1_140' title='bbox 1032 2502 1239 2582; x_wconf 82' lang='grc' dir='ltr'><strong><em>βλοιιικίν</em></strong></span> <span class='ocrx_word' id='word_1_141' title='bbox 1262 2500 1339 2570; x_wconf 74' lang='grc' dir='ltr'><strong><em>εἶναι</em></strong></span> 
     </span>
     <span class='ocr_line' id='line_1_19' title="bbox 143 2604 876 2688; baseline 0.007 -18"><span class='ocrx_word' id='word_1_142' title='bbox 143 2613 210 2676; x_wconf 82' lang='grc' dir='ltr'><strong><em>τοῖς</em></strong></span> <span class='ocrx_word' id='word_1_143' title='bbox 237 2604 384 2687; x_wconf 86' lang='grc' dir='ltr'><strong><em>νεωτέροις</em></strong></span> <span class='ocrx_word' id='word_1_144' title='bbox 409 2605 443 2672; x_wconf 82' lang='grc' dir='ltr'><strong><em>τὸ</em></strong></span> <span class='ocrx_word' id='word_1_145' title='bbox 467 2605 539 2687; x_wconf 76' lang='grc' dir='ltr'><strong><em>τρίς</em></strong></span> <span class='ocrx_word' id='word_1_146' title='bbox 564 2608 640 2686; x_wconf 79' lang='grc' dir='ltr'><strong><em>κριὸν</em></strong></span> <span class='ocrx_word' id='word_1_147' title='bbox 666 2609 876 2688; x_wconf 77' lang='grc' dir='ltr'><strong><em>διαλέγεσθαι.</em></strong></span> 
     </span>
    </p>
   </div>
   <div class='ocr_carea' id='block_1_5' title="bbox 194 2816 326 2898">
    <p class='ocr_par' dir='ltr' id='par_1_5' title="bbox 194 2816 326 2898">
     <span class='ocr_line' id='line_1_20' title="bbox 194 2816 326 2898; baseline 0.023 -15"><span class='ocrx_word' id='word_1_148' title='bbox 194 2844 223 2898; x_wconf 82' lang='grc' dir='ltr'><strong><em>ι,</em></strong></span> <span class='ocrx_word' id='word_1_149' title='bbox 250 2816 326 2886; x_wconf 86' lang='grc'><strong>508.</strong></span> 
     </span>
    </p>
   </div>
   <div class='ocr_carea' id='block_1_6' title="bbox 141 2927 1339 3756">
    <p class='ocr_par' dir='ltr' id='par_1_6' title="bbox 259 2927 1247 3012">
     <span class='ocr_line' id='line_1_21' title="bbox 259 2927 1135 3012; baseline 0.006 -20"><span class='ocrx_word' id='word_1_150' title='bbox 259 2929 358 2992; x_wconf 76' lang='lat' dir='ltr'><strong>”Ecce</strong></span> <span class='ocrx_word' id='word_1_151' title='bbox 383 2949 429 2997; x_wconf 79' lang='grc' dir='ltr'><strong><em>τις</em></strong></span> <span class='ocrx_word' id='word_1_152' title='bbox 454 2927 557 2994; x_wconf 67' lang='lat' dir='ltr'><strong>croces</strong></span> <span class='ocrx_word' id='word_1_153' title='bbox 579 2931 693 3008; x_wconf 83' lang='grc' dir='ltr'><strong><em>μιίντις</em></strong></span> <span class='ocrx_word' id='word_1_154' title='bbox 717 2931 789 3010; x_wconf 65' lang='lat' dir='ltr'><strong>cirin</strong></span> <span class='ocrx_word' id='word_1_155' title='bbox 816 2931 869 3006; x_wconf 85' lang='grc' dir='ltr'><strong><em>ήιίς</em></strong></span> <span class='ocrx_word' id='word_1_156' title='bbox 893 2954 927 2996; x_wconf 88' lang='grc' dir='ltr'><strong><em>τε</em></strong></span> <span class='ocrx_word' id='word_1_157' title='bbox 951 2931 1057 3011; x_wconf 86' lang='grc' dir='ltr'><strong><em>μέγας</em></strong></span> <span class='ocrx_word' id='word_1_158' title='bbox 1082 2955 1135 3012; x_wconf 90' lang='grc' dir='ltr'><strong><em>τε,</em></strong></span> 
     </span>
    </p>

    <p class='ocr_par' dir='ltr' id='par_1_7' title="bbox 141 3031 1339 3756">
     <span class='ocr_line' id='line_1_22' title="bbox 264 3031 1098 3116; baseline 0.012 -20"><span class='ocrx_word' id='word_1_159' title='bbox 264 3031 292 3105; x_wconf 83' lang='grc' dir='ltr'><strong><em>ίς</em></strong></span> <span class='ocrx_word' id='word_1_160' title='bbox 319 3057 369 3112; x_wconf 88' lang='grc' dir='ltr'><strong><em>μοι</em></strong></span> <span class='ocrx_word' id='word_1_161' title='bbox 394 3034 454 3116; x_wconf 78' lang='grc' dir='ltr'><strong><em>ἔφη</em></strong></span> <span class='ocrx_word' id='word_1_162' title='bbox 479 3037 555 3100; x_wconf 78' lang='grc' dir='ltr'><strong><em>τοίδε</em></strong></span> <span class='ocrx_word' id='word_1_163' title='bbox 579 3037 686 3102; x_wconf 81' lang='grc' dir='ltr'><strong><em>τοίντα</em></strong></span> <span class='ocrx_word' id='word_1_164' title='bbox 711 3039 950 3113; x_wconf 76' lang='grc' dir='ltr'><strong><em>τελευτήσεσθαι</em></strong></span> <span class='ocrx_word' id='word_1_165' title='bbox 973 3040 1098 3106; x_wconf 84' lang='grc' dir='ltr'><strong><em>θτίσσω.</em></strong></span> 
     </span>
     <span class='ocr_line' id='line_1_23' title="bbox 144 3138 1337 3231; baseline 0.011 -25"><span class='ocrx_word' id='word_1_166' title='bbox 144 3138 358 3208; x_wconf 76' lang='lat' dir='ltr'><strong>observatur:</strong></span> <span class='ocrx_word' id='word_1_167' title='bbox 385 3143 426 3205; x_wconf 86' lang='grc' dir='ltr'><strong><em>έκ</em></strong></span> <span class='ocrx_word' id='word_1_168' title='bbox 451 3146 559 3210; x_wconf 82' lang='grc' dir='ltr'><strong><em>τούτου</em></strong></span> <span class='ocrx_word' id='word_1_169' title='bbox 583 3145 700 3220; x_wconf 81' lang='grc' dir='ltr'><strong><em>νοήτέον</em></strong></span> <span class='ocrx_word' id='word_1_170' title='bbox 725 3141 770 3210; x_wconf 78' lang='grc' dir='ltr'><strong><em>ὅτι</em></strong></span> <span class='ocrx_word' id='word_1_171' title='bbox 794 3145 1011 3224; x_wconf 76' lang='grc' dir='ltr'><strong><em>δεισιδαίμονες</em></strong></span> <span class='ocrx_word' id='word_1_172' title='bbox 1035 3147 1062 3212; x_wconf 81' lang='lat' dir='ltr'><strong><em>ci</em></strong></span> <span class='ocrx_word' id='word_1_173' title='bbox 1083 3147 1270 3231; x_wconf 78' lang='grc' dir='ltr'><strong><em>Κύκλωπες,</em></strong></span> <span class='ocrx_word' id='word_1_174' title='bbox 1291 3149 1337 3220; x_wconf 80' lang='grc' dir='ltr'><strong><em>ὅτι</em></strong></span> 
     </span>
     <span class='ocr_line' id='line_1_24' title="bbox 144 3248 1338 3339; baseline 0.009 -27"><span class='ocrx_word' id='word_1_175' title='bbox 144 3250 298 3324; x_wconf 80' lang='grc' dir='ltr'><strong><em>ὑπήκουον</em></strong></span> <span class='ocrx_word' id='word_1_176' title='bbox 333 3248 514 3326; x_wconf 80' lang='grc' dir='ltr'><strong><em>βουλήματι</em></strong></span> <span class='ocrx_word' id='word_1_177' title='bbox 549 3250 618 3316; x_wconf 80' lang='grc' dir='ltr'><strong><em>θεῶν</em></strong></span> <span class='ocrx_word' id='word_1_178' title='bbox 650 3250 702 3315; x_wconf 83' lang='grc' dir='ltr'><strong><em>καί</em></strong></span> <span class='ocrx_word' id='word_1_179' title='bbox 735 3253 788 3316; x_wconf 83' lang='grc' dir='ltr'><strong><em>οὐκ</em></strong></span> <span class='ocrx_word' id='word_1_180' title='bbox 818 3251 997 3318; x_wconf 84' lang='grc' dir='ltr'><strong><em>οίσέκτεινον</em></strong></span> <span class='ocrx_word' id='word_1_181' title='bbox 1029 3255 1099 3326; x_wconf 81' lang='grc' dir='ltr'><strong><em>τοὺς</em></strong></span> <span class='ocrx_word' id='word_1_182' title='bbox 1131 3257 1338 3339; x_wconf 72' lang='grc' dir='ltr'><strong><em>προλέγοντας</em></strong></span> 
     </span>
     <span class='ocr_line' id='line_1_25' title="bbox 143 3355 1339 3442; baseline 0.011 -24"><span class='ocrx_word' id='word_1_183' title='bbox 143 3357 256 3425; x_wconf 76' lang='grc' dir='ltr'><strong><em>αὐτοῖς</em></strong></span> <span class='ocrx_word' id='word_1_184' title='bbox 291 3377 382 3420; x_wconf 88' lang='grc' dir='ltr'><strong><em>τινα</em></strong></span> <span class='ocrx_word' id='word_1_185' title='bbox 415 3357 501 3434; x_wconf 74' lang='grc' dir='ltr'><strong><em>παρὰ</em></strong></span> <span class='ocrx_word' id='word_1_186' title='bbox 533 3360 604 3422; x_wconf 84' lang='grc' dir='ltr'><strong><em>θεῶν</em></strong></span> <span class='ocrx_word' id='word_1_187' title='bbox 625 3355 767 3432; x_wconf 81' lang='grc' dir='ltr'><strong><em>έσθμενα.</em></strong></span> <span class='ocrx_word' id='word_1_188' title='bbox 792 3356 846 3442; x_wconf 77' lang='lat' dir='ltr'><strong><em>(Q)</em></strong></span> <span class='ocrx_word' id='word_1_189' title='bbox 879 3357 985 3424; x_wconf 91' lang='lat' dir='ltr'><strong>Immo</strong></span> <span class='ocrx_word' id='word_1_190' title='bbox 1008 3363 1085 3425; x_wconf 85' lang='grc' dir='ltr'><strong><em>κιίκ</em></strong></span> <span class='ocrx_word' id='word_1_191' title='bbox 1109 3364 1216 3428; x_wconf 86' lang='grc' dir='ltr'><strong><em>τνθτον</em></strong></span> <span class='ocrx_word' id='word_1_192' title='bbox 1241 3367 1339 3441; x_wconf 80' lang='grc' dir='ltr'><strong><em>νωιτέ-</em></strong></span> 
     </span>
     <span class='ocr_line' id='line_1_26' title="bbox 142 3463 1338 3552; baseline 0.011 -26"><span class='ocrx_word' id='word_1_193' title='bbox 142 3484 193 3538; x_wconf 87' lang='grc' dir='ltr'><strong><em>ον,</em></strong></span> <span class='ocrx_word' id='word_1_194' title='bbox 230 3497 273 3508; x_wconf 90' lang='grc'><strong>-</strong></span> <span class='ocrx_word' id='word_1_195' title='bbox 306 3482 367 3526; x_wconf 86' lang='lat' dir='ltr'><strong><em>non</em></strong></span> <span class='ocrx_word' id='word_1_196' title='bbox 400 3465 485 3526; x_wconf 86' lang='lat' dir='ltr'><strong>enim</strong></span> <span class='ocrx_word' id='word_1_197' title='bbox 518 3463 592 3530; x_wconf 88' lang='lat' dir='ltr'><strong>hinc</strong></span> <span class='ocrx_word' id='word_1_198' title='bbox 621 3471 746 3530; x_wconf 87' lang='lat' dir='ltr'><strong>tuntum</strong></span> <span class='ocrx_word' id='word_1_199' title='bbox 770 3467 873 3550; x_wconf 85' lang='lat' dir='ltr'><strong>pietas</strong></span> <span class='ocrx_word' id='word_1_200' title='bbox 896 3464 1075 3552; x_wconf 77' lang='lat' dir='ltr'><strong>Cyclopum</strong></span> <span class='ocrx_word' id='word_1_201' title='bbox 1099 3473 1257 3550; x_wconf 88' lang='lat' dir='ltr'><strong>cernitur,</strong></span> <span class='ocrx_word' id='word_1_202' title='bbox 1283 3475 1338 3539; x_wconf 82' lang='lat' dir='ltr'><strong>cfr.</strong></span> 
     </span>
     <span class='ocr_line' id='line_1_27' title="bbox 142 3565 1339 3659; baseline 0.008 -23"><span class='ocrx_word' id='word_1_203' title='bbox 142 3565 262 3636; x_wconf 81' lang='lat' dir='ltr'><strong>soboll.</strong></span> <span class='ocrx_word' id='word_1_204' title='bbox 287 3567 327 3650; x_wconf 83' lang='lat' dir='ltr'><strong><em>ad</em></strong></span> <span class='ocrx_word' id='word_1_205' title='bbox 351 3588 414 3636; x_wconf 79' lang='lat' dir='ltr'><strong>vsu.</strong></span> <span class='ocrx_word' id='word_1_206' title='bbox 443 3567 506 3633; x_wconf 90' lang='grc'><strong><em>106</em></strong></span> <span class='ocrx_word' id='word_1_207' title='bbox 531 3576 564 3634; x_wconf 88' lang='lat' dir='ltr'><strong>et</strong></span> <span class='ocrx_word' id='word_1_208' title='bbox 586 3569 670 3655; x_wconf 85' lang='grc'><strong>225,</strong></span> <span class='ocrx_word' id='word_1_209' title='bbox 696 3579 791 3638; x_wconf 85' lang='lat' dir='ltr'><strong>-et</strong></span> <span class='ocrx_word' id='word_1_210' title='bbox 813 3572 868 3638; x_wconf 78' lang='grc' dir='ltr'><strong><em>οὐκ</em></strong></span> <span class='ocrx_word' id='word_1_211' title='bbox 886 3571 1064 3639; x_wconf 86' lang='grc' dir='ltr'><strong><em>οίτέκτεινον</em></strong></span> <span class='ocrx_word' id='word_1_212' title='bbox 1083 3574 1152 3650; x_wconf 85' lang='grc' dir='ltr'><strong><em>τοὺς</em></strong></span> <span class='ocrx_word' id='word_1_213' title='bbox 1174 3578 1339 3659; x_wconf 79' lang='grc' dir='ltr'><strong><em>προλέγον-</em></strong></span> 
     </span>
     <span class='ocr_line' id='line_1_28' title="bbox 141 3673 788 3756; baseline 0.009 -18"><span class='ocrx_word' id='word_1_214' title='bbox 141 3697 205 3747; x_wconf 83' lang='grc' dir='ltr'><strong><em>τας</em></strong></span> <span class='ocrx_word' id='word_1_215' title='bbox 232 3673 339 3746; x_wconf 80' lang='grc' dir='ltr'><strong><em>αὐτοῖς</em></strong></span> <span class='ocrx_word' id='word_1_216' title='bbox 363 3677 413 3740; x_wconf 81' lang='grc' dir='ltr'><strong><em>τοὶ</em></strong></span> <span class='ocrx_word' id='word_1_217' title='bbox 439 3675 525 3754; x_wconf 82' lang='grc' dir='ltr'><strong><em>ταριὶ</em></strong></span> <span class='ocrx_word' id='word_1_218' title='bbox 550 3679 619 3742; x_wconf 77' lang='grc' dir='ltr'><strong><em>θεῶν</em></strong></span> <span class='ocrx_word' id='word_1_219' title='bbox 644 3675 788 3756; x_wconf 80' lang='grc' dir='ltr'><strong><em>ἐσόμενα.</em></strong></span> 
     </span>
    </p>
   </div>
   <div class='ocr_carea' id='block_1_7' title="bbox 138 3893 1340 4713">
    <p class='ocr_par' dir='ltr' id='par_1_8' title="bbox 138 3893 1340 4618">
     <span class='ocr_line' id='line_1_29' title="bbox 191 3893 1340 3972; baseline 0.004 -12"><span class='ocrx_word' id='word_1_220' title='bbox 191 3919 222 3971; x_wconf 89' lang='grc' dir='ltr'><strong><em>ι,</em></strong></span> <span class='ocrx_word' id='word_1_221' title='bbox 251 3893 325 3958; x_wconf 87' lang='grc'><strong>525.</strong></span> <span class='ocrx_word' id='word_1_222' title='bbox 376 3894 440 3960; x_wconf 73' lang='grc' dir='ltr'><strong><em>Διὰ</em></strong></span> <span class='ocrx_word' id='word_1_223' title='bbox 468 3895 499 3962; x_wconf 88' lang='grc' dir='ltr'><strong><em>τί</em></strong></span> <span class='ocrx_word' id='word_1_224' title='bbox 523 3896 536 3959; x_wconf 87' lang='grc' dir='ltr'><strong><em>ί</em></strong></span> <span class='ocrx_word' id='word_1_225' title='bbox 560 3895 729 3968; x_wconf 78' lang='grc' dir='ltr'><strong><em>Ὀδυσσεὺς</em></strong></span> <span class='ocrx_word' id='word_1_226' title='bbox 753 3894 844 3969; x_wconf 79' lang='grc' dir='ltr'><strong><em>οὕτως</em></strong></span> <span class='ocrx_word' id='word_1_227' title='bbox 870 3897 1003 3972; x_wconf 86' lang='grc' dir='ltr'><strong><em>οίνοήτινς</em></strong></span> <span class='ocrx_word' id='word_1_228' title='bbox 1027 3897 1069 3970; x_wconf 89' lang='grc' dir='ltr'><strong><em>είς</em></strong></span> <span class='ocrx_word' id='word_1_229' title='bbox 1094 3899 1145 3962; x_wconf 82' lang='grc' dir='ltr'><strong><em>τὸν</em></strong></span> <span class='ocrx_word' id='word_1_230' title='bbox 1169 3900 1340 3966; x_wconf 77' lang='grc' dir='ltr'><strong><em>Ποσειδῶνα</em></strong></span> 
     </span>
     <span class='ocr_line' id='line_1_30' title="bbox 142 4001 1339 4088; baseline 0.003 -20"><span class='ocrx_word' id='word_1_231' title='bbox 142 4005 343 4081; x_wconf 82' lang='grc' dir='ltr'><strong><em>ιίιλνγιέρκσει</em></strong></span> <span class='ocrx_word' id='word_1_232' title='bbox 367 4001 458 4066; x_wconf 81' lang='grc' dir='ltr'><strong><em>είσίιν</em></strong></span> <span class='ocrx_word' id='word_1_233' title='bbox 484 4005 542 4080; x_wconf 74' lang='lat' dir='ltr'><strong>„cic</strong></span> <span class='ocrx_word' id='word_1_234' title='bbox 567 4004 620 4068; x_wconf 84' lang='grc' dir='ltr'><strong><em>οθκ</em></strong></span> <span class='ocrx_word' id='word_1_235' title='bbox 644 4004 807 4085; x_wconf 80' lang='grc' dir='ltr'><strong><em>θφθαλμθν</em></strong></span> <span class='ocrx_word' id='word_1_236' title='bbox 831 4005 865 4081; x_wconf 82' lang='grc' dir='ltr'><strong><em>γ’</em></strong></span> <span class='ocrx_word' id='word_1_237' title='bbox 889 4004 1011 4078; x_wconf 75' lang='grc' dir='ltr'><strong><em>ἰήσεται</em></strong></span> <span class='ocrx_word' id='word_1_238' title='bbox 1032 4002 1093 4067; x_wconf 76' lang='grc' dir='ltr'><strong><em>οὐδ’</em></strong></span> <span class='ocrx_word' id='word_1_239' title='bbox 1114 4005 1339 4088; x_wconf 82' lang='grc' dir='ltr'><strong><em>ἐνοσίχθων”;ή</em></strong></span> 
     </span>
     <span class='ocr_line' id='line_1_31' title="bbox 140 4107 1339 4194; baseline 0.004 -20"><span class='ocrx_word' id='word_1_240' title='bbox 140 4110 195 4176; x_wconf 75' lang='grc' dir='ltr'><strong><em>διαὶ</em></strong></span> <span class='ocrx_word' id='word_1_241' title='bbox 224 4109 261 4172; x_wconf 87' lang='grc' dir='ltr'><strong><em>τὸ</em></strong></span> <span class='ocrx_word' id='word_1_242' title='bbox 286 4108 442 4186; x_wconf 72' lang='grc' dir='ltr'><strong><em>γινώσκειν</em></strong></span> <span class='ocrx_word' id='word_1_243' title='bbox 467 4113 504 4182; x_wconf 77' lang='grc' dir='ltr'><strong><em>τίς</em></strong></span> <span class='ocrx_word' id='word_1_244' title='bbox 530 4109 583 4174; x_wconf 83' lang='grc' dir='ltr'><strong><em>οὐκ</em></strong></span> <span class='ocrx_word' id='word_1_245' title='bbox 607 4107 639 4184; x_wconf 81' lang='grc' dir='ltr'><strong><em>ἦν</em></strong></span> <span class='ocrx_word' id='word_1_246' title='bbox 665 4111 767 4191; x_wconf 78' lang='grc' dir='ltr'><strong><em>ίατρίς</em></strong></span> <span class='ocrx_word' id='word_1_247' title='bbox 792 4110 806 4176; x_wconf 84' lang='grc' dir='ltr'><strong><em>θ</em></strong></span> <span class='ocrx_word' id='word_1_248' title='bbox 831 4111 997 4194; x_wconf 78' lang='grc' dir='ltr'><strong><em>Ποσειδῶν,</em></strong></span> <span class='ocrx_word' id='word_1_249' title='bbox 1022 4107 1099 4174; x_wconf 69' lang='grc' dir='ltr'><strong><em>ἀλλ’</em></strong></span> <span class='ocrx_word' id='word_1_250' title='bbox 1124 4111 1138 4174; x_wconf 88' lang='grc' dir='ltr'><strong><em>ί</em></strong></span> <span class='ocrx_word' id='word_1_251' title='bbox 1164 4111 1339 4192; x_wconf 80' lang='grc' dir='ltr'><strong><em>Ἀπόλλων,</em></strong></span> 
     </span>
     <span class='ocr_line' id='line_1_32' title="bbox 140 4213 1340 4302; baseline 0.008 -24"><span class='ocrx_word' id='word_1_252' title='bbox 140 4217 159 4292; x_wconf 87' lang='grc' dir='ltr'><strong><em>ή</em></strong></span> <span class='ocrx_word' id='word_1_253' title='bbox 187 4213 238 4279; x_wconf 82' lang='grc' dir='ltr'><strong><em>θ’τι</em></strong></span> <span class='ocrx_word' id='word_1_254' title='bbox 266 4216 297 4278; x_wconf 84' lang='grc' dir='ltr'><strong><em>οὐ</em></strong></span> <span class='ocrx_word' id='word_1_255' title='bbox 322 4215 500 4296; x_wconf 76' lang='grc' dir='ltr'><strong><em>θεραπεύσει</em></strong></span> <span class='ocrx_word' id='word_1_256' title='bbox 525 4216 631 4280; x_wconf 77' lang='grc' dir='ltr'><strong><em>αὐτοὶ</em></strong></span> <span class='ocrx_word' id='word_1_257' title='bbox 654 4216 704 4280; x_wconf 71' lang='grc' dir='ltr'><strong><em>διὰ</em></strong></span> <span class='ocrx_word' id='word_1_258' title='bbox 730 4217 784 4289; x_wconf 81' lang='grc' dir='ltr'><strong><em>τήν</em></strong></span> <span class='ocrx_word' id='word_1_259' title='bbox 808 4217 951 4295; x_wconf 74' lang='grc' dir='ltr'><strong><em>πονηρίαι</em></strong></span> <span class='ocrx_word' id='word_1_260' title='bbox 968 4219 1074 4280; x_wconf 81' lang='grc' dir='ltr'><strong><em>αὐτοῦ.</em></strong></span> <span class='ocrx_word' id='word_1_261' title='bbox 1102 4217 1167 4302; x_wconf 82' lang='lat' dir='ltr'><strong><em>(M)</em></strong></span> <span class='ocrx_word' id='word_1_262' title='bbox 1187 4217 1245 4283; x_wconf 79' lang='lat' dir='ltr'><strong><em>Est</em></strong></span> <span class='ocrx_word' id='word_1_263' title='bbox 1264 4220 1340 4286; x_wconf 84' lang='lat' dir='ltr'><strong>haec</strong></span> 
     </span>
     <span class='ocr_line' id='line_1_33' title="bbox 139 4321 1340 4409; baseline 0.003 -21"><span class='ocrx_word' id='word_1_264' title='bbox 139 4325 289 4409; x_wconf 88' lang='lat' dir='ltr'><strong>epitome</strong></span> <span class='ocrx_word' id='word_1_265' title='bbox 321 4321 512 4406; x_wconf 79' lang='lat' dir='ltr'><strong>quaestionis</strong></span> <span class='ocrx_word' id='word_1_266' title='bbox 535 4321 790 4409; x_wconf 71' lang='lat' dir='ltr'><strong>Porphyrium,</strong></span> <span class='ocrx_word' id='word_1_267' title='bbox 816 4343 912 4408; x_wconf 82' lang='lat' dir='ltr'><strong>quum</strong></span> <span class='ocrx_word' id='word_1_268' title='bbox 938 4322 1136 4407; x_wconf 82' lang='lat' dir='ltr'><strong>aliquantum</strong></span> <span class='ocrx_word' id='word_1_269' title='bbox 1161 4324 1340 4392; x_wconf 85' lang='lat' dir='ltr'><strong>uberiorem</strong></span> 
     </span>
     <span class='ocr_line' id='line_1_34' title="bbox 138 4427 1338 4529; baseline 0.003 -33"><span class='ocrx_word' id='word_1_270' title='bbox 138 4429 310 4529; x_wconf 42' lang='lat' dir='ltr'><strong>exhibent,</strong></span> <span class='ocrx_word' id='word_1_271' title='bbox 324 4427 426 4508; x_wconf 79' lang='lat' dir='ltr'><strong>HQT,</strong></span> <span class='ocrx_word' id='word_1_272' title='bbox 452 4431 485 4493; x_wconf 91' lang='lat' dir='ltr'><strong>in</strong></span> <span class='ocrx_word' id='word_1_273' title='bbox 509 4451 570 4514; x_wconf 84' lang='lat' dir='ltr'><strong>qun</strong></span> <span class='ocrx_word' id='word_1_274' title='bbox 593 4451 685 4496; x_wconf 89' lang='lat' dir='ltr'><strong>nemo</strong></span> <span class='ocrx_word' id='word_1_275' title='bbox 709 4452 835 4496; x_wconf 85' lang='lat' dir='ltr'><strong>mecum</strong></span> <span class='ocrx_word' id='word_1_276' title='bbox 854 4434 1010 4518; x_wconf 79' lang='lat' dir='ltr'><strong>corrigere</strong></span> <span class='ocrx_word' id='word_1_277' title='bbox 1029 4433 1236 4518; x_wconf 79' lang='lat' dir='ltr'><strong>gravabitur:</strong></span> <span class='ocrx_word' id='word_1_278' title='bbox 1259 4434 1274 4508; x_wconf 84' lang='grc' dir='ltr'><strong><em>ή</em></strong></span> <span class='ocrx_word' id='word_1_279' title='bbox 1295 4432 1338 4499; x_wconf 78' lang='grc' dir='ltr'><strong><em>ὅτι</em></strong></span> 
     </span>
     <span class='ocr_line' id='line_1_35' title="bbox 138 4534 1083 4618; baseline 0.002 -17"><span class='ocrx_word' id='word_1_280' title='bbox 138 4539 173 4601; x_wconf 84' lang='grc' dir='ltr'><strong><em>οὐ</em></strong></span> <span class='ocrx_word' id='word_1_281' title='bbox 200 4534 383 4614; x_wconf 79' lang='grc' dir='ltr'><strong><em>θεραπεύσει</em></strong></span> <span class='ocrx_word' id='word_1_282' title='bbox 410 4536 532 4600; x_wconf 76' lang='grc' dir='ltr'><strong><em>αὐτὸν</em></strong></span> <span class='ocrx_word' id='word_1_283' title='bbox 558 4539 607 4602; x_wconf 77' lang='grc' dir='ltr'><strong><em>διὰ</em></strong></span> <span class='ocrx_word' id='word_1_284' title='bbox 633 4541 686 4613; x_wconf 78' lang='grc' dir='ltr'><strong><em>τήν</em></strong></span> <span class='ocrx_word' id='word_1_285' title='bbox 711 4538 853 4618; x_wconf 78' lang='grc' dir='ltr'><strong><em>πονηρίαν</em></strong></span> <span class='ocrx_word' id='word_1_286' title='bbox 879 4541 983 4602; x_wconf 78' lang='grc' dir='ltr'><strong><em>αὐτοῦ.</em></strong></span> <span class='ocrx_word' id='word_1_287' title='bbox 1076 4577 1083 4590; x_wconf 67' lang='grc' dir='ltr'><strong><em>ι</em></strong></span> 
     </span>
    </p>

    <p class='ocr_par' dir='ltr' id='par_1_9' title="bbox 1166 4657 1197 4713">
     <span class='ocr_line' id='line_1_36' title="bbox 1166 4657 1197 4713; baseline 0.097 -3"><span class='ocrx_word' id='word_1_288' title='bbox 1166 4657 1197 4713; x_wconf 65' lang='lat' dir='ltr'><strong>ti</strong></span> 
     </span>
    </p>
   </div>
   <div class='ocr_carea' id='block_1_8' title="bbox 0 0 1626 5140">
    <p class='ocr_par' dir='ltr' id='par_1_10' title="bbox 0 0 1626 5140">
     <span class='ocr_line' id='line_1_37' title="bbox 0 0 1626 5140; baseline 0 6"><span class='ocrx_word' id='word_1_289' title='bbox 0 0 1626 5140; x_wconf 95' lang='lat' dir='ltr'><strong><em> </em></strong></span> 
     </span>
    </p>
   </div>
  </div>
 </body>
</html>
