3318 5138
859 329 901 396 94

283 521 393 607 ltaque
425 529 457 586 et
480 524 546 606 ipse
573 523 721 608 -quod
750 528 781 588 et
801 523 1016 589 Schmidtinm
1038 525 1222 592 innuentem
1249 513 1316 588 vidi
1339 524 1383 608 (p.
1409 522 1476 590 118

283 637 315 695 et
348 629 425 715 157)
451 667 491 678 -
516 629 684 714 aliquando
713 631 894 717 cogitabam
926 631 965 694 do
996 638 1090 694 ποιεῖν
1118 630 1151 694 in
1177 638 1358 708 μεταποιεῖν
1381 635 1478 696 corri-

285 737 398 826 gendo.
445 740 598 802 Attamen
628 759 701 802 eum
733 745 828 802 ποιεῖν
861 736 918 801 ills
949 758 1011 821 quo
1043 738 1111 802 dixi
1135 735 1366 824 significatione
1389 745 1480 803 οοοιοό

284 846 327 908 sit
358 846 391 908 in
416 842 569 921 Scholiis,
593 864 672 928 quse
697 845 842 908 omnium
867 863 1021 910 consensu
1044 843 1185 929 Didymo
1210 845 1396 909 tribuuntur
1420 844 1475 931 (Il.

283 961 330 1034 A,
362 950 445 1015 423:
483 948 549 1014 ἔνιοι
580 951 611 1014 δὲ
647 955 805 1015 ποιοῦσι
847 953 952 1028 ,μετόν
984 949 1096 1015 loriror'²
1127 972 1184 1036 pro
1215 949 1352 1038 vulgata
1387 957 1477 1016 καπά

283 1059 410 1142 δαῖτα),
435 1063 467 1122 et
490 1063 589 1121 οοοίοο
611 1060 646 1121 in
669 1057 878 1122 Aristomenis
903 1057 955 1142 (ll.
981 1067 1026 1134 H,
1052 1057 1090 1121 9:
1111 1061 1223 1139 ’Ἀρνηε
1248 1055 1293 1122 ίτι
1314 1058 1478 1132 Ζηνόδοτος

282 1166 312 1228 ἐν
343 1165 399 1242 μὲν
430 1167 471 1245 τῷ
502 1164 671 1244 καταλόγῳ
697 1165 915 1239 πεποίηκεν
943 1163 995 1241 „oi‘
1013 1189 1048 1228 τε
1073 1163 1316 1244 πολνττάφυλον
1337 1169 1477 1246 ’Ἀσκρην

282 1272 381 1352 exest,
407 1271 509 1335 ἕνόάδε
535 1270 567 1334 δὲ
592 1269 756 1346 είοοσε’τίην
776 1275 899 1351 Ἀρνην.
922 1309 962 1318 -
986 1281 1024 1346 Θ,
1049 1270 1114 1335 312
1136 1272 1176 1336 ad
1201 1273 1474 1351 Ἀρχεπτόλεμονι

282 1377 326 1444 ότι
353 1379 485 1442 ἐνταῦθα
509 1379 719 1442 καταλέλοιπε
740 1377 901 1451 Ζηνόδοτος
922 1378 1194 1459 Ἀρχεπτόλεμον,
1215 1380 1414 1454 πεποίηκε
1441 1381 1478 1445 δὲ

280 1484 341 1550 ἀνω
357 1489 415 1568 (vs.
433 1483 509 1568 128)
521 1485 671 1563 Ἰφιτίδην
684 1481 955 1562 Ἑρκσιπτόλεμον,
972 1490 1003 1549 et
1015 1484 1060 1550 sio
1074 1494 1112 1568 Δ,
1129 1483 1205 1560 123;
1218 1495 1259 1569 Λ,
1273 1484 1327 1561 9’ί;
1339 1493 1379 1564 Ν,
1394 1485 1477 1564 315;

283 1602 329 1663 0.
357 1591 421 1656 626
440 1629 482 1640 —
501 1591 584 1675 qnod
607 1589 755 1656 Scholion
779 1590 914 1676 Didymi
938 1591 1033 1655 habet
1058 1591 1271 1668 Schmidtius,
1297 1591 1477 1658 Aristonioi

281 1697 542 1781 Friedliinderus,
575 1698 626 1762 oui
658 1696 848 1781 adstipulor‚
878 1719 936 1772 -;
961 1707 1005 1770 Π.
1034 1695 1097 1773 89;
1129 1707 1167 1768 Τ.
1191 1696 1276 1774 283;
1301 1709 1346 1780 Χ,
1370 1697 1475 1783 378),

281 1828 354 1872 oum
388 1807 489 1891 igitur
519 1805 612 1868 decies
635 1803 673 1868 de
698 1805 809 1868 sedem
832 1824 867 1868 re
891 1795 1218 1869 summe'eonstentis
1242 1804 1351 1870 eodem
1375 1806 1475 1871 modo

282 1916 434 1998 seriptum
469 1912 613 1999 legatur,
650 1911 728 1975 desii
762 1912 936 1975 scribarum
973 1929 1109 1975 errorem
1144 1913 1299 1996 suspicari
1333 1931 1369 1975 eo
1403 1914 1474 1976 iem

281 2019 366 2085 melo
390 2009 606 2101 antiquioimm
639 2019 940 2104 grammaticorum,
973 2016 1102 2082 fortasse
1138 2020 1240 2102 ipsius
1276 2017 1473 2091 Aristarchi,

281 2127 340 2191 hoo
368 2127 458 2211 quasi
489 2125 600 2200 ίδίωμα
632 2123 756 2188 διαίνετο.
803 2121 1005 2188 Reoentiores
1033 2143 1125 2198 vero,
1150 2128 1187 2188 ut
1211 2124 1249 2188 ad
1273 2123 1474 2209 propositum

280 2241 435 2317 reverter,
467 2232 505 2297 ds
536 2232 633 2297 variis
656 2230 845 2296 lectionibus
867 2250 928 2295 non
952 2229 1087 2311 γράφειν
1111 2236 1236 2295 tantum
1263 2230 1317 2295 sed
1341 2237 1373 2296 et
1395 2233 1475 2294 ἀνα-

281 2342 437 2418 γινώσκειν
457 2339 625 2421 adhibent,
646 2342 681 2402 ut
700 2358 730 2401 v.
744 2359 770 2438 ⁰,-
794 2362 826 2414 οι,
843 2337 925 2402 112:
947 2335 1071 2412 ἀμεινόν
1083 2343 1177 2417 Φησιν
1191 2336 1368 2415 Ἡρωδιανὸς
1381 2339 1475 2401 ἀνα-

280 2449 495 2526 γινώσκειν
522 2445 595 2524 ,καί
620 2444 773 2528 πρότιθεν,
798 2444 842 2507 τοὶ
868 2444 899 2508 δὲ
925 2444 985 2493 -”
1010 2446 1079 2530 (pro
1104 2446 1294 2528 προτίθεντο,
1320 2443 1399 2529 itt).
1428 2481 1470 2492 -·

269 2563 313 2633 ἀ,
329 2555 412 2619 320:
432 2555 445 2618 ό
466 2554 522 2628 μὲν
544 2551 748 2631 Ἀρίσταρχος
770 2549 907 2615 ἀνόπαια
928 2551 1190 2632 προπαροξυτόνως
1211 2554 1471 2629 ἀναγινώσκει

280 2661 376 2738 ὄνομα
399 2659 503 2738 ὄρνιόος
526 2659 627 2737 λόγων
650 2673 718 2723 κτλ.
743 2695 784 2706 -
805 2681 842 2733 ιο,
858 2656 940 2721 355:
961 2659 991 2721 ἐν
1010 2658 1102 2738 Τροίη
1121 2659 1247 2722 πολλοὶτ
1268 2658 1466 2732 ἀδιαστόλως

281 2765 585 2844 ἀναγνωστέον·
607 2767 621 2830 ό
641 2765 704 2844 γάρ
716 2764 884 2834 Ὀδυσσεὺς
903 2765 955 2828 σιἰιο
972 2765 1000 2828 ἐν
1018 2765 1113 2846 Τροία
1131 2765 1282 2830 ἀπώλετο.
1297 2803 1338 2814 ·-
1354 2791 1374 2840 ι,
1393 2764 1471 2830 116.

281 2875 410 2955 λόχεια,
424 2873 550 2937 ἀπὸτοῦ
564 2872 718 2952 λαχωίνω.
732 2868 823 2942 οίίτως
845 2872 997 2948 ἀναγνω
1007 2895 1050 2935 σπ
1062 2871 1125 2936 εὀν.
1142 2872 1209 2956 (cfr.
1223 2873 1262 2938 ad
1276 2898 1304 2949 κ,
1320 2872 1410 2957 509).
1427 2911 1470 2922 -—

280 3006 312 3063 ρ,
339 2982 420 3046 455:
452 2980 513 3044 οὐδ’
546 2976 629 3044 ἀλοιτ
662 2975 753 3050 οὕτως
785 2978 989 3058 Ἀρίσταρχος
1020 2978 1225 3056 ἀνέγνωκε
1250 2979 1301 3043 καί
1328 2979 1470 3044 ἀπέδωκε

280 3088 349 3160 τοὺς
382 3084 474 3156 ἀλας.
508 3087 521 3151 ό
553 3081 584 3150 δὲ
616 3086 850 3164 Καλλίστρατος
884 3085 1052 3169 ,οόδαλα”,
1077 3086 1118 3149 τόν
1143 3085 1264 3164 κόπρια.
1311 3085 1471 3152 Similiter

279 3193 383 3272 λέγειν
409 3197 562 3278 usurpant
585 3197 616 3256 et
640 3191 757 3276 Φόναι,
782 3212 862 3276 quse
885 3212 977 3276 parco
996 3195 1233 3278 conspiciuntur
1251 3195 1283 3257 in
1303 3195 1344 3258 iis
1361 3213 1470 3280 grem·

279 3301 469 3366 mstioorum
493 3304 637 3364 veterum
659 3301 833 3382 excerptis,
854 3317 934 3383 quae
955 3297 1073 3364 Veneto
1093 3301 1121 3363 A
1142 3305 1269 3382 accepte
1288 3299 1468 3383 referimus,

279 3407 491 3474 abundantius
514 3404 608 3490 paulo
633 3406 667 3468 in
690 3406 748 3487 iis,
773 3425 853 3489 quae
878 3425 916 3468 ex
939 3405 1080 3469 lontibus
1105 3408 1212 3469 minus
1235 3408 1369 3492 integris
1394 3427 1467 3490 pro·

279 3514 414 3578 dierunt.
440 3513 525 3578 Nem
548 3517 740 3575 terentum
765 3531 801 3576 eo
824 3510 938 3576 offendi
960 3515 993 3576 in
1021 3511 1189 3597 Didymeis
1213 3533 1252 3576 ex
1285 3511 1404 3577 Veneto
1435 3514 1469 3578 A

279 3621 373 3687 editis
384 3666 394 3695 ,
424 3619 464 3684 ad
496 3628 542 3693 Λ,
570 3615 653 3680 519;
689 3615 894 3696 Ἀρίσταρχος
923 3617 958 3681 τό
980 3618 1056 3695 Ἥρη
1083 3617 1155 3681 κατ’
1181 3619 1298 3682 εὐόοίάν
1322 3624 1466 3700 Φησιν,

278 3729 311 3792 οὐ
342 3727 427 3791 κατόν
450 3725 569 3799 δοτικήν
593 3739 677 3800 κτλ,
703 3745 783 3808 quae
806 3723 920 3789 iisdem
944 3725 1008 3788 fere
1032 3725 1137 3790 verbis
1161 3726 1334 3811 perscripto
1356 3725 1468 3814 legun-

278 3839 331 3899 tur
352 3836 386 3897 ln
410 3831 528 3898 Veneto
553 3830 589 3894 B.
605 3868 641 3877 —
660 3830 699 3896 ed
722 3839 767 3915 E,
792 3829 876 3897 227:
897 3827 996 3894 ίππων
1017 3831 1236 3908 ἀποβησομωιε
1261 3833 1468 3912 Ἀρίσταρχος

278 3939 481 4018 ἀποβήσομαι
518 3937 548 4002 δὲ
583 3934 683 4001 ίππων
719 3937 812 4017 ἔφη·
952 3937 1138 4010 Ζηνοδότειος
1175 3937 1207 4002 δὲ
1239 3942 1255 4013 ἡ
1287 3939 1338 4002 διά
1370 3941 1468 4004 roi}

280 4044 518 4124 ,,ἐπιβιίσομαι”.
546 4081 586 4092 -
614 4051 658 4120 H,
686 4041 765 4108 143:
801 4043 960 4124 ὑποφόάςε
987 4079 1041 4094 --
1067 4045 1272 4126 Ἀρίσταρχος
1305 4045 1337 4110 δέ
1367 4053 1468 4126 Φησι

277 4153 329 4218 καί
352 4149 540 4235 ,ἀναστάς”,
563 4144 619 4222 οἷον
640 4151 673 4214 ἐκ
694 4149 790 4229 λόχου
811 4150 962 4221 ἀναστάς.
999 4150 1059 4216 Sed
1080 4153 1241 4236 imprimis
1266 4153 1301 4217 hi
1325 4151 1388 4217 duo
1407 4153 1470 4218 looi

276 4257 500 4324 memorabiles
513 4265 604 4323 sunt:
622 4268 653 4340 Β,
667 4255 733 4321 302
747 4259 955 4340 (Αιὶοόοιιίοί)τ
971 4255 1016 4322 ότι
1031 4259 1354 4338 Ζηνόδοτοςγράφει
1369 4258 1471 4335 »κοίο-

276 4365 391 4456 τνρες”,
426 4365 438 4426 ό
472 4365 499 4428 δ’
522 4367 657 4442 Ὄμηρος
683 4361 775 4432 οὕτως
801 4365 1030 4445 ε’σχημάτιαεν·
1058 4366 1154 4441 ,Ζεὺς
1179 4366 1205 4428 δ’
1229 4363 1313 4440 ἀμμ’
1338 4365 1470 4444 ἐπιμόρ-

269 4495 360 4550 .τιιρος
386 4469 490 4547 ἔστιν”,
524 4467 557 4534 οὗ
581 4469 614 4533 τό
640 4471 840 4544 πληθυντικὸν
867 4469 1034 4554 ,μάρποροί
1058 4471 1161 4536 ἐστο”.
1186 4473 1239 4537 sie
1265 4471 1401 4537 Venetus
1426 4477 1469 4540 A.
