3242 5140
734 329 738 337 “
792 313 892 426 404,

227 511 348 594 potest,
387 505 441 570 sed
477 507 690 588 neceesarium
718 526 782 570 non
812 526 880 572 eece
912 505 1053 572 ostendit
1084 503 1225 570 scholion
1249 501 1423 568 decadem

227 636 261 681 re
286 635 324 679 ex
347 612 376 687 Q
400 612 439 678 cd
463 632 509 678 vs.
537 610 617 676 112:
645 614 829 690 decolorare
855 611 942 691 λέγει
965 614 1027 694 οὐχ
1050 614 1088 684 cle
1114 611 1251 689 ἀδίκους,
1276 610 1352 675 ἀλλ’
1374 613 1422 682 clo

227 723 280 796 μίρ
312 718 474 796 ίὲμιδος
507 716 593 792 ἤτοι
622 720 746 793 νόμου
770 717 1002 802 χρῄζοντος
1028 719 1071 789 είς
1096 716 1209 796 εὕρεσιν
1233 722 1288 781 τοῦ
1313 719 1422 781 καλοῦ.

228 828 307 904 ἦσαν
339 826 403 905 γὰρ
439 826 555 903 οίγαίοί
578 821 615 909 ¹).
662 823 725 891 Sed
753 846 881 911 prorsus
911 827 1123 892 necessarium
1155 827 1216 890 erit
1247 827 1281 888 in
1312 823 1422 888 eedem

231 936 389 1000 sententie
411 932 506 1018 paulo
529 937 601 1018 poet
625 933 675 997 διὰ
699 933 733 996 τὸ
758 931 888 997 ἕκαστον
913 935 1010 1018 (τῶν)
1029 932 1140 999 ittet
1163 929 1209 1011 cip
1218 953 1312 1011 χειν
1332 931 1423 995 resti-

230 1046 329 1106 tuere.
367 1037 535 1122 Sequitur:
564 1038 755 1111 Ἀντισίὲνιις
788 1037 820 1103 δὲ
851 1043 945 1118 Φησιν
974 1035 1019 1103 ὅτι
1044 1035 1133 1114 μόνον
1156 1037 1208 1102 τὸν
1231 1036 1423 1118 Πολύφημον

229 1143 307 1212 εἶναι
344 1144 463 1210 ἄδικον·
496 1144 548 1210 ccl
583 1144 647 1224 γὰρ
678 1141 762 1217 οὗτος
786 1150 840 1210 τοῦ
866 1145 936 1217 Διὸς
963 1145 1134 1224 ὑπερόπτης
1159 1145 1252 1210 ἐστίν.
1298 1141 1424 1209 Ultimo

231 1258 305 1320 eunt
337 1272 374 1316 ex
407 1272 500 1333 vere,
532 1250 559 1314 si
590 1251 667 1335 quid
691 1251 816 1327 iudico,
839 1251 974 1317 Prellcri
998 1252 1208 1334 correctione,
1233 1249 1330 1316 codex
1353 1247 1423 1314 bel-

230 1360 354 1425 lissime
385 1357 498 1424 hebet:
531 1353 610 1426 ὅπως
640 1361 694 1422 τοῦ
718 1357 777 1430 διὸς
802 1357 906 1422 είιτοτε
930 1359 1024 1424 ἐστίν.
1071 1358 1117 1430 At
1139 1379 1201 1424 non
1225 1356 1423 1444 tangendum

232 1463 277 1530 ὅτι
290 1501 310 1514 -
323 1461 421 1540 εἶναι,
454 1463 539 1548 qnod
570 1485 609 1530 ex
630 1485 730 1549 prore
752 1465 944 1549 sequiorum'
959 1465 1186 1531 consuetudine
1209 1465 1332 1529 dictum
1357 1467 1423 1546 est,

231 1573 271 1638 de
293 1593 357 1656 que
380 1577 504 1656 praeter
524 1569 602 1637 alios
622 1573 689 1658 egit
708 1567 863 1649 Oobctuc,
885 1571 1043 1637 Mnemon.
1056 1570 1098 1636 V.
1112 1569 1144 1638 S.
1157 1570 1200 1636 VI
1212 1591 1243 1658 p.
1259 1568 1324 1636 338
1337 1589 1422 1654 seqq.

232 1679 359 1766 Pergit:
384 1679 488 1742 οὐκοῦν
513 1679 538 1741 οἱ
563 1679 662 1742 λοιποί
681 1677 809 1743 δίκαιον·
829 1678 882 1743 διὰ
900 1683 990 1743 τοῦτο
1009 1678 1071 1758 γὰρ
1091 1679 1143 1743 καί
1164 1679 1218 1752 τὴν
1238 1687 1298 1756 γῆν
1319 1678 1424 1746 αὐτοῖς

232 1786 276 1852 τοὶ
298 1783 404 1849 πάντα
430 1782 602 1850 ἀναδιδόναι
628 1784 822 1862 αὐτόματον,
848 1786 899 1849 καί
925 1785 959 1848 τὸ
982 1787 1027 1863 μὴ
1051 1785 1236 1866 ἐργοίζεσίαι
1261 1785 1357 1857 αὐτὴν
1377 1781 1424 1848 δί-

234 1915 318 1957 ιιαιον
352 1889 438 1968 ἔργον
473 1892 566 1955 ἐστίν.
600 1890 674 1954 ἀλλ’
705 1889 874 1972 ἓμροροσίεν
902 1892 995 1969 βοαί
1003 1915 1047 1963 υς
1081 1891 1215 1968 βιαίους,
1244 1889 1296 1968 ,οἵ
1319 1894 1423 1970 σφεας

235 1997 426 2064 σινέσκοντο”
455 1994 488 2080 (ζ
497 1995 547 2082 6),
569 1995 668 2076 ὥσπερ
689 1997 741 2062 καί
762 1997 832 2068 τοὺς
853 1998 1033 2076 Γίγαντας·
1055 1993 1170 2077 ,ὅσπερ
1190 1995 1233 2081 (ὅς
1255 1995 1320 2062 τρί’
1339 2015 1424 2061 nuno

235 2103 334 2169 Hom.
358 2105 466 2187 texti.)
491 2102 685 2182 ὑπερθύμοισι
711 2103 914 2181 Γιγάντεσσιν
937 2103 1126 2180 βασίλευεν”
1150 2106 1179 2190 (ιι
1200 2103 1273 2182 59),
1297 2101 1424 2182 ὥσπερ

235 2211 288 2276 καί
315 2210 385 2281 τοὺς
408 2211 551 2282 Φαίακας
575 2210 814 2288 βλαπτομένους
839 2211 889 2276 ὑπ’
903 2213 1003 2276 αὐτῶν
1023 2219 1270 2289 μεταναστῆναι.
1308 2213 1426 2293 Quem·

235 2317 408 2383 admodum
442 2317 477 2381 in
510 2325 617 2384 nostro
652 2323 700 2382 est
728 2318 783 2390 rico
811 2325 872 2395 γῆν
903 2319 945 2382 τοὶ
974 2317 1082 2382 ταντα
1114 2317 1287 2383 ἀναδιδόναι
1312 2317 1426 2383 αὐτό·

234 2448 381 2508 ροατον,
405 2427 452 2490 ite
474 2426 508 2488 in
531 2423 649 2490 scholio
673 2445 768 2509 cupro
790 2445 829 2489 ex
854 2423 887 2488 H
910 2425 1068 2510 descripto
1095 2427 1139 2510 (p.
1162 2423 1239 2509 415,
1252 2423 1425 2510 26-416)

180 2611 182 2616 Ι
233 2531 366 2597 fortusse
400 2531 640 2617 corrigendum:
673 2525 738 2596 iter
768 2531 821 2594 καί
855 2533 966 2606 οίνίῖιοεν
995 2534 1100 2605 αὐτοῖς
1131 2532 1375 2610 αὐτόματος
1406 2533 1424 2606 ἦ

234 2647 277 2715 γῆ
308 2637 378 2708 τοὺς
412 2639 564 2718 ααροιοιίς,
594 2657 651 2721 pro
674 2636 877 2714 αὐτομάτοις,
902 2640 963 2704 etsi
985 2641 1020 2702 in
1041 2640 1092 2703 his
1116 2639 1323 2724 scriptoribus
1347 2637 1426 2704 talia

234 2765 295 2809 non
318 2745 415 2808 nimio
438 2743 580 2829 urgendo
599 2763 666 2808 eece
684 2742 798 2809 lubens
819 2742 977 2810 confiteor.
1013 2745 1168 2810 Nostrum
1190 2751 1298 2810 cutem
1318 2747 1426 2829 ipsum

233 2853 365 2938 gravius
384 2857 539 2936 aegrotat.
566 2849 641 2914 Sine
661 2854 875 2916 controversie
894 2852 1083 2917 mendosum
1100 2857 1149 2918 eet
1166 2853 1241 2916 ἀλλ’
1259 2849 1426 2930 ἔμπροσίεν

233 2957 342 3032 βιαίως
378 2955 518 3033 βιαίους,
554 2956 594 3021 de
629 2976 691 3040 quo
722 2955 918 3022 Dindorfiue:
952 2958 1083 3036 ,βιαίως
1116 2957 1286 3024 delendum
1310 2963 1367 3024 cut
1390 2959 1425 3021 in

233 3059 299 3128 εἴτε
331 3060 553 3128 mutandum.”
600 3061 698 3126 Abest
729 3061 856 3144 quidem
887 3059 975 3141 εἴτε,
1008 3065 1061 3130 sed
1093 3071 1124 3130 et
1154 3064 1235 3130 colet
1258 3066 1366 3130 abesse
1390 3067 1425 3128 in

233 3173 293 3236 hoc
328 3167 486 3234 scribendi
520 3187 653 3256 genere,
686 3173 719 3234 et
752 3169 847 3254 (quod
880 3174 1042 3258 gravius),
1067 3171 1279 3256 deprevatum
1300 3193 1367 3238 ecee
1391 3173 1426 3235 in

234 3275 344 3352 βιαίως
380 3273 466 3341 haud
501 3273 595 3339 facile
626 3273 824 3341 crediderim.
870 3277 1004 3343 linctum
1037 3283 1084 3341 eet
1115 3277 1167 3342 hic
1202 3277 1268 3355 bie,
1300 3277 1426 3363 dequo

233 3384 326 3447 initio
350 3380 447 3444 huius
471 3381 572 3464 operis
598 3381 640 3464 (p.
668 3376 701 3456 7)
725 3385 854 3446 monui:
877 3382 972 3448 homo
993 3382 1227 3460 somnolentuo,
1249 3385 1303 3449 cui
1323 3384 1426 3449 Hom-

233 3489 425 3575 burgeneem
461 3486 603 3552 codicem
638 3485 810 3571 debemus,
846 3509 902 3573 pro
941 3489 1096 3555 vocabulo
1131 3491 1214 3574 quod
1251 3493 1427 3576 requiritur

234 3595 323 3661 eliud
346 3593 422 3680 quid
445 3613 521 3658 cono
544 3591 637 3658 affine
659 3593 786 3658 ἔναυλον
811 3596 892 3675 ἔχων
915 3597 1022 3680 inepte
1046 3597 1171 3662 chartae
1196 3597 1326 3662 edlevit.
1359 3595 1426 3662 Ho-

235 3704 356 3767 minem
399 3701 433 3763 in
468 3719 526 3764 suo
562 3699 736 3786 exemplari
771 3702 918 3767 habuisse
955 3705 1112 3788 suspicor:
1149 3703 1223 3768 αλλ’
1259 3704 1426 3783 ἔμσροσίεν

236 3809 371 3877 οὶτιιῶς
395 3805 529 3882 βιαίους,
545 3840 599 3855 --
619 3804 717 3885 ὥσπερ
743 3809 796 3872 καὶ
821 3811 890 3880 τοὺς
915 3811 1075 3887 Γίγαντας
1101 3845 1134 3887 -,
1160 3807 1260 3875 ὥστε
1281 3813 1333 3874 καί
1354 3812 1424 3883 τοὺς

235 3915 378 3985 Φαίακας
410 3913 647 3990 βλαπτομένους
682 3915 732 3978 ὑπ’
765 3916 866 3978 αὐτῶν
890 3923 1135 3992 μεταναστῆναι.
1182 3915 1219 3982 Id
1244 3924 1309 3982 eet:
1333 3921 1427 4003 poeta

235 4021 389 4108 chlopcs
419 4019 452 4083 in
476 4020 735 4103 praecedentibus
760 4019 949 4105 simpliciter
972 4022 1128 4088 violentos
1151 4023 1319 4090 bellatores
1343 4025 1426 4090 dixit

268 4216 295 4280 1)
318 4217 425 4266 Fortasse
448 4217 505 4268 lnce
527 4219 616 4284 optime
633 4247 666 4255 -
683 4219 728 4268 etei
751 4235 780 4268 ne
803 4219 837 4268 cic
854 4187 949 4284 quidem
967 4183 1069 4272 fideliter
1086 4249 1120 4259 -
1137 4223 1299 4290 Aristonicum
1317 4225 1425 4274 referunt

232 4299 260 4347 de
278 4298 411 4349 Aristarchi
426 4301 543 4350 sententie
559 4302 640 4350 codem
659 4302 728 4350 modo
744 4305 826 4350 nostre
842 4307 1010 4368 exponentem,
1026 4308 1054 4354 nt
1070 4308 1136 4370 petet
1150 4321 1178 4354 ex
1195 4305 1272 4371 longis
1288 4306 1372 4370 glosis
1386 4323 1423 4374 ep.

232 4391 385 4456 Apollonium
397 4407 414 4440 e.
426 4407 462 4442 νν.
478 4391 629 4452 Ἀίιμίσταν
648 4395 671 4440 et
692 4389 858 4453 ’ττιρφίαλοα
880 4393 963 4457 licque
979 4411 1040 4444 nnnc
1061 4395 1212 4446 Aristarchus
1231 4399 1255 4446 et
1275 4397 1425 4466 Porphyrius

231 4475 305 4524 amice
321 4475 465 4542 conspirent.
