3242 5140
861 317 925 386 384

298 507 459 590 νομίσωσι,
483 511 640 575 sententia
663 515 788 576 tantum
812 531 875 576 non
897 510 1082 598 flagitante,
1107 514 1263 596 repetitur
1285 511 1346 578 hoc
1366 530 1490 596 quoque

298 634 337 678 ex
361 612 652 700 pervulgatissimis
676 616 938 704 palaeographicae
959 615 1095 682 Graecae
1116 617 1246 705 regulis.
1271 616 1351 682 Mox
1370 615 1488 692 Ulixes,

298 729 336 786 ut
366 727 589 807 cognoscatur,
622 722 765 789 consulto
796 744 858 788 uon
882 724 986 800 σνόὶι,
1014 761 1055 771 -
1080 726 1196 788 caeteri
1219 743 1345 808 quoque
1368 722 1489 788 auscul-

297 827 422 904 tabant,
446 827 556 900 credo,
584 829 623 892 ad
647 849 725 913 quos
750 829 830 894 nihil
854 851 954 915 equus
977 829 1132 896 Troianus
1155 832 1352 916 pertinebat,
1375 868 1418 903 -,-
1438 830 1487 896 scd

290 936 366 1018 flet:
398 935 527 1005 σθκετο,
559 933 652 1012 δόκρν
674 935 701 1000 δ’
727 935 825 1000 ἔδευεν
850 937 906 1001 ὑπὸ
931 935 1118 1018 βλεφάροισι
1142 937 1282 1017 ισοιρειός.
1312 938 1371 1021 (vo.
1400 935 1488 1019 522.)

297 1038 438 1105 Tandem
474 1061 535 1124 quo
569 1044 639 1108 iure
670 1043 824 1128 quaedam
856 1046 1043 1110 inseruerim
1079 1079 1122 1092 -κ
1154 1043 1342 1110 lacunarum
1375 1043 1489 1108 indicia

297 1145 454 1212 codicisnc
484 1147 548 1212 sint
580 1168 619 1213 an
651 1147 822 1222 Diodorfii,
856 1170 894 1214 ex
919 1152 1020 1234 ipsius
1046 1149 1184 1215 editione
1206 1171 1270 1214 uon
1294 1152 1372 1230 satis
1397 1169 1489 1234 appa·

297 1261 363 1338 rot,
388 1291 420 1300 -·
453 1253 599 1318 defendet
636 1253 843 1328 Harleianus,
877 1258 983 1340 priora
1018 1263 1125 1321 nostra
1160 1256 1265 1322 verbis
1302 1275 1365 1320 non
1400 1254 1490 1320 valde

296 1358 507 1425 dissimilibus
538 1360 705 1426 exbibens:
739 1366 827 1426 τοῦτο
861 1362 915 1436 ἤδη
949 1364 1018 1434 τοὺς
1044 1361 1199 1441 παρόντος
1225 1364 1266 1434 εἰς
1291 1361 1379 1426 σόθον
1404 1359 1487 1438 ἄγει.

297 1468 416 1531 πόθεν
439 1464 555 1538 οὗτος
579 1465 685 1533 οἶδεν
705 1463 751 1532 ότι
772 1471 856 1534 aare
878 1469 990 1545 κόσμον
1010 1469 1158 1552 ᾄδεσοιι
1183 1471 1233 1534 τόν
1257 1467 1490 1548 sparum

207 1639 210 1646 ,
299 1574 533 1654 Aepolium
563 1576 625 1639 uisi
655 1576 738 1660 quod
769 1559 1023 1661 inteipuuctione
1046 1577 1124 1642 haec
1148 1595 1272 1660 quoque
1297 1573 1484 1640 adiuvanda

296 1680 421 1746 Punctc
445 1682 530 1745 onim
555 1683 588 1746 iu
612 1700 737 1746 comma
761 1703 850 1748 verso
874 1684 982 1747 omnia
1006 1681 1235 1747 continuanda:
1263 1687 1354 1746 τοῦτο
1379 1679 1432 1754 ἤδη
1458 1704 1489 1744 τ.

297 1810 370 1866 ιιοιρ.
396 1789 438 1858 εἷς
462 1787 550 1851 πόθον
574 1785 666 1865 slyer,
689 1788 777 1853 πόθεν
802 1784 888 1860 νότος
913 1785 991 1854 οἶδεν
1015 1803 1085 1852 κτλ.

342 2005 375 2076 θ,
402 1999 478 2066 491.
508 2004 629 2065 ”nauco
654 2000 807 2074 οὶκοθσονςε
833 2002 876 2064 οδ
900 2002 962 2080 γὰρ
985 2002 1029 2080 μὴ
1056 1999 1157 2079 πορὼν
1181 2003 1226 2072 ὠς
1252 2000 1282 2063 ἐν
1306 2000 1402 2082 Τροθιρ
1427 2009 1489 2072 Διρ-

298 2106 424 2186 μόδοκος
457 2106 579 2179 πόντος
610 2108 675 2171 οὐκ
699 2105 799 2172 ἄλλον
824 2109 960 2178 ἀκούσιος
985 2105 1040 2188 ᾖσε
1065 2107 1173 2189 φαμὲν
1198 2101 1243 2169 ότι
1268 2103 1486 2174 νόσοδόδκκσος

298 2212 331 2289 ἦν
369 2216 425 2280 ὑπὸ
457 2217 522 2278 θεοῦ
553 2210 777 2291 ε’μπνεόμενος,
810 2215 847 2284 ὥς
879 2213 935 2279 aci
963 2213 1057 2285 κθτός
1090 2221 1202 2294 Φησιν,
1231 2208 1283 2289 »δν
1308 2211 1374 2292 πέρι
1398 2214 1487 2288 μοῦσ’

297 2319 479 2405 ἐφίλησεν.”
512 2321 569 2404 (νε.
596 2319 665 2406 63.)
688 2319 751 2404 (Q).
776 2320 865 2386 Haec
889 2341 1014 2406 quoque
1037 2323 1151 2385 misere
1175 2318 1353 2384 claudicare
1377 2317 1486 2384 videu-

297 2439 366 2508 tur,
400 2431 517 2512 quippo
548 2427 664 2512 quibus
696 2431 833 2512 primum
869 2427 961 2494 lectis
993 2447 1049 2494 uec
1073 2437 1168 2511 caput
1190 2447 1248 2491 noo
1273 2445 1327 2510 pes
1351 2431 1484 2490 constat.

295 2537 406 2621 Itaque
430 2555 448 2599 a
473 2531 635 2599 Dindorfio
662 2553 744 2610 „uon
766 2533 908 2620 integra”
932 2534 1098 2598 habentur.
1130 2535 1174 2596 nt
1197 2531 1273 2597 baec
1297 2552 1421 2616 quoque
1441 2535 1487 2596 in·

296 2645 379 2709 dicio
407 2631 520 2723 subto,
545 2659 640 2722 quam
665 2638 809 2702 minimis
836 2659 929 2724 saepa
954 2638 1185 2704 mutationibus
1208 2641 1306 2704 etiam
1332 2657 1413 2722 quau
1435 2638 1484 2703 de·

296 2750 510 2834 speratissime
528 2745 644 2809 babere
664 2744 812 2809 videntur
831 2745 864 2808 in
882 2747 1046 2831 integrum
1064 2745 1191 2808 restitui
1203 2746 1333 2826 possint.
1361 2741 1482 2827 Quippe

295 2853 516 2932 scribendum:
550 2852 584 2914 εἷ
615 2851 678 2928 γὰρ
710 2852 756 2922 ὦς
788 2855 831 2928 μὴ
857 2852 959 2926 πορὼν
984 2853 1014 2914 ἐν
1037 2852 1132 2932 Τροίᾳ
1158 2850 1334 2924 Δημόδοκος
1360 2851 1480 2920 πόντος

296 2963 372 3027 οὐδ’
406 2957 504 3024 ἄλλον
535 2957 672 3028 dmiccc
706 2955 777 3042 ᾖσε,
809 2961 916 3039 φοιμὲν
948 2955 992 3020 ότι
1026 2956 1243 3028 οιθτοδόδκκσος
1277 2953 1310 3029 ἦν
1336 2957 1395 3021 ὑπὸ
1420 2959 1481 3022 θεοῦ

297 3069 511 3146 ἑμπνεθμενος.

341 3283 373 3360 θ,
399 3279 474 3346 492.
511 3282 602 3344 Ἀλλ’
633 3275 696 3358 alys
726 3277 761 3352 δὴ
793 3277 950 3356 μετθβιρθι
982 3275 1033 3340 xci
1067 3275 1161 3340 ἵππον
1195 3272 1306 3350 κόσμον
1330 3272 1434 3340 ἄεισον
1457 3279 1472 3350 ΙΙ

294 3389 463 3469 δουρατέου.
513 3385 566 3450 Ad
596 3385 672 3450 haec
704 3386 821 3449 iterum
854 3405 891 3448 ex
923 3383 966 3463 Q:
998 3381 1121 3447 πιθανὸν
1154 3384 1188 3446 τδ
1221 3383 1411 3463 satrapas,
1435 3380 1482 3442 ira

295 3496 369 3577 παρ’
405 3493 504 3559 ἄλλον
538 3493 686 3566 μαθόντες
724 3492 782 3562 τὰς
823 3491 852 3553 ἐν
890 3492 969 3568 Ἰλίῳ
1006 3489 1130 3568 aptiae
1166 3488 1363 3564 ὑπομένοντες
1397 3487 1482 3552 οδιιοό·

295 3627 414 3680 ωμεν,
439 3598 541 3674 ἐπειδὴ
567 3601 629 3666 πόσε
654 3597 775 3666 ἔπκινος
798 3595 904 3676 Φθόνον
931 3599 1016 3674 παροδ
1041 3599 1099 3660 σῶν
1119 3595 1285 3660 οὶκονόντον
1307 3596 1482 3678 inspiras,

296 3714 313 3785 θ
349 3710 380 3775 δὲ
415 3705 620 3785 ἐπαινουμένῳ
656 3706 802 3782 προσώπῳ
838 3703 982 3783 οὶκρόοισις
1018 3701 1113 3782 μείζω
1151 3704 1204 3774 τὴν
1240 3699 1398 3776 ἔκπληξιν.
1433 3697 1483 3784 (Q)

294 3817 383 3883 Haec
401 3835 464 3879 non
484 3816 591 3876 miuus
611 3832 704 3895 quam
729 3813 839 3874 statim
863 3810 1080 3895 praecedentia
1105 3807 1292 3892 corruptelis
1315 3827 1411 3872 omne
1433 3827 1483 3893 ga-
1587 3827 1588 3840 ¹

293 3945 353 3988 uus
377 3927 506 3988 scatent.
555 3918 623 3984 lom
647 3919 788 4001 primum
812 3919 957 4002 ineptum
983 3923 1030 3982 eat
1055 3915 1221 3989 ἀκούωμεν.
1267 3912 1358 3978 Nihil
1386 3911 1484 3977 Ulixis

293 4033 418 4096 iussum
454 4027 494 4093 ad
527 4025 660 4091 lectores
695 4005 848 4107 pdrtiuet‚
884 4026 938 4108 qui
973 4029 1057 4088 certe
1092 4043 1152 4088 uon
1185 4022 1224 4086 ab
1256 4039 1292 4086 eo
1324 4019 1363 4086 de
1394 4021 1484 4084 rebus

295 4138 408 4221 Troiae
438 4137 538 4221 gestis
569 4133 735 4197 docemur:
768 4149 868 4212 neque
896 4131 1046 4195 hocerat
1071 4130 1268 4200 timendum.
1295 4127 1348 4192 sed
1374 4148 1414 4192 ne
1437 4127 1483 4188 ui-

295 4248 399 4310 mium
430 4242 469 4307 de
499 4263 532 4304 se
563 4237 771 4324 praedicando
795 4236 973 4302 Phaeacum
997 4239 1120 4302 animos
1145 4235 1323 4301 offenderet.
1373 4233 1482 4318 ltaque

295 4353 463 4416 οὶκοόοοιν
488 4345 677 4427 rescriptum
702 4349 836 4425 oportet.
884 4341 968 4408 'l’um
991 4346 1063 4426 quia
1086 4363 1198 4407 verum
1222 4344 1407 4418 existimet,
1439 4337 1481 4404 ότι
1586 4415 1587 4426 ¹

295 4461 359 4532 πᾶς
393 4453 514 4526 ἔσοιινος
545 4449 654 4534 φθόνον
686 4447 772 4528 rapa
803 4449 861 4510 σῶν
886 4447 1054 4516 ἀκουόντων
1077 4445 1259 4528 inciperci?
1283 4445 1483 4534 Contempto·
1586 4453 1587 4466 ¹
