3278 5148
832 235 898 307 304

271 415 284 491 i
322 427 388 492 κοιί
425 425 584 508 είρητοιι
623 427 730 502 κίστη·
758 467 798 478 --
823 435 895 494 τῶν·
915 431 941 494 δ’
974 426 1065 508 ἅπαξ
1089 432 1258 514 εἰρημένων.
1305 431 1464 498 Similiter

277 534 375 600 etiam
399 533 553 599 Photius:
579 535 715 610 κίστη·
740 534 806 600 eal
830 535 985 623 κοίτης,
1010 539 1139 618 οίργεῑον
1161 540 1191 606 ἒν
1211 534 1232 622 ᾧ
1253 539 1295 606 τοὶ
1307 537 1465 618 βρώμασιν

277 647 378 706 κεῖτκι
403 643 419 716 ἢ
444 639 558 716 iecisset
582 666 689 726 τινοι,
713 642 806 720 ἥρονν
830 643 994 722 κιβώτιον.
1031 645 1160 731 Optima
1183 647 1327 717 Naberns
1350 647 1389 712 V.
1413 646 1464 713 cl.

273 748 364 820 κοιτίς
398 751 553 824 correxit,
587 769 644 814 cnr
674 755 782 814 antem
808 751 994 816 antecedens
1019 773 1143 839 quoqne
1167 755 1221 820 καί
1244 757 1466 838 circumscrip-

270 855 363 930 serit,
398 875 459 921 non
492 857 613 940 optime
646 855 811 941 perspicio.
861 858 952 931 Κοίτη
978 861 1064 924 enim
1089 867 1122 925 et
1146 861 1256 944 κοιτίο,
1281 881 1352 926 rara
1375 859 1463 926 Atti·

271 981 381 1028 corum
406 959 561 1026 vocabula
584 967 616 1026 et
640 961 679 1026 ab
702 959 866 1048 Hesychio
892 968 924 1029 et
948 965 987 1029 ab
1011 963 1215 1054 litymologis
1239 972 1271 1032 et
1293 988 1311 1032 a
1332 966 1464 1033 Polluce

271 1068 310 1134 de
335 1069 493 1133 industrie
516 1066 693 1146 illustrata,
718 1089 790 1133 cum
814 1089 877 1134 non
902 1070 980 1136 bene
1001 1072 1040 1136 ed
1061 1073 1356 1158 interpretationem
1378 1073 1463 1140 vocis

270 1175 361 1249 κίστη
398 1175 541 1241 adhiberi
578 1193 667 1258 posse
702 1174 784 1239 mihi
819 1175 1004 1260 videantur,
1035 1179 1068 1242 in
1099 1178 1209 1244 Photii
1240 1177 1347 1267 glossa
1371 1180 1463 1249 κοιτίι

272 1303 396 1368 quoqne
420 1282 459 1348 ad
483 1280 603 1347 lemme
626 1283 783 1367 pertinere
806 1282 994 1348 crediderim
1006 1283 1040 1368 1).
1075 1284 1243 1352 Praetereo
1265 1289 1387 1352 mirum
1410 1308 1462 1352 ec·

269 1389 366 1466 cidit,
400 1388 483 1473 qnod
516 1387 558 1452 τὰ
592 1387 749 1466 arcessa
782 1389 938 1466 ηίμιίτιοί
963 1414 1032 1454 τινοι
1056 1393 1103 1456 sic
1127 1394 1382 1480 coniunguntur,
1405 1413 1463 1459 nec

270 1494 347 1581 qnid
380 1493 514 1580 plurelis
547 1494 678 1572 κιβώτιιι
711 1495 773 1560 sibi
797 1495 875 1562 velit
899 1499 977 1561 setis
1000 1497 1142 1582 expedio.
1191 1498 1405 1578 Quamobrem
1430 1501 1462 1564 in

271 1602 387 1668 Pholic
411 1602 562 1667 scribam:
590 1601 707 1675 κίστη
732 1599 796 1665 καί
822 1603 967 1673 κοιτίς·
992 1604 1123 1682 amor
1148 1604 1178 1668 ἒν
1201 1600 1221 1685 ᾧ
1241 1605 1281 1669 τοὶ
1304 1601 1461 1684 βρώματα

270 1717 371 1774 κεῖτοιι
397 1709 413 1784 ἢ
440 1708 554 1784 ίμοίτιοί
578 1729 705 1790 τινος,
729 1707 822 1785 ἤγουν
846 1708 1029 1786 κιβώτιον,
1050 1711 1317 1795 quemadmodum
1336 1715 1460 1778 inverso

269 1816 377 1882 ordine
402 1835 512 1881 vocem
537 1813 668 1892 κιβωτίο
693 1818 856 1900 exposuit:
879 1814 1017 1894 κοίρνοιξ,
1038 1818 1139 1890 κίστη.
1166 1816 1324 1905 Hesychii
1336 1818 1459 1906 glossae

269 1927 361 1999 sunt,
386 1922 513 1994 κίστη·
539 1921 670 1999 emron
694 1921 843 2006 τλεκτίν,
865 1923 907 1994 είς
929 1918 943 1986 ἓ
964 1923 1076 2003 βρῶμοι
1098 1924 1244 1989 ἕνετίίετο
1265 1925 1317 1988 καὶ
1332 1926 1458 2002 ίμοίτισ.

270 2028 413 2108 κιβωτός.
440 2034 458 2104 ἢ
484 2028 606 2099 οίτοιλίι
621 2025 679 2114 (l),
704 2027 832 2094 deinde:
859 2028 996 2103 κοίτη·
1021 2033 1129 2108 κίστη,
1154 2032 1184 2095 ἐν
1205 2029 1223 2114 ᾗ
1242 2032 1285 2095 τοὶ
1301 2031 1459 2112 optem

271 2138 388 2222 ἔφερον.
413 2139 446 2202 al
471 2137 501 2202 δὲ
526 2135 648 2214 μικροί,
674 2134 801 2206 κοιτίδος
810 2180 819 2214 ,
845 2141 877 2200 et
901 2137 1046 2208 κοιτίς·
1073 2140 1090 2214 ἡ
1114 2137 1275 2218 μικροτέρα
1300 2143 1407 2215 κίστη,
1430 2139 1459 2202 ἐν

268 2243 288 2328 ᾗ
310 2247 323 2310 ί
348 2253 523 2324 γυναικεῖος
548 2241 660 2320 κόσμος
687 2241 860 2308 οίτετίίετο.

312 2457 348 2542 ζ,
376 2455 449 2522 101.
476 2455 741 2533 Μετοιβοιλὼν
771 2454 808 2520 τί
840 2455 976 2537 ,σφοιίρη
1007 2458 1061 2522 rari
1094 2456 1121 2522 δ’
1154 2456 1203 2539 ἄρ’
1227 2457 1370 2539 ἔτκιζον”
1396 2460 1456 2544 (vs.

270 2565 346 2652 100)
372 2560 439 2628 εἶτε
465 2572 554 2644 ,τῇσι
579 2562 610 2628 δὲ
635 2559 806 2626 Νοινοικοίοι
830 2561 1011 2634 λευκώλενον
1038 2565 1150 2645 irasc
1174 2563 1329 2641 μολπης,”
1350 2569 1457 2629 πᾶσαν

267 2673 393 2738 certato
429 2671 552 2748 μολτην
582 2669 691 2745 λέγων.
728 2665 753 2732 oi
785 2667 816 2731 δὲ
841 2671 972 2746 νεώτεροι
999 2670 1053 2743 την
1077 2671 1162 2746 ᾠδήν.
1189 2665 1233 2735 ὅτι
1258 2671 1290 2736 δὲ
1313 2673 1366 2737 οὐκ
1388 2669 1457 2754 ᾖδεν

266 2784 282 2857 η
307 2776 476 2845 Novaricia
500 2776 575 2840 ἀλλ’
599 2771 777 2858 ἐσφαίριζε,
801 2775 890 2848 δηλοῖ
910 2776 945 2840 τό
969 2785 1128 2856 „coniecta
1148 2775 1245 2842 ἔπειτ’
1267 2775 1367 2858 ἔρριψε
1388 2779 1458 2856 μετ’

265 2887 447 2968 ἀμφίπολον
482 2881 666 2961 βασίλειοι.”
703 2881 874 2967 (BEHPQ)
910 2881 1063 2948 Doctrina
1098 2889 1145 2949 eat
1181 2885 1384 2952 Aristarchee
1417 2885 1457 2950 ab

263 2994 441 3060 Aristonico
476 2992 636 3076 exposita,
675 3009 737 3074 qne
768 2988 806 3052 de
840 3010 872 3054 re
895 2997 1016 3054 constat
1041 2992 1124 3055 inter
1148 3012 1258 3057 omnes
1273 2992 1316 3075 ²),
1342 2991 1457 3060 simili·

265 3106 374 3184 terque
398 3117 472 3162 cnm
496 3097 611 3161 nostris
635 3096 668 3159 in
693 3115 793 3158 annum
818 3097 1038 3180 coniungenda
1063 3117 1149 3171 esse,
1175 3119 1255 3182 qnae
1280 3119 1319 3163 ex
1343 3096 1457 3164 soloP

263 3208 374 3272 statim
399 3211 593 3289 sequnntur,
618 3205 697 3267 item
717 3221 797 3286 quae
816 3201 855 3266 ad
876 3201 893 3264 l
915 3200 954 3266 19
977 3222 1015 3266 ex
1040 3202 1105 3282 ΜΩ
1119 3211 1246 3270 enotata
1258 3209 1332 3269 sunt
1345 3205 1455 3270 eodem

261 3317 434 3401 pertinere,
460 3317 582 3376 certum
607 3315 663 3374 est.
689 3307 750 3374 Sed
775 3313 958 3392 suspectum
980 3309 1062 3372 mihi
1081 3330 1204 3396 quoqne
1226 3316 1276 3375 est
1294 3312 1328 3374 in
1340 3314 1458 3376 nostrie

264 3417 476 3501 assellatio,
501 3421 533 3482 et
555 3415 698 3480 multum
722 3433 831 3480 vereor
854 3421 891 3478 nt
914 3417 979 3479 iem
1003 3431 1074 3480 turn
1103 3415 1354 3503 significaverit,
1373 3418 1456 3502 quod

264 3529 317 3594 hic
348 3528 382 3590 ἐκ
405 3527 463 3590 τῶν
486 3521 748 3603 σομφροιζομίνιιν
773 3519 952 3607 significare
977 3520 1115 3586 videtur.
1163 3523 1248 3603 Quin
1271 3545 1333 3588 non
1359 3523 1458 3589 dubia

262 3636 453 3702 correctione
488 3630 681 3696 mutandum
716 3633 764 3694 est
799 3629 830 3690 in
862 3626 1135 3707 μοτοιιιοιβοίν,
1171 3630 1254 3716 quod
1283 3630 1370 3696 idem
1400 3651 1456 3715 pro

296 3888 323 3952 l)
343 3883 474 3936 Similiter:
494 3869 669 3944 ΙίικνινινντιίρισΙ
685 3879 726 3930 καί
745 3878 894 3942 τλνντνίρισ·
915 3875 1001 3943 ἑορτῶν
1028 3877 1143 3941 ίνίμιιτιι.
1165 3903 1197 3915 --
1220 3887 1300 3940 Κητος
1318 3882 1360 3931 καί
1378 3881 1457 3946 πικρά·

262 3973 339 4033 δεινος
356 3973 471 4038 διαφόροις
488 3976 544 4036 παρ’
563 3967 646 4029 αὐτοῖς
664 3968 776 4031 Λίγιτοιι.
792 3994 821 4002 -
840 3970 1004 4033 Κροινγιισμὸς
1020 3969 1062 4019 καί
1078 3965 1223 4034 κρικνγιίζοιν
1240 3982 1298 4020 κτλ.
1312 3999 1341 4007 -
1356 3975 1456 4023 Koreai·

263 4076 347 4132 χαλκο
363 4064 405 4113 καί
418 4064 588 4127 ὀγκνσίχοιλος
606 4071 664 4110 κτλ.
683 4062 714 4110 le
732 4061 764 4111 sio
782 4077 803 4110 v.
821 4078 840 4110 c.
859 4059 940 4118 Ἰστίρ
955 4059 996 4109 καί
1012 4060 1106 4124 κεροιίοι·
1125 4059 1198 4120 ὃμὲν
1214 4061 1282 4119 loric
1299 4062 1329 4110 ri
1339 4058 1457 4124 ἐπίμηκες

263 4153 334 4218 {dem
362 4151 410 4204 ίνν
437 4152 583 4215 τιτιιμίιον,
611 4151 694 4215 κερκίσι
720 4148 746 4198 ll
773 4149 808 4198 ric
826 4148 933 4212 τιιιίγισι.
956 4177 982 4186 ·-
1012 4146 1165 4215 Ἰχίνονλκίς
1190 4149 1231 4200 καί
1247 4149 1423 4214 ἰχίνσβολείο’
1444 4154 1457 4200 ὁ

262 4242 353 4304 κίνησίς.
388 4246 451 4296 Satis
482 4245 539 4293 hoec
563 4245 704 4301 ostendant,
731 4242 845 4294 Piotinrn
871 4243 1006 4294 consimiles
1031 4243 1119 4305 glossas
1147 4241 1258 4309 copnlarc
1285 4258 1455 4310 nonnunquam

264 4331 394 4478 1011111111.
411 4410 493 4461 lehre.
512 4410 586 4460 Arist.
604 4426 626 4476 ρ.
646 4409 695 4460 lea
713 4408 749 4457 cd.
770 4408 819 4459 iac.

500 4683 513 4722 Ο
