<?xml version="1.0" encoding="UTF-8"?>
<!DOCTYPE html PUBLIC "-//W3C//DTD XHTML 1.0 Transitional//EN"
    "http://www.w3.org/TR/xhtml1/DTD/xhtml1-transitional.dtd">
<html xmlns="http://www.w3.org/1999/xhtml" xml:lang="en" lang="en">
 <head>
  <title>
</title>
<meta http-equiv="Content-Type" content="text/html;charset=utf-8" />
  <meta name='ocr-system' content='tesseract 3.04.00' />
  <meta name='ocr-capabilities' content='ocr_page ocr_carea ocr_par ocr_line ocrx_word'/>
</head>
<body>
  <div class='ocr_page' id='page_1' title='image "./adodysseameiusq01polagoog_0528.png"; bbox 0 0 3220 5144; ppageno 0'>
   <div class='ocr_carea' id='block_1_1' title="bbox 703 317 769 381">
    <p class='ocr_par' dir='ltr' id='par_1_1' title="bbox 703 317 769 381">
     <span class='ocr_line' id='line_1_1' title="bbox 703 317 769 381; baseline 0 -1"><span class='ocrx_word' id='word_1_1' title='bbox 703 317 769 381; x_wconf 79' lang='lat'>513</span> 
     </span>
    </p>
   </div>
   <div class='ocr_carea' id='block_1_2' title="bbox 137 507 1406 1236">
    <p class='ocr_par' dir='ltr' id='par_1_2' title="bbox 137 507 1406 1236">
     <span class='ocr_line' id='line_1_2' title="bbox 137 507 1326 596; baseline 0.003 -20"><span class='ocrx_word' id='word_1_2' title='bbox 137 511 170 576; x_wconf 88' lang='lat' dir='ltr'>id</span> <span class='ocrx_word' id='word_1_3' title='bbox 205 519 236 577; x_wconf 88' lang='lat' dir='ltr'>et</span> <span class='ocrx_word' id='word_1_4' title='bbox 269 509 360 578; x_wconf 83' lang='lat' dir='ltr'>aliter</span> <span class='ocrx_word' id='word_1_5' title='bbox 391 508 568 596; x_wconf 74' lang='lat' dir='ltr'>explicatur</span> <span class='ocrx_word' id='word_1_6' title='bbox 598 515 630 574; x_wconf 92' lang='lat' dir='ltr'>et</span> <span class='ocrx_word' id='word_1_7' title='bbox 653 511 714 574; x_wconf 84' lang='lat' dir='ltr'>nio:</span> <span class='ocrx_word' id='word_1_8' title='bbox 740 507 766 572; x_wconf 83' lang='lat' dir='ltr'>oi</span> <span class='ocrx_word' id='word_1_9' title='bbox 789 508 838 588; x_wconf 84' lang='grc' dir='ltr'><strong><em>δι’,</em></strong></span> <span class='ocrx_word' id='word_1_10' title='bbox 863 511 932 582; x_wconf 80' lang='grc' dir='ltr'><strong><em>τοὺς</em></strong></span> <span class='ocrx_word' id='word_1_11' title='bbox 958 512 1160 590; x_wconf 76' lang='grc' dir='ltr'><strong><em>πολεμικούς,</em></strong></span> <span class='ocrx_word' id='word_1_12' title='bbox 1186 513 1249 578; x_wconf 73' lang='lat' dir='ltr'>dri</span> <span class='ocrx_word' id='word_1_13' title='bbox 1273 521 1326 580; x_wconf 83' lang='grc' dir='ltr'>τοῦ</span> 
     </span>
     <span class='ocr_line' id='line_1_3' title="bbox 138 614 1327 705; baseline 0.003 -21"><span class='ocrx_word' id='word_1_14' title='bbox 138 620 228 686; x_wconf 80' lang='grc' dir='ltr'><strong><em>σνθιιν</em></strong></span> <span class='ocrx_word' id='word_1_15' title='bbox 261 621 319 690; x_wconf 78' lang='grc' dir='ltr'><strong><em>τθιρ</em></strong></span> <span class='ocrx_word' id='word_1_16' title='bbox 351 618 462 700; x_wconf 73' lang='grc' dir='ltr'><strong><em>τρίχας</em></strong></span> <span class='ocrx_word' id='word_1_17' title='bbox 495 625 550 692; x_wconf 72' lang='grc' dir='ltr'>τῆς</span> <span class='ocrx_word' id='word_1_18' title='bbox 581 615 777 698; x_wconf 74' lang='grc' dir='ltr'>κεφαλαίοις.</span> <span class='ocrx_word' id='word_1_19' title='bbox 801 614 856 700; x_wconf 81' lang='lat' dir='ltr'>(B)</span> <span class='ocrx_word' id='word_1_20' title='bbox 887 617 994 684; x_wconf 82' lang='lat' dir='ltr'>Donec</span> <span class='ocrx_word' id='word_1_21' title='bbox 1016 617 1110 705; x_wconf 81' lang='lat' dir='ltr'>galea</span> <span class='ocrx_word' id='word_1_22' title='bbox 1132 619 1256 686; x_wconf 84' lang='lat' dir='ltr'>dicetur</span> <span class='ocrx_word' id='word_1_23' title='bbox 1278 647 1327 688; x_wconf 82' lang='grc' dir='ltr'><strong><em>ονε·</em></strong></span> 
     </span>
     <span class='ocr_line' id='line_1_4' title="bbox 137 722 1406 814; baseline 0.002 -22"><span class='ocrx_word' id='word_1_24' title='bbox 137 726 286 808; x_wconf 76' lang='grc' dir='ltr'><strong><em>φαλαία,</em></strong></span> <span class='ocrx_word' id='word_1_25' title='bbox 309 727 462 790; x_wconf 80' lang='lat' dir='ltr'>usitatum</span> <span class='ocrx_word' id='word_1_26' title='bbox 487 733 542 799; x_wconf 77' lang='grc' dir='ltr'>τηρ</span> <span class='ocrx_word' id='word_1_27' title='bbox 564 722 929 808; x_wconf 67' lang='grc' dir='ltr'><strong><em>(περηαεφαλαθαρ</em></strong></span> <span class='ocrx_word' id='word_1_28' title='bbox 950 743 1147 809; x_wconf 81' lang='lat' dir='ltr'>reponemus.</span> <span class='ocrx_word' id='word_1_29' title='bbox 1172 723 1327 814; x_wconf 83' lang='lat' dir='ltr'>Denump-</span> <span class='ocrx_word' id='word_1_30' title='bbox 1403 751 1406 758; x_wconf 64' lang='lat'><em>¹</em></span> 
     </span>
     <span class='ocr_line' id='line_1_5' title="bbox 137 829 1326 918; baseline 0.003 -20"><span class='ocrx_word' id='word_1_31' title='bbox 137 839 205 898; x_wconf 89' lang='lat' dir='ltr'>tam</span> <span class='ocrx_word' id='word_1_32' title='bbox 229 853 295 898; x_wconf 88' lang='lat' dir='ltr'>eaae</span> <span class='ocrx_word' id='word_1_33' title='bbox 321 831 565 917; x_wconf 83' lang='lat' dir='ltr'>explieationem</span> <span class='ocrx_word' id='word_1_34' title='bbox 589 851 627 894; x_wconf 89' lang='lat' dir='ltr'>ex</span> <span class='ocrx_word' id='word_1_35' title='bbox 650 829 814 914; x_wconf 83' lang='lat' dir='ltr'>Apollonii</span> <span class='ocrx_word' id='word_1_36' title='bbox 837 829 1003 918; x_wconf 83' lang='lat' dir='ltr'>Sophietae</span> <span class='ocrx_word' id='word_1_37' title='bbox 1023 831 1139 900; x_wconf 85' lang='lat' dir='ltr'>Lexioo</span> <span class='ocrx_word' id='word_1_38' title='bbox 1155 833 1326 902; x_wconf 80' lang='lat' dir='ltr'>Homerioo</span> 
     </span>
     <span class='ocr_line' id='line_1_6' title="bbox 138 935 1326 1023; baseline 0.003 -19"><span class='ocrx_word' id='word_1_39' title='bbox 138 939 254 1004; x_wconf 83' lang='lat' dir='ltr'>diserte</span> <span class='ocrx_word' id='word_1_40' title='bbox 289 944 425 1004; x_wconf 79' lang='lat' dir='ltr'>testatur</span> <span class='ocrx_word' id='word_1_41' title='bbox 458 939 586 1004; x_wconf 81' lang='lat' dir='ltr'>uberius</span> <span class='ocrx_word' id='word_1_42' title='bbox 620 935 835 1023; x_wconf 81' lang='lat' dir='ltr'>Vulgatornm</span> <span class='ocrx_word' id='word_1_43' title='bbox 867 938 1025 1004; x_wconf 83' lang='lat' dir='ltr'>scholion:</span> <span class='ocrx_word' id='word_1_44' title='bbox 1059 940 1261 1013; x_wconf 77' lang='grc' dir='ltr'><strong><em>Ἀπολλώνιος</em></strong></span> <span class='ocrx_word' id='word_1_45' title='bbox 1295 944 1326 1008; x_wconf 81' lang='grc' dir='ltr'>δὲ</span> 
     </span>
     <span class='ocr_line' id='line_1_7' title="bbox 138 1043 1325 1124; baseline 0.004 -15"><span class='ocrx_word' id='word_1_46' title='bbox 138 1046 206 1118; x_wconf 77' lang='grc' dir='ltr'><strong><em>τοὺς</em></strong></span> <span class='ocrx_word' id='word_1_47' title='bbox 243 1045 427 1123; x_wconf 76' lang='grc' dir='ltr'><strong><em>πολεμικοὺς</em></strong></span> <span class='ocrx_word' id='word_1_48' title='bbox 463 1043 571 1124; x_wconf 72' lang='grc' dir='ltr'><strong><em>λέγει,</em></strong></span> <span class='ocrx_word' id='word_1_49' title='bbox 603 1047 666 1110; x_wconf 62' lang='lat' dir='ltr'>eei</span> <span class='ocrx_word' id='word_1_50' title='bbox 701 1048 754 1110; x_wconf 84' lang='grc' dir='ltr'>τοῦ</span> <span class='ocrx_word' id='word_1_51' title='bbox 785 1043 950 1116; x_wconf 72' lang='grc' dir='ltr'><strong><em>ἀΐσσονται</em></strong></span> <span class='ocrx_word' id='word_1_52' title='bbox 976 1047 1029 1110; x_wconf 75' lang='grc' dir='ltr'>καὶ</span> <span class='ocrx_word' id='word_1_53' title='bbox 1053 1046 1243 1119; x_wconf 72' lang='grc' dir='ltr'><strong><em>ἐπιστέωνται</em></strong></span> <span class='ocrx_word' id='word_1_54' title='bbox 1267 1050 1325 1122; x_wconf 79' lang='grc' dir='ltr'>τδρ</span> 
     </span>
     <span class='ocr_line' id='line_1_8' title="bbox 137 1151 1185 1236; baseline -0.004 -14"><span class='ocrx_word' id='word_1_55' title='bbox 137 1157 237 1234; x_wconf 75' lang='grc' dir='ltr'><strong><em>κόμας</em></strong></span> <span class='ocrx_word' id='word_1_56' title='bbox 261 1155 290 1220; x_wconf 86' lang='grc' dir='ltr'>έν</span> <span class='ocrx_word' id='word_1_57' title='bbox 316 1163 353 1236; x_wconf 70' lang='grc' dir='ltr'>τῇ</span> <span class='ocrx_word' id='word_1_58' title='bbox 379 1155 615 1235; x_wconf 81' lang='grc' dir='ltr'><strong><em>περιοιεφαλαθρι</em></strong></span> <span class='ocrx_word' id='word_1_59' title='bbox 639 1159 804 1227; x_wconf 76' lang='grc' dir='ltr'><strong><em>πολεμεῖν,</em></strong></span> <span class='ocrx_word' id='word_1_60' title='bbox 829 1151 891 1217; x_wconf 80' lang='grc' dir='ltr'><strong><em>ἴσον</em></strong></span> <span class='ocrx_word' id='word_1_61' title='bbox 915 1154 957 1232; x_wconf 81' lang='grc' dir='ltr'>τῷ</span> <span class='ocrx_word' id='word_1_62' title='bbox 984 1153 1185 1234; x_wconf 82' lang='grc' dir='ltr'><strong><em>,κορνθθϊαι.”</em></strong></span> 
     </span>
    </p>
   </div>
   <div class='ocr_carea' id='block_1_3' title="bbox 135 1361 1328 2946">
    <p class='ocr_par' dir='ltr' id='par_1_3' title="bbox 135 1361 1328 2946">
     <span class='ocr_line' id='line_1_9' title="bbox 181 1361 1142 1452; baseline 0 -18"><span class='ocrx_word' id='word_1_63' title='bbox 181 1393 219 1446; x_wconf 85' lang='grc' dir='ltr'>τ,</span> <span class='ocrx_word' id='word_1_64' title='bbox 245 1369 321 1438; x_wconf 81' lang='grc'>599.</span> <span class='ocrx_word' id='word_1_65' title='bbox 630 1361 636 1376; x_wconf 42' lang='lat'>‘</span> <span class='ocrx_word' id='word_1_66' title='bbox 665 1369 710 1435; x_wconf 83' lang='grc' dir='ltr'>Σὺ</span> <span class='ocrx_word' id='word_1_67' title='bbox 735 1370 766 1436; x_wconf 78' lang='grc' dir='ltr'>δὲ</span> <span class='ocrx_word' id='word_1_68' title='bbox 789 1369 875 1446; x_wconf 78' lang='grc' dir='ltr'><strong><em>λέξεο</em></strong></span> <span class='ocrx_word' id='word_1_69' title='bbox 899 1369 967 1452; x_wconf 78' lang='grc' dir='ltr'>τῷδ’</span> <span class='ocrx_word' id='word_1_70' title='bbox 991 1371 1032 1434; x_wconf 75' lang='grc' dir='ltr'>ἐνὶ</span> <span class='ocrx_word' id='word_1_71' title='bbox 1057 1373 1142 1450; x_wconf 75' lang='grc' dir='ltr'><strong><em>οἴκῳ,</em></strong></span> 
     </span>
     <span class='ocr_line' id='line_1_10' title="bbox 317 1475 1141 1557; baseline 0.005 -17"><span class='ocrx_word' id='word_1_72' title='bbox 317 1477 334 1550; x_wconf 77' lang='grc' dir='ltr'>θη</span> <span class='ocrx_word' id='word_1_73' title='bbox 358 1477 502 1557; x_wconf 71' lang='grc' dir='ltr'><strong><em>χαμάδις</em></strong></span> <span class='ocrx_word' id='word_1_74' title='bbox 525 1475 671 1556; x_wconf 84' lang='grc' dir='ltr'><strong><em>στορέσας</em></strong></span> <span class='ocrx_word' id='word_1_75' title='bbox 694 1476 758 1550; x_wconf 79' lang='grc' dir='ltr'><strong><em>ἤτοι</em></strong></span> <span class='ocrx_word' id='word_1_76' title='bbox 782 1476 868 1540; x_wconf 82' lang='grc' dir='ltr'><strong><em>αατθι</em></strong></span> <span class='ocrx_word' id='word_1_77' title='bbox 892 1475 999 1554; x_wconf 77' lang='grc' dir='ltr'><strong><em>δέμνια</em></strong></span> <span class='ocrx_word' id='word_1_78' title='bbox 1024 1475 1141 1544; x_wconf 87' lang='grc' dir='ltr'><strong><em>θέντων.</em></strong></span> 
     </span>
     <span class='ocr_line' id='line_1_11' title="bbox 137 1581 1328 1663; baseline 0.002 -14"><span class='ocrx_word' id='word_1_79' title='bbox 137 1585 185 1650; x_wconf 88' lang='lat' dir='ltr'>Ad</span> <span class='ocrx_word' id='word_1_80' title='bbox 218 1584 371 1649; x_wconf 83' lang='lat' dir='ltr'>ultimum</span> <span class='ocrx_word' id='word_1_81' title='bbox 401 1581 594 1649; x_wconf 78' lang='lat' dir='ltr'>vocabulum</span> <span class='ocrx_word' id='word_1_82' title='bbox 626 1581 678 1646; x_wconf 89' lang='lat' dir='ltr'>H:</span> <span class='ocrx_word' id='word_1_83' title='bbox 711 1582 728 1656; x_wconf 80' lang='grc' dir='ltr'>θη</span> <span class='ocrx_word' id='word_1_84' title='bbox 753 1581 970 1663; x_wconf 70' lang='grc' dir='ltr'><strong><em>θεραπαινίδων</em></strong></span> <span class='ocrx_word' id='word_1_85' title='bbox 993 1585 1110 1649; x_wconf 83' lang='grc' dir='ltr'><strong><em>θέντων</em></strong></span> <span class='ocrx_word' id='word_1_86' title='bbox 1125 1586 1197 1649; x_wconf 80' lang='grc' dir='ltr'>κατ’</span> <span class='ocrx_word' id='word_1_87' title='bbox 1224 1591 1328 1651; x_wconf 82' lang='grc' dir='ltr'><strong><em>Ἀττι-</em></strong></span> 
     </span>
     <span class='ocr_line' id='line_1_12' title="bbox 136 1687 1327 1766; baseline 0.001 -10"><span class='ocrx_word' id='word_1_88' title='bbox 136 1695 209 1766; x_wconf 75' lang='grc' dir='ltr'>κήν,</span> <span class='ocrx_word' id='word_1_89' title='bbox 246 1693 263 1766; x_wconf 74' lang='grc' dir='ltr'><strong><em>ἢ</em></strong></span> <span class='ocrx_word' id='word_1_90' title='bbox 301 1691 391 1756; x_wconf 85' lang='grc' dir='ltr'><strong><em>θέτων</em></strong></span> <span class='ocrx_word' id='word_1_91' title='bbox 423 1689 491 1756; x_wconf 73' lang='grc' dir='ltr'><strong><em>σἰντὶ</em></strong></span> <span class='ocrx_word' id='word_1_92' title='bbox 523 1693 577 1753; x_wconf 84' lang='grc' dir='ltr'>τοῦ</span> <span class='ocrx_word' id='word_1_93' title='bbox 610 1689 756 1754; x_wconf 87' lang='grc' dir='ltr'><strong><em>θέτωσαν.</em></strong></span> <span class='ocrx_word' id='word_1_94' title='bbox 787 1687 960 1756; x_wconf 68' lang='lat' dir='ltr'>verissime</span> <span class='ocrx_word' id='word_1_95' title='bbox 984 1688 1166 1756; x_wconf 82' lang='lat' dir='ltr'>Diudorfius</span> <span class='ocrx_word' id='word_1_96' title='bbox 1190 1692 1229 1758; x_wconf 79' lang='lat' dir='ltr'>nd</span> <span class='ocrx_word' id='word_1_97' title='bbox 1254 1693 1327 1758; x_wconf 85' lang='grc' dir='ltr'><strong><em>κατ’</em></strong></span> 
     </span>
     <span class='ocr_line' id='line_1_13' title="bbox 135 1795 1326 1884; baseline 0.001 -20"><span class='ocrx_word' id='word_1_98' title='bbox 135 1799 299 1871; x_wconf 67' lang='lat' dir='ltr'>&#39;arriserint</span> <span class='ocrx_word' id='word_1_99' title='bbox 336 1797 484 1881; x_wconf 83' lang='lat' dir='ltr'>„videtur</span> <span class='ocrx_word' id='word_1_100' title='bbox 514 1797 668 1862; x_wconf 75' lang='lat' dir='ltr'><strong>excidisse</strong></span> <span class='ocrx_word' id='word_1_101' title='bbox 698 1795 892 1872; x_wconf 78' lang='grc' dir='ltr'><strong><em>τννηθειοο,”</em></strong></span> <span class='ocrx_word' id='word_1_102' title='bbox 918 1797 1001 1882; x_wconf 90' lang='lat' dir='ltr'>quod</span> <span class='ocrx_word' id='word_1_103' title='bbox 1025 1795 1129 1864; x_wconf 91' lang='lat' dir='ltr'>multo</span> <span class='ocrx_word' id='word_1_104' title='bbox 1152 1800 1326 1884; x_wconf 83' lang='lat' dir='ltr'>praeferen·</span> 
     </span>
     <span class='ocr_line' id='line_1_14' title="bbox 136 1902 1327 1988; baseline 0 -18"><span class='ocrx_word' id='word_1_105' title='bbox 136 1905 213 1972; x_wconf 90' lang='lat' dir='ltr'>dum</span> <span class='ocrx_word' id='word_1_106' title='bbox 249 1905 330 1970; x_wconf 86' lang='lat' dir='ltr'>duno</span> <span class='ocrx_word' id='word_1_107' title='bbox 366 1903 457 1970; x_wconf 86' lang='lat' dir='ltr'>alteri</span> <span class='ocrx_word' id='word_1_108' title='bbox 493 1906 563 1970; x_wconf 85' lang='lat' dir='ltr'>uiua</span> <span class='ocrx_word' id='word_1_109' title='bbox 593 1906 811 1970; x_wconf 86' lang='lat' dir='ltr'>conieoturae:</span> <span class='ocrx_word' id='word_1_110' title='bbox 843 1902 935 1986; x_wconf 85' lang='lat' dir='ltr'>„vel,</span> <span class='ocrx_word' id='word_1_111' title='bbox 968 1912 1100 1988; x_wconf 79' lang='grc' dir='ltr'><strong><em>σχῆμα,</em></strong></span> <span class='ocrx_word' id='word_1_112' title='bbox 1133 1909 1160 1970; x_wconf 84' lang='lat' dir='ltr'>ei</span> <span class='ocrx_word' id='word_1_113' title='bbox 1184 1907 1327 1972; x_wconf 77' lang='grc' dir='ltr'><strong><em>’λττινδν</em></strong></span> 
     </span>
     <span class='ocr_line' id='line_1_15' title="bbox 136 2009 1324 2098; baseline -0.002 -20"><span class='ocrx_word' id='word_1_114' title='bbox 136 2011 320 2078; x_wconf 86' lang='lat' dir='ltr'>eoribatur.&#39;’</span> <span class='ocrx_word' id='word_1_115' title='bbox 367 2009 472 2078; x_wconf 81' lang='lat' dir='ltr'>Simul</span> <span class='ocrx_word' id='word_1_116' title='bbox 509 2009 730 2098; x_wconf 79' lang='lat' dir='ltr'>corrigendum</span> <span class='ocrx_word' id='word_1_117' title='bbox 767 2010 784 2084; x_wconf 79' lang='grc' dir='ltr'><strong><em>ἣ</em></strong></span> <span class='ocrx_word' id='word_1_118' title='bbox 820 2011 960 2074; x_wconf 82' lang='grc' dir='ltr'><strong><em>θέντων</em></strong></span> <span class='ocrx_word' id='word_1_119' title='bbox 992 2011 1061 2074; x_wconf 72' lang='grc' dir='ltr'><strong><em>ἀντὶ</em></strong></span> <span class='ocrx_word' id='word_1_120' title='bbox 1093 2015 1146 2075; x_wconf 78' lang='grc' dir='ltr'>τοῦ</span> <span class='ocrx_word' id='word_1_121' title='bbox 1179 2013 1324 2082; x_wconf 83' lang='grc' dir='ltr'><strong><em>θέτωσαν.</em></strong></span> 
     </span>
     <span class='ocr_line' id='line_1_16' title="bbox 136 2116 1323 2203; baseline -0.002 -19"><span class='ocrx_word' id='word_1_122' title='bbox 136 2119 280 2184; x_wconf 85' lang='lat' dir='ltr'>Abeordn</span> <span class='ocrx_word' id='word_1_123' title='bbox 304 2125 353 2184; x_wconf 88' lang='lat' dir='ltr'>eat</span> <span class='ocrx_word' id='word_1_124' title='bbox 376 2119 594 2202; x_wconf 79' lang='lat' dir='ltr'>interpretatio</span> <span class='ocrx_word' id='word_1_125' title='bbox 617 2136 674 2201; x_wconf 89' lang='lat' dir='ltr'>per</span> <span class='ocrx_word' id='word_1_126' title='bbox 695 2120 881 2203; x_wconf 82' lang='lat' dir='ltr'>genetivum</span> <span class='ocrx_word' id='word_1_127' title='bbox 908 2116 1090 2184; x_wconf 82' lang='lat' dir='ltr'>absolutum</span> <span class='ocrx_word' id='word_1_128' title='bbox 1115 2119 1169 2201; x_wconf 91' lang='lat' dir='ltr'>qni</span> <span class='ocrx_word' id='word_1_129' title='bbox 1194 2119 1323 2194; x_wconf 81' lang='lat' dir='ltr'>dieitur,</span> 
     </span>
     <span class='ocr_line' id='line_1_17' title="bbox 136 2221 1328 2310; baseline 0 -19"><span class='ocrx_word' id='word_1_130' title='bbox 136 2229 340 2292; x_wconf 83' lang='lat' dir='ltr'>coniunctum</span> <span class='ocrx_word' id='word_1_131' title='bbox 372 2223 465 2288; x_wconf 91' lang='lat' dir='ltr'>illum</span> <span class='ocrx_word' id='word_1_132' title='bbox 499 2244 571 2288; x_wconf 85' lang='lat' dir='ltr'>eum</span> <span class='ocrx_word' id='word_1_133' title='bbox 598 2221 743 2309; x_wconf 81' lang='lat' dir='ltr'>enallage</span> <span class='ocrx_word' id='word_1_134' title='bbox 766 2225 909 2309; x_wconf 79' lang='lat' dir='ltr'>generis,</span> <span class='ocrx_word' id='word_1_135' title='bbox 935 2225 988 2287; x_wconf 85' lang='lat' dir='ltr'>oni</span> <span class='ocrx_word' id='word_1_136' title='bbox 1012 2231 1118 2289; x_wconf 90' lang='lat' dir='ltr'>tamen</span> <span class='ocrx_word' id='word_1_137' title='bbox 1142 2227 1328 2310; x_wconf 87' lang='lat' dir='ltr'>interpreta-</span> 
     </span>
     <span class='ocr_line' id='line_1_18' title="bbox 138 2327 1326 2415; baseline 0 -19"><span class='ocrx_word' id='word_1_138' title='bbox 138 2333 215 2398; x_wconf 93' lang='lat' dir='ltr'>tioni</span> <span class='ocrx_word' id='word_1_139' title='bbox 250 2333 355 2398; x_wconf 82' lang='lat' dir='ltr'>neseio</span> <span class='ocrx_word' id='word_1_140' title='bbox 386 2349 447 2415; x_wconf 87' lang='lat' dir='ltr'>quo</span> <span class='ocrx_word' id='word_1_141' title='bbox 481 2329 576 2394; x_wconf 89' lang='lat' dir='ltr'>modo</span> <span class='ocrx_word' id='word_1_142' title='bbox 605 2331 823 2414; x_wconf 80' lang='lat' dir='ltr'>patrocinatur</span> <span class='ocrx_word' id='word_1_143' title='bbox 844 2327 1071 2396; x_wconf 83' lang='lat' dir='ltr'>Buttmannna.</span> <span class='ocrx_word' id='word_1_144' title='bbox 1121 2331 1163 2396; x_wconf 84' lang='lat' dir='ltr'>At</span> <span class='ocrx_word' id='word_1_145' title='bbox 1186 2337 1272 2398; x_wconf 85' lang='lat' dir='ltr'>reete</span> <span class='ocrx_word' id='word_1_146' title='bbox 1294 2339 1326 2397; x_wconf 90' lang='lat' dir='ltr'>at</span> 
     </span>
     <span class='ocr_line' id='line_1_19' title="bbox 137 2429 1327 2520; baseline 0 -15"><span class='ocrx_word' id='word_1_147' title='bbox 137 2438 192 2505; x_wconf 92' lang='lat' dir='ltr'>alii</span> <span class='ocrx_word' id='word_1_148' title='bbox 217 2445 249 2505; x_wconf 89' lang='lat' dir='ltr'>et</span> <span class='ocrx_word' id='word_1_149' title='bbox 271 2438 401 2503; x_wconf 80' lang='lat' dir='ltr'>Faesiue</span> <span class='ocrx_word' id='word_1_150' title='bbox 423 2429 463 2502; x_wconf 74' lang='lat' dir='ltr'>&#39;ad</span> <span class='ocrx_word' id='word_1_151' title='bbox 487 2437 503 2500; x_wconf 94' lang='grc' dir='ltr'><strong><em>δ</em></strong></span> <span class='ocrx_word' id='word_1_152' title='bbox 523 2434 590 2503; x_wconf 78' lang='lat'>214</span> <span class='ocrx_word' id='word_1_153' title='bbox 611 2442 874 2520; x_wconf 83' lang='lat' dir='ltr'>provocaverunt,</span> <span class='ocrx_word' id='word_1_154' title='bbox 892 2437 948 2499; x_wconf 89' lang='lat' dir='ltr'>ubi</span> <span class='ocrx_word' id='word_1_155' title='bbox 965 2435 1074 2502; x_wconf 85' lang='lat' dir='ltr'>eadem</span> <span class='ocrx_word' id='word_1_156' title='bbox 1095 2441 1327 2505; x_wconf 80' lang='lat' dir='ltr'>constructione</span> 
     </span>
     <span class='ocr_line' id='line_1_20' title="bbox 138 2535 1327 2630; baseline -0.003 -18"><span class='ocrx_word' id='word_1_157' title='bbox 138 2535 272 2612; x_wconf 82' lang='lat' dir='ltr'>diditur:</span> <span class='ocrx_word' id='word_1_158' title='bbox 298 2543 405 2624; x_wconf 85' lang='grc' dir='ltr'><strong><em>δθρπον</em></strong></span> <span class='ocrx_word' id='word_1_159' title='bbox 429 2542 456 2610; x_wconf 89' lang='grc' dir='ltr'>δ’</span> <span class='ocrx_word' id='word_1_160' title='bbox 482 2541 605 2618; x_wconf 76' lang='grc' dir='ltr'><strong><em>ἐξαῦτις</em></strong></span> <span class='ocrx_word' id='word_1_161' title='bbox 629 2541 836 2618; x_wconf 78' lang='grc' dir='ltr'><strong><em>μνησώμεθα.</em></strong></span> <span class='ocrx_word' id='word_1_162' title='bbox 859 2544 947 2622; x_wconf 80' lang='grc' dir='ltr'><strong><em>χερσὶ</em></strong></span> <span class='ocrx_word' id='word_1_163' title='bbox 971 2539 999 2606; x_wconf 81' lang='grc' dir='ltr'>δ’</span> <span class='ocrx_word' id='word_1_164' title='bbox 1021 2543 1074 2622; x_wconf 70' lang='grc' dir='ltr'>ἐφ’</span> <span class='ocrx_word' id='word_1_165' title='bbox 1094 2540 1167 2621; x_wconf 76' lang='grc' dir='ltr'><strong><em>ὕδωρ</em></strong></span> <span class='ocrx_word' id='word_1_166' title='bbox 1181 2543 1327 2630; x_wconf 77' lang='grc' dir='ltr'><strong><em>ΙΙχενοὶν-</em></strong></span> 
     </span>
     <span class='ocr_line' id='line_1_21' title="bbox 137 2647 1327 2736; baseline 0.003 -22"><span class='ocrx_word' id='word_1_167' title='bbox 137 2675 214 2728; x_wconf 83' lang='grc' dir='ltr'><strong><em>των,</em></strong></span> <span class='ocrx_word' id='word_1_168' title='bbox 245 2671 308 2736; x_wconf 88' lang='lat' dir='ltr'>qno</span> <span class='ocrx_word' id='word_1_169' title='bbox 335 2649 404 2716; x_wconf 85' lang='lat' dir='ltr'>loeo</span> <span class='ocrx_word' id='word_1_170' title='bbox 434 2668 547 2722; x_wconf 75' lang='lat' dir='ltr'>nenio,</span> <span class='ocrx_word' id='word_1_171' title='bbox 581 2647 665 2734; x_wconf 89' lang='lat' dir='ltr'>quod</span> <span class='ocrx_word' id='word_1_172' title='bbox 694 2649 813 2716; x_wconf 82' lang='lat' dir='ltr'>eniam.</span> <span class='ocrx_word' id='word_1_173' title='bbox 839 2647 877 2712; x_wconf 89' lang='lat' dir='ltr'>de</span> <span class='ocrx_word' id='word_1_174' title='bbox 901 2651 1051 2736; x_wconf 79' lang='lat' dir='ltr'>genetivo</span> <span class='ocrx_word' id='word_1_175' title='bbox 1075 2650 1220 2717; x_wconf 83' lang='lat' dir='ltr'>absoluto</span> <span class='ocrx_word' id='word_1_176' title='bbox 1242 2673 1327 2718; x_wconf 82' lang='lat' dir='ltr'>som·</span> 
     </span>
     <span class='ocr_line' id='line_1_22' title="bbox 137 2755 1326 2840; baseline 0 -16"><span class='ocrx_word' id='word_1_177' title='bbox 137 2760 258 2832; x_wconf 78' lang='lat' dir='ltr'>ularii,</span> <span class='ocrx_word' id='word_1_178' title='bbox 278 2756 346 2824; x_wconf 73' lang='lat' dir='ltr'>eed</span> <span class='ocrx_word' id='word_1_179' title='bbox 368 2761 452 2822; x_wconf 82' lang='lat' dir='ltr'>reete</span> <span class='ocrx_word' id='word_1_180' title='bbox 476 2767 508 2820; x_wconf 90' lang='lat' dir='ltr'>et</span> <span class='ocrx_word' id='word_1_181' title='bbox 531 2755 639 2820; x_wconf 88' lang='lat' dir='ltr'>ordine</span> <span class='ocrx_word' id='word_1_182' title='bbox 662 2755 843 2838; x_wconf 84' lang='lat' dir='ltr'>expositum</span> <span class='ocrx_word' id='word_1_183' title='bbox 867 2761 931 2818; x_wconf 85' lang='lat' dir='ltr'>aet:</span> <span class='ocrx_word' id='word_1_184' title='bbox 955 2755 1131 2834; x_wconf 71' lang='grc' dir='ltr'><strong><em>χευάντων·</em></strong></span> <span class='ocrx_word' id='word_1_185' title='bbox 1156 2757 1326 2840; x_wconf 79' lang='grc' dir='ltr'><strong><em>έτιχεέτω-</em></strong></span> 
     </span>
     <span class='ocr_line' id='line_1_23' title="bbox 138 2860 481 2946; baseline -0.003 -19"><span class='ocrx_word' id='word_1_186' title='bbox 138 2887 215 2941; x_wconf 90' lang='grc' dir='ltr'><strong><em>σαν,</em></strong></span> <span class='ocrx_word' id='word_1_187' title='bbox 244 2861 403 2933; x_wconf 76' lang='grc' dir='ltr'><strong><em>Ἀττικῶς.</em></strong></span> <span class='ocrx_word' id='word_1_188' title='bbox 429 2860 481 2946; x_wconf 71' lang='lat' dir='ltr'>(it)</span> 
     </span>
    </p>
   </div>
   <div class='ocr_carea' id='block_1_4' title="bbox 138 3071 1328 3471">
    <p class='ocr_par' dir='ltr' id='par_1_4' title="bbox 138 3071 1328 3471">
     <span class='ocr_line' id='line_1_24' title="bbox 184 3071 1325 3161; baseline -0.004 -17"><span class='ocrx_word' id='word_1_189' title='bbox 184 3103 219 3154; x_wconf 85' lang='lat' dir='ltr'>v,</span> <span class='ocrx_word' id='word_1_190' title='bbox 244 3074 300 3142; x_wconf 84' lang='lat'>85.</span> <span class='ocrx_word' id='word_1_191' title='bbox 349 3074 486 3142; x_wconf 78' lang='lat' dir='ltr'>Somnus</span> <span class='ocrx_word' id='word_1_192' title='bbox 510 3072 659 3150; x_wconf 79' lang='grc' dir='ltr'><strong><em>ἐπέλησεν</em></strong></span> <span class='ocrx_word' id='word_1_193' title='bbox 685 3071 850 3150; x_wconf 68' lang='grc' dir='ltr'><strong><em>ἁπάντων,</em></strong></span> <span class='ocrx_word' id='word_1_194' title='bbox 875 3071 896 3160; x_wconf 77' lang='grc' dir='ltr'>Η</span> <span class='ocrx_word' id='word_1_195' title='bbox 918 3073 1030 3138; x_wconf 75' lang='grc' dir='ltr'><strong><em>ἐσθλῶν</em></strong></span> <span class='ocrx_word' id='word_1_196' title='bbox 1056 3075 1106 3148; x_wconf 73' lang='grc' dir='ltr'>ἠδέ</span> <span class='ocrx_word' id='word_1_197' title='bbox 1130 3083 1241 3161; x_wconf 78' lang='grc' dir='ltr'><strong><em>κακῶν,</em></strong></span> <span class='ocrx_word' id='word_1_198' title='bbox 1259 3077 1325 3142; x_wconf 74' lang='grc' dir='ltr'><strong><em>ἐπεὶ</em></strong></span> 
     </span>
     <span class='ocr_line' id='line_1_25' title="bbox 138 3177 1327 3266; baseline 0 -18"><span class='ocrx_word' id='word_1_199' title='bbox 138 3181 175 3262; x_wconf 75' lang='lat' dir='ltr'>dp</span> <span class='ocrx_word' id='word_1_200' title='bbox 210 3183 351 3264; x_wconf 75' lang='grc' dir='ltr'><strong><em>βλέφαρ’</em></strong></span> <span class='ocrx_word' id='word_1_201' title='bbox 388 3182 617 3264; x_wconf 66' lang='grc' dir='ltr'><strong><em>ἀμφικαλύψῃ.</em></strong></span> <span class='ocrx_word' id='word_1_202' title='bbox 648 3179 827 3266; x_wconf 81' lang='lat' dir='ltr'>Exponitnr</span> <span class='ocrx_word' id='word_1_203' title='bbox 858 3177 1006 3252; x_wconf 81' lang='grc' dir='ltr'><strong><em>ἐπέλησεν</em></strong></span> <span class='ocrx_word' id='word_1_204' title='bbox 1037 3183 1071 3245; x_wconf 89' lang='lat' dir='ltr'>in</span> <span class='ocrx_word' id='word_1_205' title='bbox 1094 3180 1146 3248; x_wconf 91' lang='lat' dir='ltr'>H:</span> <span class='ocrx_word' id='word_1_206' title='bbox 1171 3183 1327 3248; x_wconf 81' lang='grc' dir='ltr'><strong><em>έπιλαθνῒν</em></strong></span> 
     </span>
     <span class='ocr_line' id='line_1_26' title="bbox 139 3286 1328 3376; baseline 0.002 -22"><span class='ocrx_word' id='word_1_207' title='bbox 139 3289 288 3363; x_wconf 80' lang='grc' dir='ltr'><strong><em>έποθησνν.</em></strong></span> <span class='ocrx_word' id='word_1_208' title='bbox 330 3289 468 3356; x_wconf 77' lang='lat' dir='ltr'>Additur</span> <span class='ocrx_word' id='word_1_209' title='bbox 501 3286 656 3354; x_wconf 80' lang='lat' dir='ltr'>Diodorfii</span> <span class='ocrx_word' id='word_1_210' title='bbox 689 3287 867 3354; x_wconf 85' lang='lat' dir='ltr'>monitum:</span> <span class='ocrx_word' id='word_1_211' title='bbox 905 3287 1083 3363; x_wconf 75' lang='grc' dir='ltr'><strong><em>,ἐπιλαθσῖν</em></strong></span> <span class='ocrx_word' id='word_1_212' title='bbox 1118 3292 1238 3356; x_wconf 75' lang='lat' dir='ltr'>correxi</span> <span class='ocrx_word' id='word_1_213' title='bbox 1271 3311 1328 3376; x_wconf 89' lang='lat' dir='ltr'>pro</span> 
     </span>
     <span class='ocr_line' id='line_1_27' title="bbox 140 3391 1328 3471; baseline 0.003 -12"><span class='ocrx_word' id='word_1_214' title='bbox 140 3395 350 3471; x_wconf 75' lang='grc' dir='ltr'><strong><em>ἐπιλαθῆναι.”</em></strong></span> <span class='ocrx_word' id='word_1_215' title='bbox 398 3395 564 3462; x_wconf 79' lang='lat' dir='ltr'>Libentius</span> <span class='ocrx_word' id='word_1_216' title='bbox 607 3394 666 3462; x_wconf 85' lang='lat' dir='ltr'>hoe</span> <span class='ocrx_word' id='word_1_217' title='bbox 706 3391 886 3458; x_wconf 81' lang='lat' dir='ltr'>reduxerim</span> <span class='ocrx_word' id='word_1_218' title='bbox 923 3395 973 3458; x_wconf 91' lang='lat' dir='ltr'>in:</span> <span class='ocrx_word' id='word_1_219' title='bbox 1018 3395 1328 3463; x_wconf 64' lang='lat' dir='ltr'>dennutiatur</span> 
     </span>
    </p>
   </div>
   <div class='ocr_carea' id='block_1_5' title="bbox 139 3505 288 3580">
    <p class='ocr_par' dir='ltr' id='par_1_5' title="bbox 139 3505 288 3580">
     <span class='ocr_line' id='line_1_28' title="bbox 139 3505 288 3580; baseline -0.013 -8"><span class='ocrx_word' id='word_1_220' title='bbox 139 3505 288 3580; x_wconf 84' lang='grc' dir='ltr'><strong><em>έποθησεν.</em></strong></span> 
     </span>
    </p>
   </div>
   <div class='ocr_carea' id='block_1_6' title="bbox 114 3715 1333 4634">
    <p class='ocr_par' dir='ltr' id='par_1_6' title="bbox 184 3715 1147 3798">
     <span class='ocr_line' id='line_1_29' title="bbox 184 3715 1147 3798; baseline -0.001 -15"><span class='ocrx_word' id='word_1_221' title='bbox 184 3743 217 3794; x_wconf 88' lang='grc' dir='ltr'>ν,</span> <span class='ocrx_word' id='word_1_222' title='bbox 243 3716 318 3786; x_wconf 77' lang='grc'>276.</span> <span class='ocrx_word' id='word_1_223' title='bbox 368 3721 500 3798; x_wconf 74' lang='grc' dir='ltr'><strong><em>Κήρυκες</em></strong></span> <span class='ocrx_word' id='word_1_224' title='bbox 524 3719 550 3784; x_wconf 87' lang='grc' dir='ltr'>δ’</span> <span class='ocrx_word' id='word_1_225' title='bbox 575 3718 636 3782; x_wconf 69' lang='lat' dir='ltr'>eod</span> <span class='ocrx_word' id='word_1_226' title='bbox 662 3715 744 3780; x_wconf 79' lang='grc' dir='ltr'><strong><em>ἄστυ</em></strong></span> <span class='ocrx_word' id='word_1_227' title='bbox 769 3717 839 3780; x_wconf 82' lang='grc' dir='ltr'><strong><em>θεῶν</em></strong></span> <span class='ocrx_word' id='word_1_228' title='bbox 862 3715 940 3794; x_wconf 71' lang='grc' dir='ltr'><strong><em>ιἐρην</em></strong></span> <span class='ocrx_word' id='word_1_229' title='bbox 966 3715 1147 3796; x_wconf 79' lang='grc' dir='ltr'><strong><em>ἑκατόμβην</em></strong></span> 
     </span>
    </p>

    <p class='ocr_par' dir='ltr' id='par_1_7' title="bbox 114 3819 1333 4550">
     <span class='ocr_line' id='line_1_30' title="bbox 366 3819 1181 3904; baseline -0.004 -13"><span class='ocrx_word' id='word_1_230' title='bbox 366 3819 456 3904; x_wconf 76' lang='grc' dir='ltr'><strong><em>ἦγον·</em></strong></span> <span class='ocrx_word' id='word_1_231' title='bbox 482 3825 527 3890; x_wconf 76' lang='grc' dir='ltr'>τοὶ</span> <span class='ocrx_word' id='word_1_232' title='bbox 551 3825 577 3890; x_wconf 79' lang='grc' dir='ltr'>δ’</span> <span class='ocrx_word' id='word_1_233' title='bbox 602 3825 748 3904; x_wconf 75' lang='grc' dir='ltr'><strong><em>οὶηέροντο</em></strong></span> <span class='ocrx_word' id='word_1_234' title='bbox 771 3821 1017 3902; x_wconf 74' lang='grc' dir='ltr'><strong><em>ααρηκομθωντες</em></strong></span> <span class='ocrx_word' id='word_1_235' title='bbox 1044 3825 1181 3902; x_wconf 78' lang='grc' dir='ltr'><strong><em>Ἀχαιοί.</em></strong></span> 
     </span>
     <span class='ocr_line' id='line_1_31' title="bbox 139 3929 1328 4014; baseline 0 -16"><span class='ocrx_word' id='word_1_236' title='bbox 139 3932 334 3998; x_wconf 79' lang='lat' dir='ltr'>Adnotatur:</span> <span class='ocrx_word' id='word_1_237' title='bbox 372 3933 432 4014; x_wconf 74' lang='grc' dir='ltr'>οὐχ</span> <span class='ocrx_word' id='word_1_238' title='bbox 465 3934 490 3996; x_wconf 86' lang='grc' dir='ltr'>ω’</span> <span class='ocrx_word' id='word_1_239' title='bbox 525 3938 583 3996; x_wconf 81' lang='grc' dir='ltr'>τῶν</span> <span class='ocrx_word' id='word_1_240' title='bbox 614 3929 803 4010; x_wconf 74' lang='grc' dir='ltr'><strong><em>μνηστήρων,</em></strong></span> <span class='ocrx_word' id='word_1_241' title='bbox 835 3931 910 3994; x_wconf 73' lang='grc' dir='ltr'>ἀλλ’</span> <span class='ocrx_word' id='word_1_242' title='bbox 952 3930 977 3994; x_wconf 81' lang='grc' dir='ltr'>οἱ</span> <span class='ocrx_word' id='word_1_243' title='bbox 1010 3937 1068 3994; x_wconf 80' lang='grc' dir='ltr'>τῶν</span> <span class='ocrx_word' id='word_1_244' title='bbox 1091 3931 1277 4012; x_wconf 78' lang='grc' dir='ltr'><strong><em>Ἰθακησίων,</em></strong></span> <span class='ocrx_word' id='word_1_245' title='bbox 1302 3934 1328 3998; x_wconf 86' lang='lat' dir='ltr'>oi</span> 
     </span>
     <span class='ocr_line' id='line_1_32' title="bbox 139 4033 1330 4122; baseline 0.003 -20"><span class='ocrx_word' id='word_1_246' title='bbox 139 4037 286 4114; x_wconf 77' lang='grc' dir='ltr'><strong><em>δημόσιοι.</em></strong></span> <span class='ocrx_word' id='word_1_247' title='bbox 323 4038 474 4116; x_wconf 76' lang='grc' dir='ltr'><strong><em>βούλεται</em></strong></span> <span class='ocrx_word' id='word_1_248' title='bbox 512 4039 542 4102; x_wconf 84' lang='grc' dir='ltr'>δὲ</span> <span class='ocrx_word' id='word_1_249' title='bbox 574 4035 672 4112; x_wconf 79' lang='grc' dir='ltr'><strong><em>δεῖξαι</em></strong></span> <span class='ocrx_word' id='word_1_250' title='bbox 705 4033 751 4100; x_wconf 87' lang='grc' dir='ltr'>θτι</span> <span class='ocrx_word' id='word_1_251' title='bbox 783 4035 979 4106; x_wconf 73' lang='grc' dir='ltr'><strong><em>’Λπόλλωνος</em></strong></span> <span class='ocrx_word' id='word_1_252' title='bbox 1010 4039 1026 4108; x_wconf 77' lang='grc' dir='ltr'><strong><em>ἡ</em></strong></span> <span class='ocrx_word' id='word_1_253' title='bbox 1052 4037 1147 4114; x_wconf 73' lang='grc' dir='ltr'><strong><em>ἑορτή.</em></strong></span> <span class='ocrx_word' id='word_1_254' title='bbox 1172 4037 1207 4101; x_wconf 86' lang='grc' dir='ltr'>τὸ</span> <span class='ocrx_word' id='word_1_255' title='bbox 1233 4040 1279 4122; x_wconf 74' lang='grc' dir='ltr'><strong><em>,σι’</em></strong></span> <span class='ocrx_word' id='word_1_256' title='bbox 1304 4041 1330 4106; x_wconf 80' lang='grc' dir='ltr'>δ’</span> 
     </span>
     <span class='ocr_line' id='line_1_33' title="bbox 114 4141 1328 4230; baseline 0.001 -21"><span class='ocrx_word' id='word_1_257' title='bbox 114 4145 205 4209; x_wconf 61' lang='grc' dir='ltr'><strong><em>’ἐπεὶ</em></strong></span> <span class='ocrx_word' id='word_1_258' title='bbox 231 4145 393 4222; x_wconf 79' lang='grc' dir='ltr'><strong><em>ὤπτησαν”</em></strong></span> <span class='ocrx_word' id='word_1_259' title='bbox 418 4147 477 4230; x_wconf 85' lang='lat' dir='ltr'>(ve.</span> <span class='ocrx_word' id='word_1_260' title='bbox 504 4143 569 4212; x_wconf 78' lang='lat'>279</span> <span class='ocrx_word' id='word_1_261' title='bbox 596 4146 694 4230; x_wconf 79' lang='lat' dir='ltr'>seqq.)</span> <span class='ocrx_word' id='word_1_262' title='bbox 719 4141 840 4220; x_wconf 77' lang='grc' dir='ltr'><strong><em>μετέβη</em></strong></span> <span class='ocrx_word' id='word_1_263' title='bbox 866 4141 963 4205; x_wconf 80' lang='grc' dir='ltr'><strong><em>πθλον</em></strong></span> <span class='ocrx_word' id='word_1_264' title='bbox 988 4141 1037 4206; x_wconf 75' lang='grc' dir='ltr'>ἐπὶ</span> <span class='ocrx_word' id='word_1_265' title='bbox 1062 4149 1120 4207; x_wconf 80' lang='grc' dir='ltr'>τῶν</span> <span class='ocrx_word' id='word_1_266' title='bbox 1144 4146 1328 4226; x_wconf 72' lang='grc' dir='ltr'><strong><em>μνηστήρων.</em></strong></span> 
     </span>
     <span class='ocr_line' id='line_1_34' title="bbox 139 4248 1332 4337; baseline 0.003 -22"><span class='ocrx_word' id='word_1_267' title='bbox 139 4250 192 4337; x_wconf 89' lang='grc' dir='ltr'>(Β)</span> <span class='ocrx_word' id='word_1_268' title='bbox 223 4251 261 4316; x_wconf 95' lang='lat' dir='ltr'>In</span> <span class='ocrx_word' id='word_1_269' title='bbox 294 4253 400 4318; x_wconf 82' lang='lat' dir='ltr'>codiee</span> <span class='ocrx_word' id='word_1_270' title='bbox 432 4260 516 4317; x_wconf 86' lang='lat' dir='ltr'>erat:</span> <span class='ocrx_word' id='word_1_271' title='bbox 549 4253 573 4316; x_wconf 85' lang='lat' dir='ltr'>oi</span> <span class='ocrx_word' id='word_1_272' title='bbox 608 4251 742 4326; x_wconf 76' lang='grc' dir='ltr'><strong><em>δημόσιοι</em></strong></span> <span class='ocrx_word' id='word_1_273' title='bbox 766 4249 945 4328; x_wconf 76' lang='grc' dir='ltr'><strong><em>βουλευταί.</em></strong></span> <span class='ocrx_word' id='word_1_274' title='bbox 971 4248 1121 4326; x_wconf 83' lang='grc' dir='ltr'><strong><em>βούλεται</em></strong></span> <span class='ocrx_word' id='word_1_275' title='bbox 1146 4252 1177 4316; x_wconf 81' lang='grc' dir='ltr'>δὲ</span> <span class='ocrx_word' id='word_1_276' title='bbox 1201 4287 1253 4330; x_wconf 82' lang='lat'>-,</span> <span class='ocrx_word' id='word_1_277' title='bbox 1281 4274 1332 4320; x_wconf 89' lang='lat' dir='ltr'>ex-</span> 
     </span>
     <span class='ocr_line' id='line_1_35' title="bbox 140 4353 1333 4447; baseline 0.003 -24"><span class='ocrx_word' id='word_1_278' title='bbox 140 4361 255 4440; x_wconf 86' lang='lat' dir='ltr'>punxit</span> <span class='ocrx_word' id='word_1_279' title='bbox 275 4359 527 4447; x_wconf 79' lang='lat' dir='ltr'>dittographinm</span> <span class='ocrx_word' id='word_1_280' title='bbox 542 4379 721 4444; x_wconf 81' lang='lat' dir='ltr'>perversum</span> <span class='ocrx_word' id='word_1_281' title='bbox 733 4361 863 4442; x_wconf 87' lang='lat' dir='ltr'>insuper</span> <span class='ocrx_word' id='word_1_282' title='bbox 877 4353 1102 4421; x_wconf 82' lang='lat' dir='ltr'>Buttmannue.</span> <span class='ocrx_word' id='word_1_283' title='bbox 1129 4357 1233 4425; x_wconf 82' lang='lat' dir='ltr'>Looua</span> <span class='ocrx_word' id='word_1_284' title='bbox 1245 4363 1333 4426; x_wconf 88' lang='lat' dir='ltr'>omni</span> 
     </span>
     <span class='ocr_line' id='line_1_36' title="bbox 139 4461 1333 4550; baseline 0.001 -18"><span class='ocrx_word' id='word_1_285' title='bbox 139 4465 255 4532; x_wconf 88' lang='lat' dir='ltr'>mendo</span> <span class='ocrx_word' id='word_1_286' title='bbox 283 4467 428 4542; x_wconf 79' lang='lat' dir='ltr'>vacabit,</span> <span class='ocrx_word' id='word_1_287' title='bbox 461 4468 515 4530; x_wconf 89' lang='lat' dir='ltr'>ubi</span> <span class='ocrx_word' id='word_1_288' title='bbox 545 4465 644 4532; x_wconf 79' lang='lat' dir='ltr'>aimul</span> <span class='ocrx_word' id='word_1_289' title='bbox 675 4471 818 4532; x_wconf 83' lang='lat' dir='ltr'>extrema</span> <span class='ocrx_word' id='word_1_290' title='bbox 841 4461 1131 4530; x_wconf 81' lang='lat' dir='ltr'>emendaverimus:</span> <span class='ocrx_word' id='word_1_291' title='bbox 1158 4469 1209 4546; x_wconf 79' lang='grc' dir='ltr'>τῷ</span> <span class='ocrx_word' id='word_1_292' title='bbox 1237 4467 1282 4550; x_wconf 83' lang='grc' dir='ltr'>,οἱ</span> <span class='ocrx_word' id='word_1_293' title='bbox 1307 4470 1333 4532; x_wconf 81' lang='grc' dir='ltr'>δ’</span> 
     </span>
    </p>

    <p class='ocr_par' dir='ltr' id='par_1_8' title="bbox 1155 4585 1188 4634">
     <span class='ocr_line' id='line_1_37' title="bbox 1155 4585 1188 4634; baseline -0.03 0"><span class='ocrx_word' id='word_1_294' title='bbox 1155 4585 1188 4634; x_wconf 72' lang='lat' dir='ltr'>dd</span> 
     </span>
    </p>
   </div>
   <div class='ocr_carea' id='block_1_7' title="bbox 0 0 1618 5144">
    <p class='ocr_par' dir='ltr' id='par_1_9' title="bbox 0 0 1618 5144">
     <span class='ocr_line' id='line_1_38' title="bbox 0 0 1618 5144; baseline 0 0"><span class='ocrx_word' id='word_1_295' title='bbox 0 0 1618 5144; x_wconf 95' lang='lat' dir='ltr'> </span> 
     </span>
    </p>
   </div>
  </div>
 </body>
</html>
