3232 5136
710 371 752 442 et

143 579 246 627 metus
276 582 344 628 esse
375 561 563 651 inducitur.)
588 562 658 630 οὔτε
682 564 713 629 δὲ
736 565 803 646 περὶ
829 562 953 630 πάντων
977 571 1035 631 τῶν
1060 564 1233 630 Κυκλώπων
1257 558 1324 630 εἷπε

142 673 225 734 τοῦτο
251 671 408 750 Ὅμηρος,
441 669 519 743 εἰκός
544 694 579 735 σε
603 672 654 737 τὸν
678 670 870 753 Πολύφημον
894 671 978 736 esrai
1003 697 1072 737 σιοοι
1096 672 1197 746 ἄλλον
1220 672 1327 736 οιὶπιόιν

141 775 188 839 τὸν
210 773 310 856 ἕτερον
329 783 387 841 τῶν
406 777 576 854 ὀφθαλμῶν
593 778 825 844 ἀπολωλεκέναι
845 781 901 858 πρὸ
921 785 976 851 τῆς
990 777 1162 850 Ὀδυσσέως
1176 781 1323 859 ἀφίξεως.

140 882 245 949 Nonne
268 889 379 970 sponte
402 904 461 950 sua
482 889 553 969 post
575 883 653 950 haee
675 883 782 950 looum
807 885 991 968 inveniunt,
1014 903 1094 970 quae
1118 905 1213 969 supra
1237 905 1275 950 ex
1298 883 1324 948 Τ

140 989 374 1055 emendavimus
395 990 435 1054 ed
456 1013 483 1066 ι,
504 988 569 1056 257
591 990 768 1074 adscripta:
787 991 880 1069 ἐχρῆν
902 988 952 1066 δέ,
973 990 1116 1071 φησίν,
1137 991 1220 1071 εἴπερ
1239 1007 1324 1069 κτλ,

140 1099 387 1181 sententiamque
404 1097 568 1181 aptissime
581 1092 770 1161 absolvunt?
794 1095 881 1174 Quae
893 1097 919 1160 si
933 1094 1140 1180 probabiliter
1152 1097 1321 1182 disputavi,

141 1203 230 1279 Φησιν
251 1201 333 1267 illud
354 1201 436 1268 nihil
454 1201 543 1267 aliud
554 1201 637 1266 mihi
649 1201 778 1287 quidem
793 1221 859 1267 esse
872 1202 1009 1284 videtur,
1023 1204 1084 1266 nisi
1097 1207 1198 1269 otiosa
1211 1207 1325 1289 repeti·

141 1309 183 1373 tio
202 1308 392 1394 Porphyrii,
406 1307 576 1373 Philoxeni
588 1308 685 1373 verba
697 1307 811 1373 referre
823 1311 1001 1396 pergentis,
1022 1308 1090 1393 (ofr.
1104 1330 1137 1374 v.
1150 1331 1174 1374 o.
1190 1309 1325 1376 eundem

140 1414 175 1479 ad
195 1441 220 1490 ν,
244 1411 324 1499 352)
346 1420 495 1500 ponamque
516 1416 618 1500 igitur
638 1413 838 1478 Philoxenum
857 1434 893 1478 eo
912 1411 1085 1501 significari
1104 1417 1252 1480 existimo
1265 1437 1325 1482 non

141 1521 244 1585 miuus
263 1541 359 1605 quam
380 1540 436 1606 per
457 1521 535 1599 Φησὶ
561 1519 595 1585 δὲ
618 1520 631 1584 ὅ
658 1518 831 1596 Φιλόξενος,
857 1519 939 1604 qnod
962 1526 1179 1604 praecesserat.
1205 1520 1267 1586 Sed
1286 1523 1326 1588 de

142 1624 312 1692 Philoxeno
334 1625 427 1712 plura
450 1626 538 1692 alias.
563 1626 683 1698 Fuere,
710 1629 764 1711 qui
784 1628 853 1691 eins
872 1628 1046 1690 sententiae
1066 1627 1324 1707 contradicerent,

141 1737 231 1818 atque
268 1752 305 1797 ex
342 1733 506 1797 communi
540 1731 735 1797 Graecorum
771 1734 918 1816 opinione
952 1737 985 1796 et
1020 1730 1258 1818 Polyphemum
1295 1739 1327 1800 et

139 1845 273 1904 nesteros
293 1859 404 1904 omnes
427 1837 583 1925 Cyclopas
603 1837 755 1903 unooulos
774 1837 872 1902 fuisse
897 1842 1081 1902 statuerent.
1108 1836 1133 1902 oi
1157 1838 1183 1902 δ’
1206 1839 1328 1904 ἀντιλέ-

138 1967 242 2016 γοντες
265 1944 363 2025 τούτῳ
383 1945 481 2024 φασιν
506 1981 549 1992 -
573 1943 627 2008 sed
650 1941 857 2031 longissimae
876 1944 1123 2029 peregrinationi
1141 1947 1205 2009 iam
1229 1943 1325 2012 finem

139 2163 342 2223 revertamur.

179 2393 217 2446 οι,
243 2367 297 2434 97.
330 2367 380 2433 Ad
413 2369 498 2433 κοιλοὶ
529 2366 643 2432 πέδιλοι
667 2371 683 2452 ΙΙ
707 2365 885 2443 ἀμβρόσιαι,
916 2366 1064 2446 χρύσειοι,
1091 2367 1133 2432 rol
1158 2393 1210 2444 μιν
1236 2369 1325 2451 dipsa

140 2476 209 2552 ἡμὲν
233 2476 287 2557 ἐφ’
313 2473 407 2554 ὑγρὴν
430 2475 448 2548 Η
470 2473 518 2549 ἠδ’
541 2472 593 2538 ἐπ’
619 2472 765 2551 erstem
788 2481 886 2549 γοιῖοιν
903 2471 1024 2560 legitur
1043 2475 1075 2537 in
1096 2473 1242 2540 Palatino
1255 2475 1324 2558 (P):

140 2581 248 2664 ὑπὲρ,
286 2583 424 2656 airis.
459 2584 494 2648 τὸ
517 2580 571 2656 μιν
605 2578 740 2660 reperte
777 2580 877 2662 ἔστιν,
913 2577 1067 2658 ἀρσενικόν
1100 2617 1205 2658 ---,
1238 2585 1326 2657 θηλυ-

141 2689 201 2764 ato,
235 2691 273 2761 ὥς
310 2687 433 2764 ἐνθάδε,
468 2687 634 2767 οὐδέτεροι,
659 2699 730 2751 ιιτλ.
777 2684 865 2765 Quae
890 2688 917 2750 si
940 2686 1011 2769 quis
1034 2685 1215 2773 intelligere
1239 2689 1323 2768 vult,

140 2815 191 2878 pro
215 2793 304 2876 ὑπὲρ,
328 2795 444 2870 αὐτήν,
469 2792 551 2878 qnod
575 2791 628 2857 hio
651 2790 824 2858 absurdum
850 2797 913 2874 est,
933 2811 971 2855 ex
994 2789 1225 2880 Vulgntorum,
1246 2817 1326 2880 quae

140 2899 303 2986 diduntur,
338 2898 539 2965 scholiorum
570 2897 623 2984 (V)
658 2897 794 2962 editione
816 2895 936 2961 Aldina
959 2905 1106 2982 reponet:
1132 2896 1234 2980 ἅπερ
1259 2905 1324 2969 at-

140 3010 214 3081 τήν.
246 3007 306 3073 ms
329 3005 415 3072 euim
439 3004 581 3090 prosaica
604 3001 803 3088 paraphrasis
828 3001 1054 3068 vocabulorum
1081 3003 1326 3073 Homerioorum

141 3113 180 3176 rel
201 3137 265 3192 μιν.
288 3111 421 3197 Saepius
445 3119 553 3176 eutem
576 3109 653 3174 haeo
678 3108 775 3173 editio
798 3107 940 3192 inspecta
963 3108 1099 3174 salutem
1124 3110 1203 3176 loeis
1227 3113 1326 3199 effert,

141 3219 190 3303 qui
222 3222 255 3283 in
286 3217 488 3283 Scholiornm
520 3214 680 3280 codicibus
705 3220 760 3278 ant
784 3212 849 3278 levi
873 3218 929 3278 eut
954 3215 1050 3279 etiam
1076 3219 1223 3302 graviore
1246 3222 1326 3285 vitio

143 3324 241 3391 allecti
264 3324 542 3390 circumferuntur.
572 3317 672 3385 (luins
696 3321 741 3384 rei
766 3317 858 3404 plura
882 3319 1029 3404 exempla
1052 3323 1134 3387 iulra
1157 3322 1326 3404 dabuntur,

143 3453 222 3498 nune
250 3453 351 3497 unum
384 3435 512 3496 tantum
543 3426 650 3492 locum
675 3426 802 3492 afferam
825 3425 940 3491 leviter
963 3425 1190 3511 depravatum,
1215 3435 1328 3516 quiin

144 3539 257 3604 vicinia
278 3538 409 3626 legitur.
435 3533 484 3600 Ad
508 3533 666 3609 ἀμύμονος
691 3530 847 3608 Αἰγίσθοιο
869 3529 918 3617 (οι.
945 3529 1001 3618 29)
1020 3533 1205 3616 perhibetur
1216 3539 1327 3602 esseio

146 3641 247 3710 HPV:
272 3645 289 3718 ἦ
314 3649 384 3707 τοῦ
409 3645 506 3706 καλοῦ
531 3641 586 3718 πρὸ
610 3644 662 3702 τοῦ
687 3641 876 3716 μοιχεῦσαι,
903 3642 918 3712 ἢ
945 3641 999 3702 τοῦ
1024 3640 1110 3704 κατὰ
1135 3641 1221 3718 γένος
1244 3645 1329 3720 elye-

146 3751 197 3814 tot.
237 3749 298 3816 Sed
322 3754 356 3816 in
381 3747 530 3836 Vulgatis
556 3744 609 3832 (V)
633 3743 772 3831 legitur,
796 3763 858 3810 non
883 3746 900 3818 ἢ
925 3749 993 3807 τοῦ
1019 3749 1136 3816 καλοῦ.
1163 3747 1218 3812 sed
1242 3747 1328 3822 ἤτοι

145 3863 252 3934 καλοῦ,
283 3857 367 3943 qnod
399 3851 531 3920 artionlo
559 3851 694 3937 repetito
725 3849 961 3934 recipiendum,
997 3857 1034 3914 ut
1067 3851 1110 3915 sit
1144 3853 1227 3928 ἦτοι
1261 3861 1327 3920 ποῦ

146 3969 253 4041 καλοῦ,
284 3963 433 4049 qnoniam
459 3956 645 4024 Scholiastis
669 3955 796 4021 solenne
820 3960 868 4020 est
890 3976 946 4040 per
969 3955 1032 4030 ἤτοι
1055 3993 1099 4006 -
1122 3958 1140 4034 ἦ
1164 3960 1241 4023 duae
1263 3965 1329 4046 opi-

145 4075 245 4137 niones
267 4087 453 4157 proponere,
481 4083 616 4150 quarum
640 4061 751 4127 leotori
775 4063 936 4147 optionem
962 4061 1089 4127 iaciant.

186 4309 224 4368 a,
247 4281 299 4349 98.
332 4281 382 4347 Ad
412 4277 558 4355 ἀπείροισι
589 4282 687 4353 γαῖαν
720 4275 838 4338 iterum
870 4273 1025 4338 habemus
1047 4273 1268 4363 Porphyriana
1291 4279 1330 4344 de

146 4391 177 4452 ri
198 4410 233 4456 ao
254 4394 409 4475 potestate
429 4382 578 4451 vocabuli
596 4380 748 4458 ἀπείρων.
768 4383 886 4444 iterum
910 4379 949 4444 de
980 4399 1068 4444 more
1090 4391 1247 4468 corrupta.
1275 4421 1295 4436 ·-
1309 4421 1328 4434 -

148 4496 250 4562 'into
277 4497 308 4560 tl
339 4491 384 4558 ὅτι
415 4490 537 4570 ἄπειρος
568 4489 582 4552 ὃ
613 4487 726 4557 κύκλος
751 4489 802 4550 ani
830 4487 846 4558 ἡ
871 4493 993 4566 σφαῖρα
1018 4486 1149 4563 λέγεται
1175 4489 1191 4564 ἢ
1218 4490 1268 4556 διὰ
1293 4493 1327 4556 τὸ
