3318 5138
885 330 948 396 132
981 361 983 364 ·

321 513 370 586 οὖν
401 521 442 592 είς
471 521 640 598 ἀποφυγὴν
664 525 717 585 τοῦ
741 520 790 584 ἐπὶ
816 526 868 586 τοῦ
893 519 1018 598 οξνέμου.
1042 520 1095 585 καί
1120 519 1183 598 γὰρ
1208 516 1259 582 καί
1285 517 1325 614 ξπ
1348 513 1455 582 ἄλλων
1481 516 1518 582 τί

320 633 436 692 ποιοῖντο
455 636 536 691 ποιεῖ
553 627 567 689 ί
587 627 672 705 οὶνιίρ.
693 626 815 693 lterum
828 637 852 692 Z
866 627 942 692 422.
960 629 1026 708 Ἰᾤε
1048 629 1086 689 cic
1108 627 1193 706 σοφῷ
1216 623 1455 704 Ἀρίσταρχος·
1467 658 1488 672 -
1498 659 1519 674 -

235 785 243 808 ,
319 735 411 799 ἐκεῖνο
436 733 538 810 μέντοι
562 733 734 811 ἀναγκαῖον
759 736 950 811 προσθεῖναι,
974 729 1020 798 ὅτι
1043 735 1078 797 τὸ
1107 731 1141 798 ta
1165 730 1338 811 βαρυτθνως
1360 730 1519 810 ανέγνωθ

319 844 437 920 νὀνηρ,
470 861 505 905 ac
538 841 583 905 sic
616 851 643 906 Π
674 839 759 918 415,
790 851 817 906 Σ
851 839 913 907 191
946 843 992 926 (iu
1016 838 1091 908 cod.
1119 841 1158 926 B)
1185 845 1279 905 caatt.
1314 839 1408 902 δονιοί
1430 838 1520 902 mihi

319 947 357 1012 de
386 947 448 1012 alio
475 949 688 1033 grammatico
710 946 831 1012 lectum
854 955 920 1031 est,
944 959 973 1013 A
999 947 1083 1012 454:
1111 947 1258 1028 ἕρθουσινε
1287 942 1520 1024 προπαροξύνε-

321 1075 392 1116 ται·
415 1053 507 1117 --o'
538 1053 569 1117 δὲ
602 1052 748 1130 Ἀλεξίων
780 1060 926 1133 περοσποῖ.
951 1090 1035 1104 -··-
1060 1050 1151 1118 ἔλαθε
1183 1053 1215 1117 δὲ
1246 1052 1313 1116 τὸν
1345 1047 1473 1130 ἄνδρα
1501 1054 1518 1124 ἡ
1631 1099 1632 1130 5

320 1157 448 1232 τοιαθτη
473 1157 583 1240 ὕφεσις
607 1164 660 1224 τοῦ
682 1166 702 1222 δ
727 1160 856 1234 Ἀττικὴ
880 1155 956 1226 οὖσα
983 1195 1061 1210 ---
1086 1160 1136 1224 διαί
1159 1183 1189 1222 τι
1211 1156 1326 1234 αἴτιον,
1348 1157 1406 1223 sed
1424 1177 1519 1242 prae-

321 1273 370 1332 ter
399 1267 484 1332 hunc
514 1265 621 1334 locum
653 1287 777 1351 semper
809 1287 845 1332 ac
868 1289 951 1333 nunc
974 1287 1116 1353 quoque,
1142 1274 1178 1331 ut
1202 1271 1350 1350 apertum
1375 1269 1443 1347 est,
1471 1265 1521 1328 iu-

322 1371 489 1459 tellegitur
510 1371 724 1438 Aristarchus.
774 1373 858 1452 Quid
882 1380 989 1438 autam
1012 1373 1108 1438 habet
1132 1368 1365 1458 utynologust
1390 1371 1404 1434 ρ’
1435 1371 1519 1448 γὰρ

322 1481 493 1554 ποιητδρς
538 1481 579 1558 τῷ
624 1485 798 1558 χαρακτῆρι
841 1483 964 1556 μᾶλλον
995 1479 1076 1554 ,τοὺς
1115 1479 1215 1548 τόνους
1251 1473 1428 1558 προσνέμειί
1469 1475 1521 1540 En

322 1585 501 1662 Homerus,
522 1588 549 1650 si
568 1584 762 1672 Etymologo
781 1583 873 1654 fides.
886 1590 955 1671 ipse
973 1589 1115 1651 carmina
1127 1607 1184 1650 aua
1196 1587 1377 1652 accentibus
1389 1591 1519 1650 notans.

322 1688 383 1755 Sed
408 1694 508 1756 satius
531 1695 592 1756 erit
615 1690 809 1779 Etymologo
833 1712 917 1756 nuuc
940 1693 1070 1777 quidem
1094 1713 1156 1756 nou
1180 1691 1322 1767 credere,
1348 1697 1446 1775 atque
1472 1694 1520 1756 sic

323 1795 541 1885 olongingna
564 1800 814 1886 peregrinatione
838 1799 878 1864 ad
902 1799 988 1864 tertii
1011 1797 1087 1863 libri
1110 1796 1237 1863 Scholia
1261 1796 1373 1862 redire.

369 2033 403 2087 γ,
417 2007 470 2074 81.
485 2006 519 2084 ἐξ
545 2009 660 2084 Ἰθοίνης
686 2011 843 2084 ὑπονηίουε
863 2011 978 2091 ὤφειλε
999 2011 1062 2087 γὰρ
1084 2011 1179 2073 εἰπεῖν
1200 2013 1216 2085 ἢ
1238 2010 1301 2074 cirri
1315 2010 1441 2100 Nniouii
1458 2011 1519 2076 ὑπὸ

326 2119 438 2194 Νηίον,
470 2116 504 2182 τὸ
541 2117 572 2181 δέ
604 2117 669 2181 ε’στι
700 2125 755 2191 τῆς
788 2118 995 2196 μεγαλονοίας
1027 2123 1079 2182 τοῦ
1110 2122 1253 2194 ποιητοῦ,
1387 2117 1438 2184 ἵνα
1462 2117 1518 2182 καί

324 2224 492 2304 ἀμφότερα
519 2229 716 2288 νοοῦνται.
740 2223 802 2289 cirri
826 2228 883 2299 μὲν
906 2231 961 2296 τῆς
986 2223 1045 2287 ὑτθ
1070 2224 1232 2301 προθέσεως
1257 2223 1290 2288 τὸ
1316 2228 1431 2304 Natos,
1451 2225 1518 2290 οὶπδ

324 2330 356 2394 δὲ
389 2339 443 2404 τῆς
474 2337 597 2407 γενικῆς
623 2333 639 2404 η
668 2330 741 2394 οίπθ.
773 2330 826 2414 (Β)
854 2329 1009 2410 Quamvis
1033 2328 1126 2396 futile
1148 2329 1296 2396 Scholion
1320 2332 1380 2407 sit,
1405 2337 1518 2396 tamon

324 2443 484 2502 auctorem
517 2458 591 2502 oum
623 2438 772 2502 omnibus
803 2433 933 2503 Graecis
964 2439 1125 2522 scripsisse
1155 2437 1292 2502 arbitror
1322 2433 1372 2500 ἵνα
1397 2461 1425 2500 κ.
1452 2440 1517 2513 οὶμ-

323 2543 441 2625 Φθτέρα
467 2551 653 2620 νοῶντονι,
680 2551 712 2610 ct
735 2548 888 2621 νοοῦνται,
909 2546 968 2610 etsi
986 2542 1176 2608 Buttmauui
1197 2563 1321 2629 quoque
1341 2544 1518 2610 editionem

324 2650 463 2724 obsidet,
487 2671 624 2716 errorem
649 2651 917 2739 typographicum
943 2671 1009 2716 esse
1031 2649 1224 2717 habendum.

369 2887 405 2940 γ,
429 2861 482 2927 94.
507 2861 558 2928 Ad
583 2861 612 2926 εί
630 2886 687 2927 που
707 2860 833 2926 θπωπας
847 2863 1059 2945 ΗδΦθαλμοῖσι
1078 2868 1188 2925 τεοῖσιν
1208 2860 1268 2927 hoc
1290 2863 1420 2928 exhibet
1440 2863 1518 2928 Por·

324 2968 433 3053 phyrii
451 2975 635 3054 excerptum
656 2969 820 3035 Parisinus
839 2967 881 3032 D.
903 2970 1007 3033 nescio
1027 2987 1090 3052 qua
1110 2966 1148 3034 de
1161 2988 1256 3032 causa
1268 2970 1301 3032 in
1315 2967 1517 3035 Praefatione

326 3072 370 3159 (p.
385 3077 477 3154 mx)
499 3076 729 3142 absconditum.
752 3073 931 3155 Πορφυρίου.
953 3074 1160 3154 θφθαλμοῖσιν
1181 3074 1271 3137 ἑοῑσνε
1293 3074 1364 3152 πρὸς
1382 3075 1519 3140 ἀντιδια-

326 3183 436 3254 στολην
461 3182 512 3247 διὰ
536 3182 718 3262 Φαντασίας
742 3181 911 3260 βλέποντος
937 3177 1037 3259 ὥσπερ
1062 3181 1145 3244 κατὰ
1171 3180 1241 3252 τοὺς
1262 3177 1371 3253 ὕπνους
1394 3183 1466 3260 ὁρᾶν
1487 3206 1518 3245 τι

326 3286 470 3366 δοκοῦμεν
506 3289 573 3352 καί
605 3287 809 3364 διηγουμένων
842 3285 947 3352 ἄλλων
971 3287 1316 3358 ἀναπλάττοντες
1340 3288 1384 3352 τίς
1407 3288 1517 3366 δοηγή·

325 3418 427 3471 ματα.
461 3394 495 3460 πθ
524 3395 555 3459 δὲ
580 3396 704 3460 θεοῖσθαι
729 3394 765 3458 δι’
788 3396 958 3474 ὀφθαλμῶν
982 3393 1124 3469 σημαίνει
1149 3395 1204 3468 την
1232 3395 1345 3474 ἐναργῆ
1369 3395 1440 3460 θίαν
1465 3395 1518 3460 καί

325 3503 380 3575 τίον
411 3501 450 3565 δι’
483 3505 603 3566 αὐτοῦ
635 3500 817 3580 νατοίληψιν
847 3501 898 3566 διὰ
923 3506 977 3571 τῆς
1002 3501 1114 3572 οἰκείας
1140 3500 1212 3579 πρὸς
1237 3501 1272 3564 τὸ
1297 3502 1442 3578 δρώμενον
1466 3503 1519 3568 ai·

325 3608 466 3680 σθθσιως.
502 3606 618 3674 Melius
648 3607 726 3674 haec
756 3607 985 3694 intellegentur
1013 3609 1059 3670 sio
1091 3607 1225 3692 scripta:
1258 3609 1518 3687 ὀφθαλμοῖσι

325 3723 472 3779 τεοῖσιε
507 3714 580 3793 πρὸς
617 3714 853 3788 θντιδιαστολίρν
890 3716 983 3794 (τοῦ)
1021 3713 1071 3776 διοδ
1108 3699 1289 3793 Φαντασίοις
1322 3714 1516 3792 βλέποντος,

325 3819 424 3900 θίσπερ
456 3825 541 3884 κατα
563 3822 643 3888 ’τοὺς
668 3817 777 3890 ὕπνους
802 3821 872 3899 θροῖν
896 3843 925 3882 τι
951 3818 1112 3900 δοκοῦμεν,
1138 3817 1210 3903 (Ἢ)
1235 3825 1287 3884 καί
1312 3820 1516 3900 διηγουμένων

326 3927 431 3992 ἄλλων
453 3929 779 4002 ἀναπλασσομεν
802 3928 844 3990 τίν
868 3929 1062 4004 διηγήματα.
1088 3925 1122 3988 τὸ
1143 3925 1173 3990 δὲ
1194 3927 1320 3991 θεᾶσθαι
1340 3927 1377 3993 δι’
1397 3931 1516 4008 ὀφθαλ-

324 4042 387 4108 μῶν
411 4033 556 4110 σημαίνει
581 4036 635 4107 την
660 4035 770 4113 ἐναργῆ
792 4033 863 4096 θέαν
888 4033 938 4096 καί
958 4034 1012 4104 τὴν
1037 4032 1073 4096 δι’
1099 4033 1224 4096 αὐτοῦ
1249 4033 1431 4113 κατοίληψον
1442 4049 1515 4100 κτλ.

323 4140 417 4205 Ratio
440 4141 656 4204 mutationum
682 4145 792 4224 sponte
817 4137 1014 4223 perspicitur.
1062 4137 1292 4202 Disoemuntur
1315 4140 1377 4206 duo
1397 4161 1514 4228 genero

322 4251 380 4311 τῶν
403 4245 538 4320 ίδθντων,
571 4244 584 4308 θ
616 4244 667 4308 διδ
698 4242 879 4325 Φοντασίας
908 4243 1035 4320 βλέπων
1066 4245 1133 4310 sivo
1167 4245 1199 4307 iu
1230 4248 1352 4311 somnio
1384 4250 1451 4312 aive
1474 4267 1513 4312 ox

324 4349 459 4417 aliorum
495 4351 627 4428 auditu,
663 4353 715 4415 oui
749 4352 919 4438 opponitur
952 4354 997 4428 is,
1032 4353 1088 4438 qui
1119 4351 1186 4416 auis
1214 4351 1283 4438 ipse
1313 4351 1415 4420 oculis
1444 4374 1513 4420 rem

324 4459 534 4546 usurpaverit
