3318 5138
747 321 811 408 loc

187 521 307 597 doleam
342 531 528 609 habuerim,
565 530 619 617 qui
650 531 703 597 hic
735 531 845 598 eodem
876 531 971 599 modo
1002 553 1174 620 pronomen
1207 533 1370 622 personale

186 637 341 724 scripserit
372 635 436 702 δέον
466 645 632 714 κτιτικοῖιο,
664 660 700 706 ac
729 641 896 706 notissimo
924 640 994 706 loco
1019 650 1072 718 Ω,
1098 639 1163 707 486
1187 647 1219 708 ct
1242 666 1280 720 α,
1306 640 1372 708 413

186 753 244 810 σεῖο
268 751 299 812 ct
322 748 407 823 ἐμεῖο
430 747 576 831 probavit
599 767 656 831 pro
675 754 736 811 σοῖο
758 755 790 811 et
808 747 907 826 έμοῑο,
929 746 969 812 ad
988 769 1066 834 quoe
1086 747 1171 815 locos
1188 749 1373 816 conferenda

185 858 257 918 sunt
291 851 435 930 Scholia,
471 851 657 918 Victoriana
692 853 732 918 ad
773 852 925 931 Iliadem,
968 852 1063 921 HMS
1103 856 1143 920 ad
1185 854 1371 944 Odysseam.

183 959 337 1046 Apertum
371 965 436 1037 cst,
468 960 523 1044 qui
552 961 585 1024 in
609 961 712 1045 prima
733 979 770 1024 ac
793 960 930 1025 soconda
952 981 1083 1046 persona
1106 983 1279 1048 pronomen
1302 983 1373 1048 per·

182 1066 287 1133 sonale
316 1068 492 1152 possessivo
522 1068 752 1151 anteposuerit,
785 1065 921 1132 cundem
953 1069 986 1131 in
1010 1069 1105 1134 tertia
1128 1089 1260 1154 persona
1283 1069 1370 1134 idem

182 1173 307 1258 iecisse,
330 1175 422 1238 cuius
444 1175 490 1238 rei
514 1172 698 1258 exemplum
719 1193 802 1238 nunc
825 1192 887 1239 non
913 1172 1023 1241 dedrit.

224 1385 302 1452 Post
322 1387 440 1463 κακῶς,
465 1387 558 1474 signo
581 1390 688 1452 tamen
711 1385 825 1452 scholii
849 1384 929 1452 finiti
954 1386 1062 1453 addito
1088 1385 1203 1474 (Praei.
1224 1409 1256 1474 p.
1269 1388 1371 1474 anu),

180 1495 213 1558 in
243 1494 390 1560 Parisino
420 1490 536 1560 Codice
564 1490 612 1580 (S)
636 1497 812 1578 sequnntur
835 1493 930 1558 haec:
956 1494 1007 1558 roi
1030 1502 1085 1568 τῆς
1115 1495 1258 1574 δευτέρας
1283 1495 1372 1576 συζυ-

180 1600 273 1679 γίας,
297 1601 324 1665 εί
348 1603 406 1676 μὲν
428 1601 599 1680 καίαριειίει
625 1599 641 1675 ἢ
667 1599 720 1664 καί
744 1601 778 1663 τὸ
803 1602 840 1679 ῥῶ
864 1597 1065 1677 ἐπάγοιτο
1090 1600 1270 1684 έκτείνεται,
1293 1602 1318 1666 εί
1340 1599 1372 1666 δέ

178 1707 213 1772 τί
237 1722 257 1773 λ
287 1707 303 1771 l
310 1707 392 1781 στί,
420 1705 518 1788 ἕτερον
540 1713 599 1773 τῶν
622 1705 793 1787 συμφώνων
816 1705 1032 1772 συστέλλεται.
1070 1706 1269 1786 Dindorfius,
1294 1708 1372 1804 haec

179 1814 298 1894 ,rerba
329 1814 369 1880 ab
398 1813 458 1880 hoc
489 1813 557 1880 loco
581 1811 701 1880 alicna”
724 1814 927 1892 existimans,
952 1814 992 1880 ad
1015 1814 1133 1881 calcem
1158 1818 1293 1904 paginae
1321 1837 1371 1881 rc·

177 1921 310 2010 legavit.
335 1920 408 1986 Non
428 1924 602 1986 esttamen
621 1918 793 1986 admodum
814 1918 942 1986 difficile
954 1921 993 1986 ad
1006 1921 1222 2010 indagandum
1236 1921 1276 1987 ad
1288 1921 1372 2007 quod

179 2028 313 2094 verbum
332 2028 366 2092 in
386 2028 504 2094 vicinia
522 2028 599 2092 haec
619 2033 694 2094 nota
713 2029 885 2111 pertineat,
906 2048 1006 2113 neque
1026 2031 1131 2116 magis
1149 2031 1372 2097 verbaleritcr

177 2140 305 2202 tantum
330 2141 477 2221 corrupta
508 2133 675 2200 emendare
706 2132 885 2198 Herculeus
913 2133 1003 2201 labor
1034 2141 1092 2201 eat.
1135 2135 1301 2203 Pertinent
1331 2137 1371 2203 ad

178 2241 379 2320 ἐξελάσαι
403 2239 550 2321 μεγοίροιο
567 2243 602 2306 in
621 2243 780 2327 sequentia
801 2261 909 2307 versus
929 2242 1022 2307 initio
1042 2241 1097 2326 (β,
1111 2239 1190 2330 248)
1215 2247 1367 2330 positum,

178 2353 211 2415 et
238 2351 285 2415 aio
308 2351 426 2435 scripta
455 2347 548 2415 facile
572 2345 817 2436 intellegantur:
841 2347 884 2432 τὸ
907 2371 929 2412 α
952 2355 1008 2422 τῆς
1033 2348 1176 2431 δευτέροις
1201 2349 1352 2431 συζυγίας
1359 2397 1369 2430 ,

178 2456 203 2521 εί
228 2457 285 2533 μὲν
310 2455 482 2537 κοιίοιριειίει
506 2457 523 2532 ἢ
549 2453 660 2520 καὶτὸ
690 2456 728 2536 ῥῶ
753 2461 993 2535 τροκγοίτο,
1018 2455 1203 2536 ἐκτείνεται,
1229 2459 1254 2522 εί
1278 2457 1310 2524 δέ
1335 2458 1370 2523 τί

177 2577 198 2627 λ
242 2561 371 2648 έστί(ν
403 2563 435 2648 si)
477 2559 576 2642 ἕτερον
616 2567 675 2626 τῶν
712 2564 903 2647 συμφώνων,
939 2563 1164 2642 συττέλλετοιι,
1196 2585 1277 2650 quae
1307 2586 1370 2632 non

177 2671 290 2757 magni
322 2669 452 2754 quidem
483 2670 578 2754 pretii
609 2675 683 2734 sunt
711 2689 813 2754 neque
848 2673 992 2735 accurate
1026 2673 1182 2756 exposita,
1217 2672 1272 2738 sed
1296 2693 1370 2740 vera

178 2781 287 2843 tamen
310 2797 412 2862 nequa
437 2775 498 2854 ,ab
522 2775 582 2841 hoc
604 2773 673 2841 loco
695 2773 828 2842 aliena.''

225 2989 268 3068 β,
302 2987 378 3056 257.
410 2987 556 3069 αίψκριίνε
586 2987 654 3054 οίντὶ
687 2993 741 3053 τοῦ
774 2985 917 3070 ταχέως,
949 2989 988 3062 νίς
1019 2989 1054 3054 τί
1087 2987 1179 3068 ,τίτε
1203 3015 1255 3069 μοι
1277 2991 1370 3076 χοίνοι

181 3099 284 3178 εὐρεῖα
318 3094 418 3176 χίιίν”
453 3096 516 3180 (Δ,
550 3093 647 3182 182),
678 3093 747 3160 sieri
779 3098 832 3160 τοῦ
863 3093 979 3175 εὐρέας.
1005 3094 1136 3184 (HMS.)
1160 3098 1296 3166 Malim:
1320 3101 1371 3166 al·

180 3204 298 3284 ψκροίντ
323 3203 390 3268 cieri
416 3207 469 3268 τοῦ
496 3201 715 3288 (αίψιιρῶι),
738 3201 881 3282 τοοχέυο,
902 3203 940 3276 ὡς
965 3202 1000 3267 τί
1025 3218 1096 3268 κτλ.
1121 3210 1216 3292 atque
1238 3209 1284 3273 ita
1307 3208 1372 3275 fere

177 3310 297 3376 habent
320 3307 447 3376 Scholia
470 3307 620 3396 Vulgata.
650 3307 712 3388 Qui
735 3311 966 3394 comparaverit
991 3309 1113 3377 similes
1137 3313 1371 3382 observationes

177 3417 220 3484 ed
242 3415 378 3484 Iliadem
402 3426 428 3481 Δ
458 3415 539 3492 102,
566 3415 607 3502 (θ
635 3413 731 3502 150),
756 3427 786 3481 Λ
814 3414 896 3493 186,
921 3415 962 3504 (0
988 3414 1079 3506 399),
1107 3419 1198 3499 alias,
1223 3441 1301 3506 quas
1324 3423 1372 3486 in·

177 3525 300 3619 dicarit
321 3521 579 3600 Friedlindcrua,
604 3527 636 3588 et
661 3521 715 3588 hic
741 3524 912 3589 Aristonici
937 3528 1045 3589 notam
1067 3525 1255 3614 adgnoscat,
1275 3549 1372 3614 quam

177 3639 212 3700 at
242 3629 486 3698 Friedlindems
519 3629 589 3714 ipse
622 3628 778 3709 indicavit
814 3637 847 3695 et
880 3631 913 3696 in
944 3628 1090 3719 syllogen
1124 3652 1212 3698 suam
1252 3636 1371 3720 recepit

177 3737 391 3815 Camnthius,
415 3755 579 3823 perperam
603 3742 759 3823 expuncto
781 3733 918 3818 σοιχέοι.

224 3951 266 4031 β,
300 3949 380 4016 263.
410 3949 459 4014 Ad
492 3948 639 4030 ἠεροειδέα
670 3945 778 4014 τίκτον
802 3954 927 4036 praeter
949 3948 1013 4015 alia
1036 3950 1070 4016 in
1094 3951 1224 4018 eandem
1250 3957 1372 4018 santen-

176 4062 259 4126 tiam
293 4060 327 4124 in
362 4057 508 4143 pluribus
543 4054 703 4122 codicibus
745 4055 917 4143 (BEHQV)
958 4057 1094 4144 tradita,
1130 4057 1208 4124 hacc
1246 4061 1371 4145 propria

175 4165 274 4232 habet
304 4167 344 4229 S:
378 4167 394 4240 ἡ
427 4160 574 4228 casceca
603 4161 666 4242 γίορ
700 4159 1029 4244 ἀέριτοορεικοίζεται,
1055 4161 1119 4230 idas
1143 4163 1194 4229 καί
1219 4166 1286 4231 διὰ
1310 4165 1371 4232 λέ·

176 4267 410 4356 γίζετοιιίί),
434 4269 529 4349 ἤγουν
553 4268 723 4351 οίεροειδιίς·
749 4268 814 4334 tm)
840 4269 929 4346 μένον
949 4269 1026 4350 οίέρα
1046 4271 1147 4351 δρῶσιν
1167 4271 1193 4338 oi
1213 4272 1370 4348 πλέοντες.

177 4381 230 4446 Ad
264 4379 522 4466 interrogationis
557 4377 686 4464 signnm
722 4397 741 4442 a
774 4376 936 4444 Dindorfio
971 4381 1112 4464 positum
1145 4381 1369 4466 respondeam:

177 4487 248 4577 lege
273 4489 290 4563 ἡ
315 4485 463 4551 θοίλαστοι
487 4483 550 4563 γὰρ
573 4484 638 4565 οίέρι
657 4482 879 4566 ταρεικοίζετοιι
891 4533 900 4562 ,
921 4479 985 4551 ὅθεν
1004 4485 1056 4550 κοιί
1079 4487 1146 4552 δία
1173 4487 1371 4574 λέγεται,
