3318 5138
169 520 216 568 ra.
253 497 335 587 180,
370 497 426 567 nbi
460 499 628 588 Neptunus
663 501 941 589 indignabundus,
972 503 1045 588 quia
1077 500 1208 568 deorum
1241 521 1293 568 nra
1328 499 1362 567 in

169 614 331 694 posterum
356 645 398 658 -
422 609 594 694 inquit-
616 608 790 686 varohitur,
819 603 871 672 ὅτε
900 633 942 685 με
965 607 1067 688 βροτοὶ
1095 607 1160 674 οὔτι
1184 608 1308 688 τίουσιν,
1331 607 1352 697 ΙΙ

169 719 322 799 Φαίηκες,
362 713 466 793 τοίπερ
501 739 547 780 τοι
587 715 663 792 lucie
701 710 734 788 ἔξ
765 714 823 778 cicc
855 714 1021 799 γενείλῆς,
1052 735 1127 781 aum
1158 715 1236 781 haec
1271 717 1363 781 uuioe

167 821 264 886 rerba
288 821 441 906 respicere
465 824 570 906 puteat
592 817 742 886 Scholion
766 838 829 906 quo
852 819 892 886 de
915 823 1062 908 agimus,
1081 822 1128 886 ita
1142 823 1361 888 scribendum:

166 931 258 992 τοῦτο
298 933 444 1003 μάλιστα
486 927 634 992 Ποσειδῶν
677 927 839 1004 arctarat,
879 928 972 1007 τοίχοι
1013 927 1066 1014 [δ’]
1103 924 1166 1006 ὅτι,
1206 927 1271 1014 (εί)
1310 926 1362 993 real

167 1034 471 1115 τοοροιτομφίηνκι
512 1036 605 1100 οιῦτον
648 1032 700 1098 ὑπ’
740 1029 863 1110 ἄλλων,
905 1034 1022 1122 (ἀλλ’)
1059 1033 1120 1116 οὐχ
1156 1033 1209 1100 ὑπ’
1244 1035 1363 1100 ἐκείνων

168 1137 239 1205 ἔδει.
264 1139 307 1206 lit
330 1159 386 1205 cur
408 1141 434 1206 δ’
458 1143 677 1226 expunxerim,
702 1145 735 1204 et
757 1161 815 1206 cur
838 1140 865 1205 εί
884 1147 917 1206 et
937 1140 1014 1205 ciat*
1033 1140 1228 1218 addiderim,
1253 1149 1287 1207 at
1305 1143 1361 1228 qui

168 1246 290 1313 factum
313 1246 357 1312 ait
383 1253 420 1312 ut
444 1266 524 1332 quae
547 1245 690 1312 addenda
712 1248 894 1312 existimem
918 1247 952 1310 in
983 1245 1145 1312 codicibus
1169 1247 1360 1327 exciderint,

169 1352 221 1420 vel
250 1373 303 1420 me
331 1353 489 1420 indicente
521 1355 626 1439 quivis
649 1351 767 1420 videat.
790 1389 834 1404 --
858 1351 998 1434 Quartus
1028 1353 1164 1438 deniqne
1198 1352 1288 1446 locun
1311 1359 1360 1420 eat

168 1483 207 1535 τ,
231 1459 316 1539 450,
350 1460 407 1545 nbi
429 1458 468 1525 de
490 1457 689 1546 etymologia
711 1458 859 1526 vocabuli
882 1457 1049 1528 Homerici
1072 1461 1209 1542 λικριοίο
1234 1463 1360 1550 agitur:

169 1568 390 1646 ίτυριολογοῦοι
421 1565 452 1630 δὲ
481 1566 516 1629 τὸ
548 1565 682 1646 λικριφὶς
712 1558 770 1629 οίον
793 1567 864 1630 λίνον
887 1570 1120 1646 κικρνμμίνινς·
1145 1568 1172 1632 οί
1195 1566 1246 1646 δέ,
1272 1567 1362 1648 περὶ

168 1675 219 1739 τὰ
249 1675 351 1754 ίκρίοι,
382 1665 401 1737 ί
430 1672 494 1736 ἔστι
525 1671 569 1736 τὰ
600 1669 728 1750 mim
760 1669 862 1757 ξύλον,
887 1673 940 1738 κοί
964 1673 1000 1738 τί
1023 1675 1106 1740 λίοιν.
1135 1672 1202 1760 (Β.)
1225 1676 1361 1760 λοοτὶροίί

167 1781 284 1858 homo,
315 1781 443 1865 opinor:
475 1780 500 1844 οί
525 1779 575 1856 dl,
600 1777 710 1857 τοιρίν
733 1778 776 1842 τὸ
800 1779 880 1857 ίκρίκ
1020 1780 1072 1844 ccccl
1095 1780 1131 1845 cd
1154 1781 1244 1861 λίοιν,
1266 1790 1362 1866 atque
1460 1797 1463 1805 “

169 1890 234 1966 aic,
257 1886 313 1954 aad
335 1885 480 1972 plenius,
502 1884 624 1974 legitur
646 1887 681 1950 io
706 1884 932 1974 Etymologico
955 1885 1083 1975 Magno.

213 1992 344 2060 Elocia
376 1991 578 2058 Scholiorum
602 1991 642 2056 ad
665 1989 815 2070 Iliadem,
843 1993 952 2060 eadem
976 1993 1048 2060 labe
1072 1994 1214 2072 iniectio,
1242 2033 1282 2044 —
1307 1995 1364 2080 qui

169 2101 305 2186 eclipsi,
329 2112 486 2184 quantum
508 2097 617 2164 videre
639 2100 745 2183 potui,
770 2118 832 2165 non
855 2099 1067 2178 multisunt,
1093 2137 1135 2150 -
1159 2121 1242 2167 nunc
1260 2121 1362 2166 unum

170 2211 298 2270 tantum
341 2205 502 2283 tractabo,
541 2201 716 2270 Herodiani
749 2203 899 2272 Scholion
933 2205 973 2273 ad
1007 2205 1101 2273 Iliad.
1136 2217 1158 2271 B
1195 2207 1279 2292 585,
1320 2207 1360 2273 ob

169 2310 296 2378 Iaehraii
329 2313 392 2377 viri
423 2310 590 2378 clarissimi
620 2312 853 2377 auctoritatem.
900 2294 1052 2402 Diaputat
1087 2299 1288 2379 Herodianus
1322 2311 1362 2378 de

170 2421 330 2504 scriptura
359 2417 498 2484 nominis
527 2417 671 2485 Οίτνλον.
705 2417 882 2484 Οίτνλον
912 2419 943 2484 dd
967 2419 1138 2505 -inquit
1162 2457 1203 2468 -
1227 2417 1364 2490 tatta-

170 2540 274 2592 τολον.
302 2559 357 2576 ·-
380 2531 481 2596 κακῶς
513 2525 543 2590 δὲ
575 2525 764 2606 Τνροοννίονν,
796 2525 927 2604 οίίριονος
956 2522 1059 2608 talpa
1081 2521 1159 2591 είνοοι
1183 2525 1218 2591 τί
1242 2519 1284 2604 c'r,
1309 2525 1363 2590 κοιί
1434 2509 1439 2522 ’

170 2632 282 2714 rapti
306 2633 362 2706 την
385 2632 543 2706 ουνιίίειιιν
566 2636 619 2697 τοῦ
643 2635 768 2706 ποιητοῦ
792 2631 981 2714 epaphran
1005 2633 1058 2698 κοιί
1082 2631 1191 2712 napa
1211 2631 1267 2707 τίον
1284 2633 1364 2696 ίοτο-

168 2741 257 2819 ρίαν,
289 2739 317 2804 ei
338 2762 380 2817 γε
403 2737 496 2812 οὕτως
521 2739 599 2818 Φησὶ
625 2740 678 2804 acl
705 2740 871 2820 Φερεκύδης
895 2754 969 2806 κτλ.
1016 2739 1190 2825 Equidem,
1214 2739 1365 2825 quemad·

171 2845 306 2911 modum
330 2881 373 2896 -··
396 2851 434 2910 nt
464 2864 527 2911 uno
558 2843 705 2931 exemplo
729 2845 884 2934 delungar
908 2881 951 2896 -
974 2845 1149 2933 Xenophon
1175 2855 1259 2912 recte
1283 2844 1367 2910 dixit

171 2953 207 3017 in
230 2952 369 3018 Anabaai
393 2950 457 3037 ΙΙΙ,
482 2949 513 3016 ll
535 2951 554 3036 ξ
575 2951 635 3017 20:
655 2947 682 3017 οί
700 2952 833 3017 είοοντοιι
855 2949 900 3018 ὅτι
921 2952 956 3029 ἥν
976 2977 1007 3018 τι
1029 2955 1118 3034 περί
1140 2955 1223 3030 ἡμᾶς
1243 2951 1366 3034 duap-

171 3057 346 3142 τοίνιοοι,
369 3058 456 3138 περὶ
481 3059 540 3131 τοὶς
567 3058 683 3124 {aaron
708 3061 821 3138 ψυχὰν
846 3058 897 3124 nal
922 3063 1056 3137 capara
1080 3059 1366 3141 ἁμαρτάνουσι,

169 3165 219 3230 ita
250 3170 283 3230 et
313 3163 532 3232 Herodianum
557 3171 588 3230 et
611 3172 750 3231 caeteros
774 3185 884 3232 omnes
909 3186 948 3231 ex
972 3167 1073 3252 ipaiua
1096 3163 1289 3233 Graecitatis
1311 3187 1366 3232 na·

169 3277 245 3337 tura
274 3272 436 3356 auripaiaae
466 3271 618 3349 arbitror,
652 3273 761 3358 itaque
785 3270 837 3339 vel
861 3274 962 3339 inrito
986 3271 1101 3340 (lodice
1124 3272 1248 3338 Veneto
1271 3274 1365 3339 corri-

169 3377 331 3467 gendum:
368 3385 469 3450 κακῶς
505 3379 536 3444 δὲ
568 3381 740 3458 Τυρκννίινν
765 3415 808 3428 -
832 3382 884 3443 κοί
916 3381 1006 3460 περὶ
1041 3381 1096 3444 την
1124 3381 1282 3455 ocultam
1313 3383 1367 3444 τοῦ

171 3489 299 3558 ποιητοῦ
329 3483 515 3564 epactetum
545 3485 599 3550 κοιί
633 3484 726 3566 περὶ
751 3486 806 3562 rico
831 3485 974 3566 ίοτορίιιν.
1001 3483 1064 3552 Sed
1087 3492 1262 3573 opponetur
1285 3483 1368 3551 mihi

172 3591 299 3658 lsehrsii
318 3591 474 3664 sententia
493 3589 556 3657 alia
577 3591 683 3684 omnia
703 3595 859 3658 censentis
878 3595 911 3658 in
927 3593 1129 3659 adnotatione
1141 3592 1180 3659 ad
1192 3590 1369 3659 Herodiani

172 3698 241 3778 auci
256 3699 399 3778 μοιιὶρονς
411 3695 479 3774 λίξ.
497 3701 538 3784 (p.
556 3694 596 3762 31
612 3700 681 3764 eiua
693 3698 866 3786 editionis).
879 3697 1090 3778 Herodianus,
1103 3699 1201 3766 ibide
1213 3698 1368 3767 vocabulo

172 3813 260 3880 νῆσοι
282 3825 380 3892 agene
404 3806 565 3890 acripaiaae
588 3805 742 3884 creditur,
767 3805 794 3870 ai
820 3809 914 3871 unico
936 3803 1047 3874 codici
1070 3805 1164 3873 fidea:
1192 3843 1211 3857 -
1225 3843 1278 3856 --
1302 3831 1368 3872 νιε-

172 3912 388 3986 τλιίνητοιι
413 3909 474 3992 ἄρον
498 3913 515 3986 η
539 3918 625 3986 νῆσος
649 3910 760 3992 rapot
782 3911 818 3976 τί
841 3912 939 3991 γένος.
973 3911 1026 3978 Ad
1048 3913 1126 3980 haec
1147 3915 1249 4001 igitur
1271 3912 1369 3980 Irehr·

172 4022 262 4086 aina:
295 4016 406 4097 „Solet
437 4019 638 4090 τινιλοίνητοοι
670 4019 747 4098 περί.
775 4051 797 4068 -
811 4053 863 4068 --
888 4020 1032 4085 Attamen
1055 4027 1084 4084 ct
1107 4019 1188 4083 illud
1207 4025 1285 4083 recta
1305 4017 1370 4082 dici

165 4123 278 4210 puto,”
315 4124 465 4210 uffertque
499 4123 540 4190 ad
573 4123 656 4190 hanc
690 4122 868 4192 doctrinam
904 4145 995 4191 auam
1028 4123 1275 4191 confirmandum
1305 4131 1369 4190 octo

173 4233 461 4320 grammaticorum
496 4229 598 4308 locos,
634 4251 771 4318 quorum
805 4238 942 4318 quatuor
972 4236 1048 4297 aunt
1080 4253 1120 4298 ex
1146 4230 1370 4318 Epimeriamia

173 4337 374 4416 Homericis,
398 4334 676 4426 negligentissime
699 4339 878 4426 scriptitat
901 4358 919 4404 a
943 4336 1112 4423 Oramero,
1135 4343 1173 4404 ut
1195 4339 1279 4404 inter
1297 4357 1368 4404 om-

174 4462 231 4512 nen
260 4451 403 4522 conatui,
436 4443 488 4511 rel
512 4446 695 4529 imparium
724 4442 837 4512 editial
870 4448 915 4512 At
938 4463 1017 4532 quoa
1040 4440 1140 4512 locoal
1165 4444 1220 4512 Τὰ
1241 4443 1292 4512 διὰ
1314 4448 1369 4511 τοῦ
