3242 5140
734 359 795 430 421

169 554 200 618 έν
236 553 413 632 πλεομένοις
446 553 548 626 το’ποις
579 554 715 636 κειμένη,
749 551 795 620 δτι
825 555 882 621 εἶσὶ
910 564 991 630 νῆσοι
1018 589 1069 604 -·
1095 548 1127 619 ui
1153 558 1184 621 οὐ
1210 554 1356 621 δόνειντοιι

168 661 422 742 περιπλέεσέοοι.
448 663 462 726 δ
485 661 517 727 δέ
538 664 743 743 Ἀρίσταρχος
769 669 972 744 περιΦορηπῇ·
997 661 1170 741 οέιιειέσερον
1192 663 1255 740 χοέρ
1276 671 1354 745 Φησι

167 770 211 846 μέν
242 767 409 850 ἐρριζῶσθαι
442 770 499 834 τῶν
530 767 649 847 οένέμυν
674 776 769 845 νῆσον.
819 769 859 834 itt
883 771 936 836 hie
960 769 1109 836 audacter
1131 771 1352 857 corrigendum

168 868 203 939 ai
225 875 258 940 οὔ
281 874 425 941 δύνοιντοιι
451 875 770 960 προσπλέεσέοιι,
795 881 827 941 et
849 877 894 953 μέν
918 875 1085 957 έρριζῶσέοιι
1101 875 1265 962 (ridetis
1284 875 1352 941 οὶνέ-

168 1005 232 1058 ρουν
255 990 351 1058 νῆσον.

214 1087 261 1153 Ex
293 1088 344 1154 his
366 1091 514 1155 omnibus
537 1089 666 1156 scholiis
689 1077 748 1156 hoc
772 1101 855 1157 certe
878 1089 1000 1176 liquido
1024 1095 1170 1176 apparet,
1196 1091 1274 1158 does
1297 1113 1352 1158 an-

167 1197 303 1279 tiquitus
323 1197 464 1285 viguisse
485 1197 711 1264 vocabulorum
732 1201 840 1273 πλωτὴ
861 1205 947 1273 νῆσος
967 1195 1256 1283 interpretationes,
1276 1199 1353 1265 alte-

167 1322 235 1366 ram
258 1307 297 1366 ut
318 1305 362 1368 sit
384 1303 487 1370 insule
511 1305 550 1370 od
575 1323 670 1390 quom
694 1303 799 1370 lacilis
822 1311 869 1370 est
893 1325 1051 1379 accessus,
1079 1303 1351 1392 (προσπλεοριένη),

168 1407 319 1486 alteram,
345 1416 381 1476 ut
405 1409 603 1498 significetur
626 1410 730 1476 insule
754 1413 836 1476 mari
860 1411 1004 1477 innatans
1028 1409 1253 1500 (ἐπιπλέουσα).
1293 1415 1356 1482 His

167 1517 356 1582 recentiores
392 1520 520 1584 tertiam
552 1518 756 1602 addiderunt,
781 1516 852 1584 aliis
875 1521 930 1592 την
953 1519 1179 1598 περιρρεομένην
1202 1542 1357 1608 exponen·

168 1622 255 1686 tibus
274 1625 346 1690 aliis
365 1627 419 1698 την
439 1625 670 1703 προσορμισσνέν.
696 1624 757 1692 Sed
776 1626 833 1691 has
846 1626 973 1710 quidem
989 1629 1101 1691 missas
1115 1627 1354 1704 sucerelioebit;

169 1731 283 1798 collato
307 1741 414 1797 eutem
438 1730 601 1816 Apollonii
623 1730 739 1798 Lenico
757 1732 779 1796 i.
798 1755 827 1798 u.
850 1733 1015 1817 utriusque
1034 1736 1149 1798 veteris
1173 1735 1358 1820 interpreta-

168 1839 265 1904 tionis
285 1846 444 1905 eucturem
457 1841 692 1925 cognoscimus,
706 1859 819 1924 nempe
831 1837 961 1904 alteriue
974 1839 1212 1926 Aristarchum,
1225 1839 1357 1908 ulterius

169 1943 340 2012 Omtelem.
387 1955 527 2025 Πλωσρῑ
556 1945 645 2032 λέγει
674 1945 732 2021 μέν
764 1945 813 2009 έπέ
846 1951 901 2020 τῆς
935 1943 1046 2010 Αἶέλου
1078 1949 1181 2022 ιη’σου,
1217 1947 1230 2010 i
1254 1947 1368 2023 μέντοι

171 2049 292 2131 Κράτης
317 2051 419 2116 aaron
444 2049 607 2131 πλεομένην,
633 2052 647 2117 ὅ
672 2052 703 2115 δὲ
727 2051 931 2132 ’Λρέστπρχος
956 2051 1112 2132 κινουμένη
1135 2053 1187 2117 uod
1213 2053 1357 2134 πλεούση.

170 2158 335 2238 Quomodo
357 2158 561 2223 Aristarchus
579 2179 669 2223 susm
690 2160 982 2253 interpretationem
1005 2160 1202 2244 probaverit,
1222 2159 1360 2226 breviter

171 2285 209 2331 er
233 2265 439 2330 Ambrosieui
463 2263 582 2330 debelii
604 2264 693 2328 exitu
715 2263 874 2348 vidimus3
898 2265 996 2352 inisse
1020 2279 1126 2330 tamen
1152 2268 1204 2351 qui
1225 2261 1361 2334 Cratetis

170 2373 359 2438 sententiam
395 2371 549 2456 potiorem
585 2371 761 2436 iudicarent
796 2389 856 2435 non
893 2377 940 2436 est
976 2369 1170 2437 mirandum.
1217 2371 1360 2453 Quorum

170 2499 253 2544 onus
283 2480 388 2543 nescio
419 2480 489 2562 quis
523 2479 568 2561 (in
599 2473 786 2562 HMQTvp
819 2475 941 2552 ἄμεινον
971 2477 1002 2543 δέ
1023 2479 1057 2544 τὸ
1081 2477 1221 2557 πρότερον
1246 2480 1296 2566 (ut
1319 2479 1360 2544 sit

170 2584 432 2668 προσπλεοριέιη)·
457 2585 490 2648 εἰ
515 2584 590 2663 γὰρ
615 2583 793 2647 ἐπέπλει
816 2591 862 2665 τῇ
891 2583 1095 2666 έονλοέσση,
1120 2586 1183 2648 οὐκ
1206 2583 1249 2649 ἂν
1273 2585 1361 2651 οὐδὲ

170 2699 211 2758 έιο
234 2690 425 2769 δευτέρου
449 2691 575 2764 αὐτὴν
598 2683 708 2771 εὗρεν
734 2689 747 2754 i
772 2689 1002 2762 Ὀδυσσεύς.

216 2925 252 2986 ιι,
277 2902 308 2966 4.
355 2902 405 2968 Ad
436 2904 544 2966 ποῖσοον
575 2899 610 2966 δέ
631 2900 667 2966 τέ
690 2925 744 2979 μιν
766 2899 832 2980 πέρι
856 2907 961 2981 τεῖχος
983 2901 1000 2978 Η
1017 2901 1172 2982 χοέλκεον,
1197 2901 1363 2984 ἄρρηκτον,

170 3011 262 3083 λισσέρ
294 3009 320 3072 δ’
351 3008 537 3086 ιένοιδέδροριε
566 3007 661 3086 πέτρη
693 3009 872 3091 quaeritur:
906 2993 1159 3087 πῶςέοέρρηητονῑ
1191 3005 1238 3075 ὅτι
1263 3011 1359 3089 πέτρον

171 3116 341 3195 περιτρέχει
373 3118 429 3189 την
459 3113 549 3180 πόλιν
580 3115 805 3193 περιβολῆς
834 3111 923 3190 σιέξιν
954 3115 1122 3195 ε’πέχουσοι.
1150 3113 1231 3203 (BQ)
1278 3115 1361 3183 Cum

170 3222 323 3288 lemmate
346 3223 440 3297 λισση
462 3221 492 3286 δέ
516 3221 610 3300 πέτρη
635 3220 752 3286 ultime
776 3223 873 3284 etiam
898 3221 932 3286 in
951 3220 978 3286 Τ
998 3219 1167 3309 leguntur:
1189 3224 1361 3304 περιτρέχει

171 3332 226 3406 τέρν
257 3329 347 3396 πόλιν
377 3327 601 3407 περιβόλου
630 3328 714 3400 δίκην
746 3326 922 3407 έπέχουσοι,
956 3327 1038 3394 unde
1064 3331 1160 3395 etiem
1186 3331 1219 3395 in
1243 3327 1363 3396 scholio

172 3436 267 3523 poulo
296 3435 438 3524 longiore
467 3433 630 3514 περιβόλου
654 3433 825 3500 adsciscam
854 3453 909 3519 pro
933 3433 1120 3518 περιβολῆς,
1145 3435 1228 3520 quod
1254 3455 1361 3502 vereor

172 3549 210 3609 nt
232 3563 288 3629 pro
310 3563 393 3606 ινυσο
417 3551 595 3627 usurpetur.

169 3809 172 3817 .
218 3781 254 3839 ιι,
280 3756 311 3819 5.
357 3753 406 3819 De
434 3753 524 3820 Aeoli
549 3751 623 3818 filiis
646 3752 835 3840 filiabusque
857 3753 1060 3818 matrimonio
1083 3754 1168 3818 inter
1189 3774 1222 3820 se
1245 3757 1361 3819 iunctis

172 3867 218 3930 itu
246 3863 390 3928 iudicent
420 3859 622 3927 scholiastae:
648 3861 700 3925 ιιοιὶ
725 3863 814 3925 τοῦτο
840 3861 881 3930 εἷς
905 3859 1116 3937 εὐδαιμονίαν,
1142 3855 1216 3925 ὅσον
1241 3858 1363 3925 ποέντιιν

172 3973 353 4037 ἀπολαύσεσι
377 3976 435 4033 τῶν
459 3969 578 4034 τέκνοιν.
603 3967 756 4044 siluimus
781 3967 844 4046 γὰρ
869 3965 911 4046 τῷ
935 3967 979 4041 μέλ
1003 3965 1062 4031 ὑπὸ
1084 3969 1207 4032 πολλῶν
1224 3965 1363 4044 έΕοοσέοον

173 4079 274 4144 δοῦυιιι
305 4077 363 4145 τοὶς
393 4074 582 4155 θυγατέρος,
614 4071 628 4138 δ
660 4075 711 4139 καὶ
745 4076 812 4147 περὶ
836 4069 1053 4152 vituperium
1077 4071 1190 4146 οέιιησιν
1214 4073 1357 4154 έυρέιριεν.

174 4184 457 4267 deteriorantes
482 4183 545 4261 γὰρ
569 4185 642 4260 ποορ·
666 4181 764 4262 tauro
789 4178 928 4258 ἀιέλοιβε
951 4180 1022 4250 τοὺς
1046 4177 1157 4257 ἄνδρας
1182 4183 1241 4245 τῶν
1264 4183 1360 4260 toyc-

172 4292 271 4376 τέρυν.
299 4290 352 4377 (Q)
399 4289 471 4356 Non
495 4287 588 4355 facile
611 4291 682 4374 quis
700 4288 833 4364 dixerit,
855 4309 912 4353 our
930 4285 1046 4352 Aeolus
1066 4285 1143 4352 felix
1164 4287 1362 4373 praedicetur

173 4403 215 4482 τῷ
238 4400 283 4476 μη
307 4396 363 4461 ὑπὸ
394 4402 546 4460 πολλῶν
570 4394 708 4468 έξουσέοον
731 4395 832 4459 δσῡνιιι
857 4394 916 4463 τὰς
939 4393 1129 4471 θυγοιιέροις,
1152 4413 1210 4458 nec
1233 4383 1360 4460 omuino

175 4506 254 4570 tiliae
281 4525 353 4568 suas
377 4503 433 4568 cet
459 4503 580 4566 πολλῶν
604 4497 743 4578 έξνοσέον
765 4499 875 4565 liliam
900 4499 976 4584 quid
998 4499 1049 4564 sit.
1099 4497 1199 4564 Paulo
1226 4503 1363 4586 apertior
