3318 5138
836 307 904 398 Ι118

270 517 322 587 διοί
343 521 400 596 τήν
418 521 546 603 ψυχήν,
566 520 610 587 τὸ
630 519 670 587 δὲ
690 518 741 588 διοί
759 520 795 587 τὸ
815 529 918 599 σῶμα.
951 521 1058 589 Psucs
1080 522 1160 587 hooc
1185 518 1282 588 verbs
1304 539 1367 585 non
1391 537 1467 585 sone

271 626 427 693 molestiis
451 634 575 706 corsnt,
599 630 718 694 etenim
741 629 824 693 mihi
850 628 965 694 scltsm
986 648 1049 693 non
1073 629 1313 713 apertissimum
1338 631 1407 701 cst,
1429 631 1468 690 ut

267 739 395 800 taccam
425 734 464 800 do
493 739 645 812 coeteris,
677 754 815 820 quonam
838 736 932 802 modo
955 733 1057 814 βροτοὶ
1083 733 1231 800 αθοίνατοι
1255 731 1467 820 intellegendi

275 841 350 906 sint.
397 838 513 908 Omnis
543 848 653 907 cutem
685 841 779 927 plano
811 847 904 907 crunt
934 843 1033 907 eiecto
1057 841 1197 920 βροτοῖς,
1222 860 1302 926 quos
1325 837 1469 926 glossula

274 951 322 1013 ost
344 945 383 1012 od
406 949 558 1028 βροτοῖσιν
581 948 615 1012 in
636 946 791 1013 lcmmsto
814 947 1016 1024 antecedens,
1042 950 1173 1013 ccctsris
1197 949 1244 1012 its
1261 945 1376 1011 lovitsr
1396 965 1470 1008 mu·

274 1055 369 1120 tatis:
394 1053 620 1127 ιίθανοίτοις
643 1055 694 1118 ιιαί
720 1054 857 1131 θνητοῖς,
882 1060 964 1126 τοῖς
987 1053 1059 1132 μέν
1084 1053 1136 1118 διὰ
1159 1056 1215 1126 τήν
1237 1055 1364 1132 ψυχήν,
1388 1058 1467 1120 τοῖς

275 1160 307 1225 δὲ
341 1160 392 1225 διδ
418 1159 452 1224 το
476 1161 578 1238 σῶμα.
602 1159 723 1226 lisdem
746 1181 795 1226 res
818 1159 1023 1246 philosophos
1046 1164 1168 1225 nostros
1192 1179 1284 1244 saepo
1308 1159 1466 1233 exercuit,

275 1285 332 1331 cur
355 1265 480 1332 Aurora
503 1266 565 1332 diis
589 1287 712 1352 quoque
735 1265 841 1332 lucem
867 1265 974 1332 cflcrrs
996 1267 1127 1331 dicatur.
1153 1265 1202 1331 Ex
1225 1265 1336 1331 eodem
1360 1263 1469 1329 codicc

270 1369 302 1436 E
333 1377 388 1437 out
417 1373 505 1438 idom
536 1378 593 1439 out
616 1371 784 1438 aliusnon
805 1371 910 1438 multo
932 1375 1038 1437 sanior
1061 1371 1198 1457 prodiit,
1222 1372 1278 1456 qui
1301 1373 1335 1435 in
1360 1371 1466 1454 quinti

273 1474 348 1544 libri
364 1478 475 1557 initio,
495 1480 552 1545 obi
565 1479 676 1544 ssdcm
688 1479 752 1544 fere
765 1479 862 1545 verbo
872 1484 1058 1556 occurrunt,
1071 1481 1119 1544 ito
1130 1481 1310 1564 quaereret:
1331 1485 1394 1547 τοῖς
1410 1475 1467 1552 μὲν

276 1583 395 1662 βροτοῖς
419 1583 560 1658 δεθντοις·
586 1593 649 1659 τοῖς
673 1586 705 1650 δέ
726 1585 889 1657 οἰθανιίτοις
913 1585 964 1651 διοί
987 1584 1033 1662 τί;
1060 1587 1105 1661 μή
1129 1587 1182 1649 οιίιι
1207 1584 1275 1650 ἔστι
1296 1591 1358 1655 τοῖς
1390 1583 1467 1654 θεοῖς

277 1695 360 1772 Φῶς;
393 1689 469 1757 ἀλλ’
502 1692 636 1758 ἐνταῦθα
659 1698 725 1775 Φῶς
746 1691 781 1757 τδ
806 1690 930 1767 ήλιαιιθν
953 1697 1059 1773 Φιροιν.
1083 1694 1100 1768 ή
1126 1693 1297 1762 οἰθανοίτονς
1321 1691 1362 1754 τοί
1387 1712 1469 1755 στοι-

276 1805 354 1877 χεῖα
384 1797 590 1875 ὑποληπτέον,
624 1795 638 1864 ὃ
670 1799 723 1864 καί
756 1806 901 1880 κρεῖττον.
935 1801 979 1884 (p.
1005 1797 1091 1876 242„
1109 1797 1155 1882 3.)
1188 1798 1254 1864 Nos
1284 1817 1375 1874 vcro,
1405 1817 1470 1882 qua

276 1924 388 1970 sumus
429 1907 573 1984 inscitia,
605 1904 682 1991 quid
712 1905 811 1972 oltsro
843 1905 1012 1992 explicatio
1044 1905 1137 1971 altori
1171 1911 1324 1990 praestet,
1360 1903 1469 1969 vidoro

275 2030 342 2076 non·
362 2031 542 2097 possumus.

322 2246 358 2300 y,
386 2223 437 2289 14.
460 2222 624 2319 Admonet
646 2223 874 2290 Telemachum
898 2224 1063 2290 Minerva:
1088 2223 1276 2305 Τηλέμαχ’,
1301 2226 1335 2288 οὐ
1355 2223 1412 2298 μέν
1432 2246 1469 2286 τε

278 2332 340 2411 xli
371 2329 418 2395 ἔτ’
449 2328 551 2404 αἰδοῦς
581 2331 643 2396 οὐδ’
668 2331 788 2409 ήβαιθν.
836 2329 879 2396 Et
901 2351 969 2396 scm
993 2335 1078 2396 recto
1101 2330 1301 2396 admonuisse
1325 2335 1357 2396 ct
1379 2328 1470 2395 'Polo-

234 2455 239 2464 ’
277 2434 431 2503 mochum
454 2438 600 2503 docentor
622 2435 1034 2521 respondisscscholiastcc
1058 2442 1234 2502 testantur:
1258 2437 1421 2515 cccccccccc
1437 2435 1470 2499 δὲ

280 2545 297 2616 ή
328 2543 385 2622 μέν
416 2545 455 2615 cis
485 2543 689 2622 disclusus
714 2541 896 2620 διαλέγεται
922 2541 1054 2620 decusso
1079 2545 1129 2606 νῦν
1152 2543 1318 2608 ιίτοθέοθαι
1343 2542 1394 2607 διοί
1420 2545 1471 2609 τὸν

278 2651 380 2728 καιρδν
403 2650 439 2715 τθ
463 2655 595 2715 τοιοῦτον
620 2644 701 2726 ήθος,
729 2649 742 2712 θ
766 2650 798 2715 δὲ
821 2652 874 2714 οιίιι
900 2649 1015 2726 έτιίνει
1038 2645 1084 2713 ὅτι
1107 2648 1304 2726 οἰδαήμοιν
1328 2651 1408 2727 εἰμί·
1434 2651 1468 2714 οὐ

278 2757 342 2836 γαρ
368 2755 516 2836 εὐτρεπές
540 2755 607 2834 τερί
632 2755 727 2820 αὑτοῦ
750 2759 882 2821 τοιαῦτα
907 2755 1061 2834 ἐκφέρειν·
1086 2757 1175 2820 ιίλλοί
1200 2758 1331 2829 τοίλήθές
1355 2763 1470 2836 φησιν,

280 2861 347 2927 οὐδέ
375 2862 408 2926 τί
438 2885 484 2927 τοο
516 2861 633 2938 μιίθοιοι
664 2863 865 2941 τετείρήμαι.
891 2859 1056 2947 (BHMQ.)
1088 2860 1215 2926 Athos
1239 2865 1468 2947 ncccuiqucm

277 2967 367 3033 laudi
398 2966 508 3042 dotus,
540 2970 568 3032 si
591 2967 740 3046 ἀδαήμων
763 2969 957 3053 (imperitus)
983 2966 1094 3044 cudit,
1118 2987 1176 3033 noc
1199 2969 1368 3054 quisquam
1393 2989 1469 3054 pros

279 3072 398 3161 pudore
420 3073 454 3139 id
478 3074 516 3139 ds
535 3095 568 3140 sc
589 3077 657 3161 ipso
676 3075 855 3162 praedicare
873 3073 957 3141 nolle
975 3081 1059 3140 scote
1071 3073 1135 3138 dici
1147 3081 1266 3160 potest,
1279 3096 1337 3141 nec
1349 3075 1472 3160 aliquid

278 3180 376 3245 habet
398 3201 471 3245 cum
494 3177 666 3246 Homerico
689 3201 785 3246 vorsu
806 3200 987 3246 commune.
1033 3182 1188 3266 Apertum
1213 3183 1312 3254 est-sl
1344 3183 1401 3259 μέν
1429 3185 1469 3254 ὡς

281 3286 470 3361 αἰδήμονι
503 3284 707 3366 διαλέγεται,
739 3293 771 3353 ot
803 3287 816 3350 θ
849 3285 880 3351 δέ
909 3290 963 3352 οὐκ
988 3287 1101 3363 cclcc
1125 3285 1171 3352 ὅτι
1196 3288 1378 3364 αἰδήμων
1403 3288 1471 3364 εἰμί

279 3393 476 3460 scribendum
511 3413 596 3478 osso,
630 3399 667 3460 ut
702 3413 758 3479 pro
800 3393 936 3476 ἰοιρονίιο
976 3395 1091 3459 iuvene
1125 3395 1305 3458 οοιοοναιθαι
1342 3395 1469 3460 existat.

270 3501 387 3568 ,Priore
415 3500 484 3566 loco
512 3499 592 3565 falsa
624 3503 781 3585 scripturo
809 3502 844 3564 in
876 3499 1025 3566 omnibus
1049 3499 1210 3565 codicibus
1233 3521 1300 3566 ssss
1322 3499 1470 3578 videtum

279 3609 415 3687 αἰδήμων
447 3615 555 3672 sutcm
587 3606 721 3672 totidem
751 3605 853 3672 litoris
875 3605 997 3693 legitur
1018 3608 1052 3670 in
1074 3604 1264 3684 Hsrlsisno,
1289 3605 1371 3691 quod
1394 3625 1470 3671 com

279 3712 461 3781 Dindorfius
489 3715 558 3799 ipsc
587 3715 622 3778 in
644 3712 843 3779 Pmefotions
866 3714 1079 3779 adnotavissot
1100 3711 1145 3798 (p.
1169 3719 1287 3792 mm)
1310 3715 1466 3798 optimam

277 3820 447 3887 lectionem
470 3819 649 3885 inconsulto
671 3820 802 3896 obiecit,
826 3820 999 3904 pessimam
1023 3816 1104 3895 ἔθος,
1131 3855 1173 3867 -
1198 3819 1284 3905 quod
1306 3839 1362 3884 noc
1392 3839 1468 3885 cum

279 3947 355 3994 voco
386 3927 523 4003 αἰδήμων
550 3947 608 3993 nec
632 3947 706 3992 cum
730 3925 878 4003 ἀδαήμων
903 3927 1054 4012 quadra,
1081 3963 1122 3974 -
1147 3945 1204 4011 pro
1228 3920 1293 4000 ήθοο
1316 3927 1397 3992 miro
1419 3926 1471 3990 iu·

280 4033 364 4100 dicio
387 4033 543 4120 probavit.

260 4265 263 4272 ·
323 4268 364 4322 y,
389 4241 442 4310 38.
475 4241 603 4309 Κοίετινε
635 4243 699 4308 οἰτὸ
729 4247 782 4308 τοῦ
814 4249 886 4316 κῶας
919 4242 1156 4322 μετατλαομθς
1193 4243 1257 4308 εὀτι
1283 4246 1336 4308 τοῦ
1359 4241 1468 4310 ιιοίοισι.

279 4349 386 4437 (ΗΜ).
410 4349 473 4416 Pro
495 4351 590 4416 κιίοιτι
616 4355 727 4433 „socc
753 4341 767 4413 ὃ
792 4350 935 4427 σημαίνει
960 4349 995 4414 τὸ
1017 4351 1116 4431 δέρμα
1135 4349 1170 4414 Η
1188 4349 1299 4417 roote.”
1320 4349 1467 4416 Nonunc

280 4457 411 4548 quidem
435 4459 499 4523 nisi
519 4457 648 4524 obscuro
671 4456 795 4522 dictum
819 4459 877 4523 ost.
895 4457 1073 4543 Aliquanto
1096 4459 1214 4524 rectius
1237 4457 1467 4526 tocco-crit:
