3330 5144
780 334 846 404 237

213 525 295 590 nihil
325 545 437 592 causae
469 529 625 612 supererit
648 548 706 591 cur
731 528 826 592 verba
849 525 906 591 illa
930 525 970 590 ab
993 526 1053 592 hoc
1076 524 1145 592 loeo
1168 524 1272 590 aliena
1297 523 1405 591 eristi-

214 637 349 698 mentur.
399 631 505 698 Immo
536 655 574 700 ex
606 636 891 721 grammaticorum
922 640 1030 700 mente
1062 653 1123 698 non
1148 637 1252 718 potest
1276 635 1407 720 reperiri

213 738 301 804 aliud
338 738 519 825 exemplum
554 740 730 825 probandae
763 761 873 807 eorum
905 739 1121 828 etymologiae
1153 741 1403 807 convenientius.

209 847 378 926 Ὄρχαμιι
404 849 491 912 enim
515 851 685 933 cognatum
711 846 828 912 dicitur
853 868 925 912 cum
950 847 1047 912 verbo
1071 843 1178 927 άρχω,
1201 851 1238 910 ut
1259 844 1403 926 πάρδαλις

213 959 246 1018 et
276 952 431 1033 παρδαλιῑ.
474 951 616 1018 Eandem
648 954 735 1018 vocis
766 951 904 1034 ὄρχαμος
937 952 1184 1041 etymologiam,
1210 973 1274 1017 non
1297 952 1406 1018 addita

213 1071 320 1127 tamen
344 1062 594 1144 comparatione,
619 1059 714 1128 habet
726 1059 991 1148 Eltymclogioum
1003 1059 1163 1148 Mag-num
1176 1080 1201 1124 s.
1218 1081 1265 1126 a:
1286 1057 1304 1123 ά
1312 1084 1326 1136 ρ
1335 1081 1404 1139 χα-

212 1190 301 1246 reae·
339 1167 479 1244 ἡγεμών,
519 1167 604 1244 παρά
641 1168 675 1232 τὸ
710 1164 797 1246 άρχιι
835 1166 981 1250 άρχαμρς
1019 1167 1070 1230 κα)
1103 1164 1261 1248 ὄρχαμος,
1293 1165 1403 1231 eadem

212 1275 569 1361 prorsusverbaatque
592 1273 748 1358 inpriore
772 1276 870 1339 nostri
894 1272 1007 1340 sohclii
1031 1278 1130 1359 parte.
1178 1271 1288 1338 Aliam
1317 1273 1403 1338 vocis

185 1379 399 1460 ,derivandae
429 1383 516 1446 viam
549 1379 673 1468 ingredi
704 1379 824 1464 placuit
853 1380 1019 1466 Apollonio
1048 1379 1215 1466 Sophistae
1248 1378 1300 1445 vol
1337 1381 1405 1444 eius

215 1487 413 1564 auctoribus,
446 1487 613 1552 scribenti:
638 1485 655 1550 d
660 1511 675 1567 ρ
683 1510 837 1568 χαμιςι
864 1487 987 1566 ἡγεμών
1011 1487 1099 1572 (hinc
1123 1486 1218 1551 breve
1241 1506 1337 1550 suum
1360 1483 1402 1565 ὅρ-

214 1611 339 1673 χαμιςε
366 1594 489 1672 ἡγεμών
514 1593 649 1658 Photius
673 1599 705 1658 et
733 1591 938 1680 Hesychius)
966 1592 1051 1673 παρά
1076 1593 1110 1657 τὸ
1135 1591 1320 1674 ἐπέρχεσθαι
1345 1591 1403 1664 τάς

215 1698 320 1776 τάξεις
351 1707 409 1765 τῶν
433 1699 708 1777 ὑποτεταγμένων,
732 1700 814 1766 οἱονεὶ
841 1698 990 1782 έρχαμιι,
1016 1701 1125 1785 itaque
1147 1720 1204 1766 suo
1227 1701 1296 1764 iure
1320 1699 1405 1765 fecit.

213 1805 304 1874 Sardi
327 1809 413 1872 enim
440 1806 583 1882 venales,
608 1812 702 1892 atquo
726 1806 825 1874 altere
848 1806 1047 1894 etymologia
1071 1805 1205 1872 alteram
1230 1805 1326 1871 valet.

259 2020 288 2098 δ,
317 2020 390 2086 190.
428 2021 554 2087 Πάντων
587 2021 637 2087 ἐπὶ
670 2019 788 2103 δάκρυα
820 2019 1039 2101 τετραμμένων
1066 2019 1124 2085 έδει
1149 2021 1218 2086 τινιὶ
1244 2020 1406 2100 παρελθεῖν

217 2128 294 2214 [τὸν]
330 2125 491 2210 tolerare.
538 2129 582 2193 At
610 2149 711 2214 oeque
742 2126 884 2204 Helena,
918 2124 982 2201 ἥτις
1013 2151 1053 2205 νε
1088 2127 1139 2191 καὶ
1174 2129 1274 2193 αὐτῶν
1303 2125 1405 2206 πράτιρ

214 2234 385 2316 κατάρχει,
417 2255 519 2321 neque
550 2233 760 2300 Telemachus
789 2255 890 2319 neque
921 2233 1088 2300 Menelaus
1121 2233 1196 2298 huic
1221 2235 1267 2299 rei
1290 2233 1405 2298 idonei.

215 2343 337 2414 πιθανὸς
384 2341 414 2406 δὲ
456 2343 527 2423 πρὸς
564 2345 653 2406 τοῦτο
688 2341 702 2406 ὁ
738 2343 957 2420 Πεισίστρατος
994 2340 1150 2404 'Odanda
1184 2341 1240 2416 μὲν
1277 2339 1406 2416 syroen,

215 2450 287 2529 πρὸς
336 2447 446 2530 βραχὺ
497 2448 528 2513 δὲ
576 2447 730 2528 δακρύσας
774 2449 808 2512 ἐκ
857 2457 912 2522 τῆς
965 2451 1017 2512 τοῦ
1069 2448 1209 2528 &icabod
1263 2446 1405 2530 μνήμης,

216 2556 291 2622 ἀλλ’
328 2555 392 2621 οὐδέ
429 2555 528 2634 έκεένιρ
560 2556 685 2630 συνήθης
717 2551 869 2632 γεγονώς·
903 2552 1011 2632 κομιδῆ
1044 2554 1106 2633 γάρ
1140 2551 1200 2624 νέος
1234 2551 1405 2632 τυγχάνει,

216 2663 267 2728 καὶ
309 2663 384 2743 οὐχ
423 2661 544 2740 dueta
582 2664 599 2737 ri
635 2663 813 2734 τελευτὴ
849 2661 1031 2737 εὐκλεές.
1063 2660 1156 2748 (QR.)
1191 2659 1228 2726 In
1262 2660 1313 2725 his
1345 2660 1406 2744 pri·

215 2791 306 2836 mum
338 2768 529 2835 eliciendum
561 2773 609 2834 est
642 2767 799 2834 soloecum
829 2764 896 2845 πάι,
922 2805 962 2816 -
987 2769 1050 2833 nisi
1081 2770 1152 2854 quis
1184 2773 1277 2853 putet
1311 2762 1408 2834 Gree-

217 2897 292 2940 oum
327 2895 393 2941 esse
429 2874 565 2955 παρῆλθέ
600 2899 647 2947 τις
683 2875 696 2938 d
728 2872 861 2954 ἐφέξων,
896 2911 937 2922 -
966 2875 1050 2960 quod
1082 2875 1205 2940 omittit
1235 2873 1275 2940 R.
1323 2871 1406 2940 'lum

216 2983 321 3049 multo
354 2982 511 3048 efficacius
541 2981 710 3046 scribetur:
741 2981 804 3058 ἥτιι
838 3005 877 3059 νε
909 2980 961 3046 καὶ
992 2983 1082 3048 atrii
1108 2983 1208 3061 πρώτη
1236 2979 1406 3061 κατάρχει,

216 3090 299 3177 quod
324 3088 375 3156 vel
398 3087 464 3155 sola
490 3088 658 3154 verborum
682 3087 887 3154 collocatione
911 3109 1023 3154 verum
1048 3109 1114 3153 esse
1138 3089 1299 3173 probatur.
1324 3087 1405 3152 Tau·

216 3198 291 3263 dem
327 3195 442 3261 ultima
472 3215 529 3260 nec
559 3194 725 3260 cohaerent
753 3215 808 3260 nec
840 3199 924 3260 recte
956 3194 1042 3260 dicta
1065 3201 1146 3259 sunt.
1196 3193 1297 3263 Cuius
1321 3196 1407 3260 enim

216 3304 364 3370 interitus
388 3321 449 3366 non
474 3322 572 3386 aeque
596 3297 721 3366 clerus?
744 3299 867 3386 Nempe
894 3299 1056 3367 Antilochi
1078 3300 1408 3390 significoriobitum,

217 3412 298 3476 ratic
326 3409 427 3474 docet.
474 3409 519 3474 At
541 3409 771 3493 interpunctio,
796 3406 900 3493 qualis
923 3407 1052 3494 quidem
1077 3408 1162 3494 apud
1185 3408 1320 3473 editores
1344 3429 1408 3472 oer-

217 3520 321 3590 nitur,
354 3514 393 3580 de
415 3514 583 3580 Pisistrato
606 3516 676 3600 ipso
699 3515 776 3580 haec
799 3515 886 3580 diota
915 3515 1009 3600 iacit,
1032 3515 1116 3602 quod
1140 3514 1322 3581 absurdum.
1348 3512 1409 3578 Sed

218 3623 314 3688 huius
350 3621 395 3686 rei
430 3619 586 3718 facillima
621 3620 744 3687 medela
774 3628 830 3687 est.
878 3621 963 3687 Illud
994 3625 1145 3710 gravius,
1180 3621 1263 3707 quod
1292 3618 1412 3687 Graece

217 3751 280 3796 non
312 3727 375 3794 dici
398 3733 502 3814 potest
524 3730 656 3804 recrevi
681 3729 771 3806 άριοέα
796 3729 936 3804 εὐκλεής,
963 3728 1098 3815 Utrique
1121 3729 1208 3796 malo
1231 3728 1411 3794 medebitur

218 3978 303 4028 ὕστα
322 3981 376 4029 ἐπὶ
394 3982 453 4028 τοῦ
469 3974 547 4044 (pice
566 3977 620 4029 datr
638 3981 697 4028 παν
716 3997 741 4038 ε,
761 3979 815 4030 'tari
834 3977 868 4030 dl
887 3985 946 4038 τῆς
964 3978 1060 4043 δοράς
1079 3977 1133 4030 tra
1151 3983 1210 4030 τοῦ
1228 3995 1251 4030 α.
1276 3981 1347 4031 Nunc
1364 3982 1413 4032 iarn

217 4063 328 4114 dubitare
345 4079 394 4113 uon
411 4063 513 4129 amplius
531 4064 602 4113 detur
618 4067 643 4112 et
659 4079 687 4112 ex
710 4063 772 4114 serie
789 4064 928 4122 literarum,
947 4091 979 4101 -
991 4064 1069 4113 medie
1086 4065 1150 4114 enim
1167 4067 1249 4114 nostre
1266 4063 1414 4114 collocantur

218 4154 282 4203 inter
304 4149 411 4218 πορφύρῃ
433 4157 458 4202 et
480 4149 609 4216 πορφύρεος
632 4151 733 4209 θάνατος
749 4181 782 4190 -
800 4157 824 4202 et
846 4169 873 4202 ex
898 4153 1011 4218 suprestis
1028 4152 1189 4220 lexicographi
1207 4151 1297 4212 verbis,
1315 4153 1354 4202 oui
1371 4170 1413 4204 eun

219 4237 298 4301 aperte
316 4235 402 4284 dehent
419 4239 443 4286 ct
460 4235 595 4300 hltymologi
613 4241 636 4286 et
655 4236 762 4286 Photius.
798 4237 924 4284 Caeterum
941 4251 994 4286 cunr
1012 4251 1084 4302 supro
1110 4236 1259 4286 uunsnimem
1276 4251 1414 4288 conantum

218 4324 445 4390 grammaticorum'
462 4341 685 4385 commemorarem,
705 4341 753 4376 noo
769 4339 835 4375 erem
852 4325 943 4374 nescim
961 4325 1078 4376 Inrochio
1092 4325 1236 4390 scripturam
1251 4322 1413 4388 πάρδαλις

219 4415 398 4466 ,tristantem
424 4416 499 4466 videri
524 4415 620 4466 scholiis
645 4417 674 4464 od
697 4421 722 4464 N
746 4417 808 4476 loa,
833 4421 850 4464 Ρ
874 4415 917 4474 20,
936 4420 957 4462 Φ
976 4415 1024 4469 573
1043 4415 1108 4474 nixo,
1128 4415 1167 4463 sed
1185 4419 1209 4464 rt
1227 4415 1256 4464 ds
1274 4417 1317 4466 hoe
1334 4423 1358 4468 et
1376 4420 1414 4468 rui

219 4499 359 4562 Apollonius
375 4515 418 4548 sua
436 4515 498 4550 nuuc
515 4498 612 4558 debeat,
631 4499 656 4552 in
672 4499 748 4550 steen
765 4501 836 4566 perte
853 4498 927 4549 fusius
944 4497 1111 4566 disputabitur.
