3278 5148
721 289 784 373 dal

156 489 235 561 κονέι
271 495 316 562 sic
350 494 566 564 illustrantur:
605 497 775 578 φεύγοντες
810 499 862 562 οὐκ
898 496 937 563 διν
971 495 1116 575 λοίίοιμεν
1152 493 1204 590 τὸν
1237 489 1343 559 ποίντιε

155 603 329 684 ἐφορῶντα,
364 603 445 670 καίίι
479 605 532 668 καί
567 603 779 682 Ἀγαμέμνων
812 604 866 682 πρὸ
899 613 956 670 τῶν
988 604 1090 684 ίρκίοον
1119 601 1254 685 ἐκφοβεῖ
1274 600 1344 672 τοὺς

154 716 264 789 Τρῶας
296 719 358 780 τοῖς
390 711 708 791 ἐπιμαρτυρουμένοις.
743 713 778 796 (Γ
806 709 897 798 276.)
923 709 1009 798 (HQ)
1039 709 1216 776 Scholiasta
1250 709 1345 794 scrip·

154 821 256 882 serat:
289 817 370 882 καίδι
405 817 456 880 καί
490 816 703 896 Ἀγαμέμνων
728 855 770 866 --
796 818 930 899 ἐκφοβεῖ
959 819 1029 890 τοὺς
1061 823 1169 898 Τρῶας
1194 824 1256 888 τοῖς
1282 817 1346 880 ἐπι-

155 923 409 1002 μαρτυρουμένοις
442 926 585 1008 (θεοῖς).
617 924 653 1014 ln
686 923 801 990 ultimo
833 926 919 990 enim
951 923 1104 991 vocabulo
1129 928 1197 989 tota
1219 942 1346 1007 compa·

155 1031 288 1096 rationis
318 1032 368 1094 vis
402 1033 464 1096 sita
494 1036 561 1115 eat,
594 1045 629 1094 ut
662 1031 725 1096 lere
748 1052 811 1096 nen
835 1051 913 1116 opus
935 1034 979 1096 eit
1002 1030 1111 1096 Iliadis
1135 1029 1259 1112 locum,
1284 1048 1345 1113 quo

152 1135 371 1219 remittimur,
396 1135 573 1224 longiorem
600 1135 674 1202 fidei
697 1136 857 1204 faciendae
882 1158 976 1203 causa
999 1156 1165 1222 apponere.

201 1345 237 1431 ξ,
266 1345 340 1412 123,
367 1347 468 1416 Breve
492 1349 532 1414 ad
556 1348 670 1414 πείσειε
697 1345 845 1414 Scholion
870 1355 917 1414 ast
941 1346 1344 1414 inanimantisve}

156 1454 323 1534 ίριετικοῦ·
344 1456 478 1540 πείσειε,
497 1455 606 1522 πείσει.
629 1454 852 1522 Inserendum:
875 1456 989 1520 πείσειε
1009 1456 1116 1539 (eset
1138 1459 1218 1540 retii
1233 1455 1345 1520 πείσει.

156 1559 254 1627 lllstne
278 1563 510 1630 Aristoniceum
534 1557 729 1628 frustulum?

200 1795 232 1849 ο,
260 1772 288 1836 1.
323 1771 463 1838 Festinat
490 1771 636 1838 Minerva
666 1770 945 1840 Lacedaemonem.
978 1773 1068 1840 Facit
1099 1779 1207 1840 autem
1230 1774 1290 1840 hoc
1312 1775 1346 1837 οὐ

152 1883 221 1956 νῦν,
255 1878 330 1942 ἀλλ’
362 1874 412 1943 ὅτε
444 1881 486 1959 τῷ
518 1881 663 1961 νυμφαίῳ
696 1880 749 1955 τίρν
781 1879 917 1959 πατρίδα
943 1881 1100 1958 ε’γννίρισεν
1126 1880 1139 1944 ί
1165 1879 1345 1953 Ὀδυσσεύς.

152 1986 240 2064 λέγει
265 1981 313 2049 οὖν
336 1987 401 2050 ἐκεῖ
420 1985 482 2062 ,μοί
503 1988 535 2062 γ’
554 1981 590 2057 ὣς
612 1985 825 2063 βουλεύσαντε
846 1985 1027 2064 διέτμαγεν.
1050 1989 1066 2062 ἡ
1089 1985 1146 2063 μὲν
1166 1985 1305 2070 ίπειτοιΙΙ
1317 1987 1345 2059 ἐς

154 2091 377 2169 Λακεδαίμονα
402 2091 470 2158 δίαν
495 2091 552 2170 ἶβιν
577 2093 662 2168 μετὰ
688 2094 776 2158 παῖδ’
802 2091 981 2169 Ὀδυσῆος.”
1007 2094 1034 2180 (ν
1059 2091 1151 2170 439.)
1176 2090 1346 2160 ItaOodex

156 2198 220 2284 (Q).
254 2197 315 2264 Sed
346 2217 409 2266 nou
439 2204 488 2264 eet
519 2199 669 2277 dubium,
704 2203 782 2284 quin
806 2221 918 2266 verum
942 2203 1002 2266 sit:
1027 2201 1102 2266 daa'
1127 2195 1186 2265 ὅτ’
1213 2200 1277 2285 (ἐν)
1302 2201 1345 2281 τῷ

155 2305 301 2386 ννμφιιίιρ
333 2309 365 2370 et
394 2305 479 2382 λέγει
513 2310 609 2383 γοῦν
640 2307 713 2372 ἐκεῖ.
760 2305 842 2374 Item
867 2307 897 2372 ἐν
921 2306 1135 2373 reducendum
1158 2309 1191 2372 in
1216 2309 1346 2392 ineptis·

156 2415 237 2478 sima
270 2411 379 2477 fabula
411 2412 449 2476 de
480 2409 621 2478 Helenae
653 2419 764 2498 raptu,
795 2433 875 2498 quae
905 2412 944 2478 ad
975 2411 1089 2494 ψ218
1115 2433 1152 2479 ex
1176 2411 1204 2478 V
1229 2414 1345 2478 editur.

155 2518 192 2586 In
216 2517 276 2584 fine
298 2518 412 2584 scholii
436 2525 546 2584 auctor
568 2517 736 2586 laudatur:
763 2519 917 2596 ιίίστορία
940 2521 1027 2600 παροδ
1048 2519 1145 2604 Νικίᾳ
1167 2521 1208 2602 τῷ
1228 2521 1344 2602 πρώτῳ.
1414 2565 1416 2568 -

155 2624 206 2692 Na
237 2646 293 2711 pro
323 2624 404 2692 libro
432 2625 527 2691 homo
550 2625 774 2714 intellegatur,
799 2625 1020 2694 scribendum:
1045 2627 1132 2708 παρὰ
1158 2628 1253 2712 Νικίρ
1279 2629 1307 2716 (ἐ
1317 2629 1344 2716 ν)

99 2807 111 2818 ,
155 2757 198 2816 τιρ
223 2732 339 2815 πριίτιρ.

200 2973 229 3027 ο,
268 2949 320 3014 51.
359 2947 463 3014 'Aeas
497 2947 565 3040 μέν’
593 2947 693 3014 είσίκε
722 2946 801 3028 δῶρα
833 2948 932 3031 φέρον
966 2949 1125 3033 ἐπιδίφρια
1156 2952 1250 3043 detali
1271 2953 1344 3034 ίίρνιι

156 3056 326 3138 'Aretias
353 3055 403 3120 Ita
428 3050 616 3120 Pisistratus
639 3052 839 3122 Telemacho.
864 3054 1040 3142 Supersunt
1065 3058 1175 3125 breves
1195 3062 1344 3146 interpre-

154 3166 292 3230 tationes
324 3161 410 3228 vocis
442 3160 620 3244 ἐπιδίφρια,
652 3163 685 3225 in
713 3161 758 3226 B:
784 3162 834 3225 ε’πί
860 3166 903 3228 ποί
928 3160 1059 3244 ἅρματα
1083 3166 1347 3244 νομισθησόμενα,

155 3273 188 3336 in
227 3269 276 3334 V:
313 3269 362 3334 ἐπί
398 3267 448 3332 τὸν
485 3268 588 3350 δίφρον
619 3268 763 3345 τιθέμενοι
796 3269 812 3345 ἢ
846 3269 882 3334 τὸ
905 3267 1004 3352 ἅρμα.
1051 3271 1123 3338 Non
1147 3274 1242 3338 datur
1264 3276 1349 3340 inter

155 3377 233 3442 haee
259 3377 365 3460 optio,
390 3375 444 3440 sed
468 3373 606 3440 alterum
630 3373 729 3440 altero
760 3375 955 3461 explicatur,
979 3378 1186 3462 quamobrem
1206 3382 1348 3466 suspicor

155 3483 269 3549 luisse:
302 3481 352 3546 ε’πί
384 3481 435 3545 τὸν
468 3481 572 3561 δίφρον
604 3480 711 3564 ἤμει)
744 3480 780 3545 τὸ
813 3477 912 3576 ι’ίρμρι.
960 3482 1044 3548 Nem
1069 3483 1132 3560 ἤτοι
1155 3504 1217 3551 non
1241 3488 1348 3550 minus

155 3609 253 3676 quam
277 3588 370 3666 ἤγουν
393 3589 477 3673 apud
501 3591 662 3674 aequiores
684 3587 771 3654 valet
795 3588 945 3654 τουτίοτι.
983 3589 1137 3656 Similiter
1161 3591 1348 3676 Apollonius

156 3719 182 3763 s.
214 3719 244 3763 ν.
276 3697 326 3760 ἐπὶ
360 3697 401 3775 τῷ
434 3692 569 3776 ίίρματι,
609 3693 704 3780 paulo
743 3699 921 3762 accuratius
952 3694 1136 3783 Hesychius
1167 3704 1199 3762 at
1230 3696 1346 3763 fluidae

156 3804 192 3889 (i.
218 3823 251 3868 e..
277 3801 435 3886 Photiue).
472 3799 616 3866 Fortasse
645 3801 731 3868 idern
763 3801 996 3888 restituendum
1019 3815 1039 3866 λ
1065 3802 1148 3870 eia:
1174 3805 1208 3869 τὸ
1231 3803 1346 3884 δέρτρον
1446 3829 1455 3841 ·

155 3908 268 3996 wer)
300 3910 334 3972 τὸ
367 3907 453 3978 ἐκτὸς
484 3912 538 3978 τῆς
562 3907 673 3984 σαρκὸς
698 3907 814 3989 δίρμιι,
838 3909 856 3981 ἢ
882 3908 916 3972 τὸ
939 3907 1129 3984 ἐπικείμενον
1152 3908 1347 3976 λεπτότατον

155 4015 253 4095 δίρμοι
284 4017 325 4093 τῷ
359 4012 474 4091 ίίπατι,
503 4008 575 4093 ίπερ
600 4012 617 4086 ii
644 4013 745 4086 πολλὴ
770 4019 903 4092 γλῶσσα
929 4013 1114 4096 φλιίμουλον
1138 4013 1203 4082 οίδε
1228 4025 1345 4084 καλεῖν.

154 4122 221 4210 (Β),
247 4123 308 4188 etsi
330 4124 364 4186 in
387 4121 446 4188 hac
470 4119 583 4208 lingua
606 4118 640 4184 id
663 4139 725 4186 non
749 4141 907 4206 premam.

201 4357 235 4406 o.
263 4331 336 4398 105.
360 4331 477 4397 Adstat
500 4329 624 4396 Helena
647 4333 753 4406 cistae.
775 4331 832 4400 ἕνθ’
854 4332 928 4399 ἔσαν
948 4336 973 4400 οί
994 4333 1105 4400 τίπλοι
1120 4334 1345 4414 παμποίκιλοι,

153 4440 203 4514 οὓς
234 4440 333 4520 ιιιίμεν
362 4437 451 4514 ariri.
482 4437 524 4504 tlt
555 4438 613 4504 hoc
643 4459 754 4508 anum
785 4441 873 4544 dedit
904 4443 1089 4528 quaestioni.
1117 4444 1281 4510 Λίτιῶνται
1305 4446 1344 4520 νίς
