3330 5144
782 327 850 396 243

260 516 293 594 ὃ,
319 515 395 582 309.
447 517 540 584 Parvi
564 520 718 585 momenti
742 539 790 583 res
808 518 1003 586 observando
1023 525 1072 586 cst
1088 521 1123 586 in
1143 520 1248 608 glossa
1266 522 1406 590 adhunc

201 645 358 712 quereum,
380 645 438 692 neo
458 633 566 692 tamen
585 645 712 709 prorsus
735 621 942 711 neglegenda
967 625 1017 692 Ad
1037 625 1128 694 ποσσὶ
1142 627 1168 692 δ’
1182 627 1238 694 ὑπὸ
1251 638 1406 711 λιπαροῖσι

212 729 255 796 E:
289 738 441 811 στερεοῖς,
470 729 675 810 τοχυποὶτσιο.
722 730 785 796 Ριο
810 729 925 798 ultimo
949 733 1105 800 vocabulo
1128 733 1290 814 Nsberus,
1312 759 1343 802 v.
1363 737 1404 804 ol.

212 840 352 924 reposuit
383 838 467 924 quod
491 857 603 904 verum
627 843 690 904 est:
715 835 949 922 ποχυτοέποιο,
975 838 1145 924 (Mnemos.
1169 841 1210 908 N.
1236 841 1269 908 S.
1295 843 1344 908 IV
1372 865 1402 930 p.

101 961 106 968 '
214 943 311 1031 164);
337 953 469 1024 στερεοῖς
493 943 573 1010 Maii
592 950 640 1010 est
661 964 718 1030 pro
737 943 854 1009 codicis
874 943 1010 1011 lectione
1029 955 1157 1027 πτεροῖς.
1202 948 1275 1016 Non
1296 955 1403 1018 tomen

212 1051 296 1136 quod
319 1051 429 1117 Maius
446 1050 574 1118 volebat
593 1050 667 1116 hinc
688 1049 887 1116 efficiendum
908 1057 991 1128 erat,
1010 1053 1065 1120 eod
1077 1057 1183 1140 potius
1202 1064 1404 1136 στερροῖς,

212 1139 309 1243 ηυοῖω
332 1158 469 1224 formam
494 1159 611 1224 Atticis
635 1157 867 1241 frequentatam
892 1178 932 1222 ne
956 1163 1071 1225 nostris
1094 1161 1223 1245 quidem
1244 1164 1404 1248 scriptori-

214 1265 273 1330 bus
296 1268 439 1353 ignotam
463 1285 530 1330 esse
553 1265 661 1351 arguit
684 1284 717 1329 v.
741 1283 766 1328 c.
794 1262 936 1330 scholion
960 1257 999 1330 ed
1023 1267 1040 1332 t
1065 1266 1129 1332 535
1155 1271 1199 1354 (p.
1235 1267 1318 1354 219,
1347 1269 1404 1354 25)

213 1391 252 1437 ex
276 1371 387 1438 eodem
410 1371 439 1436 u
462 1372 610 1458 petitum.

257 1584 291 1660 δ,
325 1581 400 1648 320.
447 1583 534 1655 Mss'
564 1581 653 1646 οὶδινίι
686 1579 852 1661 σφοέζυυσι.
886 1579 1005 1648 Iterum
1038 1585 1072 1648 in
1107 1583 1149 1650 E:
1183 1584 1307 1666 λεπτοὶ,
1332 1589 1404 1660 τοὸο

213 1688 371 1768 σύγκρισιν
399 1695 457 1754 τῶν
481 1687 570 1762 βοῶν.
599 1687 616 1761 ή
641 1685 709 1750 ἀντὶ
733 1691 787 1751 τοῦ
812 1693 941 1760 πυκνῶς.
987 1689 1037 1754 Ad
1062 1691 1171 1756 eadem
1195 1693 1291 1759 verbu
1314 1719 1335 1759 οι
1361 1694 1404 1760 92

212 1795 333 1883 legitur
363 1799 397 1860 in
425 1793 524 1875 EQV:
560 1793 624 1869 ήτοι
656 1792 760 1858 λεπτοὶ
792 1794 864 1874 πρὸς
896 1793 1055 1872 σύγκρισιν
1086 1803 1145 1862 τῶν
1169 1799 1266 1878 βοῶν,
1292 1800 1309 1876 ri
1334 1803 1403 1866 οὶντὶ

213 1908 266 1968 τοῦ
298 1903 422 1979 ἁδινῶς,
444 1901 493 1966 ire
518 1897 535 1980 ή
560 1907 675 1972 πυκνῶς
702 1900 753 1966 sei
778 1908 925 1982 συνεχῶς.
973 1901 1031 1966 Est
1054 1923 1179 1988 prorsus
1203 1906 1287 1972 idem
1312 1909 1403 1974 echo-

211 2007 277 2074 lion
307 2009 421 2074 iisdem
452 2008 557 2072 verbis
586 2013 785 2094 conceptum.
833 2006 1047 2087 Quamobrem
1079 2010 1131 2074 hic
1163 2032 1286 2097 quoque
1315 2017 1405 2080 resti·

213 2115 366 2182 tuendum
388 2115 537 2192 arbitror:
566 2117 583 2190 ή
608 2114 677 2178 ἀντὶ
703 2118 756 2180 τοῦ
782 2114 955 2202 (οὶδινῶς,
980 2111 995 2177 ι”
999 2115 1024 2176 ν’
1051 2112 1080 2202 d)
1106 2125 1234 2190 πυκνῶς.

257 2331 291 2404 ὃ,
324 2329 400 2398 339.
447 2299 656 2398 Pdrvenimus
685 2330 726 2396 ad
756 2328 863 2396 locum
894 2328 998 2414 primo
1028 2330 1143 2396 obtutu
1178 2331 1400 2400 difficiliorem.

211 2437 376 2504 Menelaus
412 2440 520 2504 omnis
550 2436 635 2504 mola
663 2437 766 2522 procis
801 2437 1032 2520 impreceturus
1066 2438 1170 2502 utitur
1207 2437 1309 2505 nobili
1346 2439 1403 2506 illo

211 2546 462 2631 companctione:
550 2556 552 2565 ’
1237 2623 1241 2630 ¹

369 2654 407 2724 ῶς
432 2650 460 2717 δ’
484 2649 570 2716 ὁπότ’
596 2650 625 2714 έν
648 2647 773 2727 ξυλόχῳ
797 2646 917 2727 έλοιφος
943 2655 1095 2729 κρατεροῖο
1118 2639 1238 2723 λέοντοςΙ

370 2757 494 2837 νεβροὺς
519 2756 696 2834 κοιμήσατο
721 2753 885 2832 νεηγενέυς
909 2755 1107 2832 γοιλοιέηνοιέο

370 2864 500 2940 κνημοὺς
524 2863 653 2944 έξερέησι
678 2861 730 2926 κοῶ
755 2858 861 2938 ἄγκεοι
885 2861 1030 2936 ποιήεντοο

362 2969 553 3054 βοσκομένη,
578 2970 591 3034 d
616 2969 641 3034 δ’
665 2966 776 3034 ἕτειτοι
800 2967 849 3042 ἑήν
874 2967 1031 3042 εἷσήλυέεν
1057 2968 1162 3044 εὐνήν,

365 3077 566 3158 ἀμφοτέροισι
590 3075 621 3140 δέ
644 3083 739 3140 τοῖσιν
764 3071 870 3138 sente
895 3073 1013 3151 τέτμον
1036 3075 1169 3154 ἐφῆκεν,

368 3179 405 3255 ῶς
431 3183 578 3254 Ὀδυσεὺς
604 3181 741 3246 κείνοισιν
764 3179 872 3246 ῶεικέοο
896 3177 1013 3258 τέτμον
1038 3181 1194 3262 έφήτει.

210 3287 246 3354 ln
269 3289 402 3356 Homeri
426 3292 527 3376 ipsius
550 3287 619 3354 loco
642 3287 790 3378 audacior
812 3287 944 3353 fortasse
967 3287 1098 3354 videbor
1121 3291 1149 3352 si
1173 3289 1299 3368 dixero,
1319 3313 1401 3358 sem·

209 3417 265 3482 per
295 3419 348 3462 me
370 3397 507 3462 haesisse
530 3397 564 3460 in
589 3392 706 3460 ultimo
731 3394 856 3470 futoro,
882 3397 915 3458 et
939 3395 1186 3479 quotiescunque
1209 3395 1267 3462 hos
1290 3418 1400 3464 versos
1509 3461 1515 3473 ,

209 3502 333 3591 relego,
358 3523 483 3587 semper
505 3521 538 3568 sa
563 3499 644 3566 mihi
667 3505 778 3584 sponte
801 3497 910 3565 offerre
934 3500 1114 3582 optativum
1140 3501 1292 3581 ε’φήσοι.
1326 3503 1400 3571 Non

210 3610 295 3674 enim
326 3609 378 3674 hic
402 3609 593 3674 vaticinatur
617 3604 802 3690 Menelaus,
827 3611 863 3671 ut
887 3604 1035 3672 Minerva
1058 3604 1134 3672 tecit
1156 3631 1178 3670 οι
1202 3606 1399 3695 202-205,

209 3716 263 3783 sed
298 3713 464 3801 profitetur
497 3713 574 3798 quid
608 3711 676 3778 fieri
709 3713 927 3778 cummaxime
962 3714 1080 3798 cupiat.
1129 3711 1191 3780 Sed
1224 3736 1309 3781 nunc
1342 3736 1400 3782 no·

125 3855 136 3876 ·
209 3823 259 3888 bis
289 3825 396 3908 potius
426 3842 500 3914 cum
532 3818 651 3886 scholio
675 3839 724 3884 res
748 3825 806 3886 eet.
853 3816 1061 3904 splendidum
1083 3818 1191 3886 locum
1215 3823 1399 3908 Aristopha-

208 3951 264 3995 nes
304 3930 532 4014 intempestiva
565 3927 741 3992 eruditione
774 3927 913 3992 vexavit.
960 3924 1010 3990 Ad
1044 3924 1165 3992 lemma
1199 3909 1401 4009 ἀμφοτέροισι

209 4037 241 4102 δέ
271 4045 350 4102 τοῖσι
380 4035 519 4122 legimus
550 4035 584 4097 in
615 4027 836 4116 EHQRMU:
869 4030 1095 4112 Ἀριστοφάνης
1127 4033 1161 4096 τὸ
1197 4033 1400 4114 ἀμφοτέροισι

209 4143 259 4206 ἐπὶ
284 4150 339 4230 τῆς
365 4143 485 4222 ἐλοὶφσυ
511 4138 563 4204 κοῶ
597 4145 669 4202 τῶν
701 4137 853 4218 νεβρῶν
885 4137 1057 4216 λοομβοένει.
1090 4140 1105 4205 ὅ
1135 4141 1200 4219 γὰρ
1231 4141 1402 4219 Ἀριστοτέ-

209 4268 263 4326 ληο
300 4246 331 4314 έν
366 4255 444 4331 φησι
480 4247 592 4314 τιίιτειν
624 4246 679 4320 τήν
711 4240 839 4326 έλοιφου,
871 4247 1006 4317 σποινίυο
1033 4243 1064 4311 δέ
1084 4245 1147 4312 tto.
1174 4247 1338 4318 εἷκέτυο
1362 4249 1402 4316 δέ

207 4357 381 4435 Ὅμηρος
407 4355 530 4433 τούτῳ
554 4361 812 4433 ουγχρήτοιι,
837 4351 886 4418 irs
909 4353 960 4416 xxi
984 4351 1069 4416 κοιτοὶ
1089 4353 1141 4418 τὸν
1159 4353 1283 4434 οὶριέμόν
1301 4356 1401 4440 ε’μφε·

209 4467 253 4545 ρὲι
290 4461 306 4546 ᾖ
338 4464 373 4528 τὸ
405 4471 460 4538 τῆς
484 4461 605 4532 sielsoe.
631 4460 668 4531 ῶς
690 4460 754 4539 γῶρ
778 4461 803 4525 oi
828 4467 997 4540 marcipor
1021 4467 1213 4527 πλεῖστοι
1238 4461 1310 4544 πρὸς
1336 4460 1400 4544 ἕντι,
