3330 5144
821 331 888 401 238

259 521 337 590 haec
361 529 392 588 et
414 523 510 589 lectio
534 527 566 588 et
589 523 818 608 interpunctio:
857 526 979 595 πιθανὸς
1013 525 1042 588 δὲ
1076 522 1147 603 πρθς
1181 527 1269 588 τοῦτο
1302 525 1314 588 θ
1348 524 1449 590 Πεισί-

137 650 139 658 ’
258 653 388 711 σοροιτος
409 665 428 680 -
442 665 461 680 -
477 665 497 678 -
516 631 587 706 πρὸς
611 627 720 711 βραχὺ
744 629 775 695 δὲ
800 627 953 709 δακρύσας
974 633 1008 696 θκ
1028 637 1082 703 τῆς
1095 635 1147 694 τοῦ
1161 631 1300 710 ἀδελφοῦ
1313 633 1446 709 μνιίροηε,

258 737 336 804 ἀλλ’
358 739 422 804 οὐδὲ
443 736 542 817 ἐκείνῳ
561 736 686 811 ονννίθης
707 736 862 814 arroasia·
887 737 994 821 κομιδῇ
1019 739 1083 817 γὰρ
1107 737 1168 804 νέος
1191 735 1367 818 τνγχοίνει·
1383 735 1448 826 (οὐ)

258 845 309 911 καί
337 847 397 925 οὐχ
419 845 487 920 ὁμοί
495 869 539 914 ας
566 843 583 917 ἦ
607 844 736 915 τελεντθη
761 845 898 918 εθκλειίς.

302 1057 333 1127 δ,
359 1052 432 1118 221.
476 1052 641 1118 Flentibus
665 1051 789 1118 Helena
812 1053 924 1116 miscet
950 1053 1116 1130 Φάρμακον
1142 1089 1161 1104 -
1177 1089 1195 1103 ·
1209 1089 1229 1102 -
1253 1053 1392 1127 νηπενθές
1418 1055 1447 1116 τ’

258 1160 375 1242 θχολθν
397 1185 450 1226 τε.
476 1165 576 1224 κακῶν
601 1158 741 1232 ἕπίληθον
765 1157 920 1224 θποίντοιν.
967 1158 1017 1224 De
1039 1164 1168 1225 accentu
1195 1159 1283 1225 vocis
1306 1159 1447 1234 ἐπίληθον

257 1276 330 1335 nota
362 1273 410 1334 est
434 1265 625 1332 Herodiani:
651 1265 665 1329 θ
689 1266 920 1339 Ἀσκαλωνίτης
945 1274 1125 1349 περισπᾷ
1150 1266 1288 1346 μετοχὴν
1312 1265 1444 1344 οὶκοθοιν,

258 1378 462 1457 Ἀρίσταρχος
487 1374 518 1437 δὲ
543 1371 758 1450 προπαροξύνει
784 1371 879 1448 ὄνομα
903 1372 1116 1453 ίκθεχθμενος.
1141 1370 1218 1438 οὕτω
1242 1373 1273 1438 tt
1297 1373 1349 1438 καί
1374 1375 1446 1451 ημῖν

255 1481 394 1564 ἀρέσκει,
427 1480 492 1544 ἐπεί
527 1478 578 1542 καί
612 1479 654 1544 τὰ
685 1481 868 1556 προκείμενα
900 1478 1085 1555 θνθματα
1107 1480 1278 1545 ἐπίθετα
1302 1478 1351 1556 ἦν,
1379 1504 1446 1562 „vn-

256 1589 361 1660 πενθίς
392 1589 420 1651 τ’
451 1585 568 1665 θχολθν
598 1584 663 1649 ‘rel'
695 1584 783 1669 (HQ)
817 1584 964 1649 inversus
989 1586 1065 1652 ordo
1087 1586 1193 1673 magis
1215 1586 1390 1652 Aristarchi
1415 1592 1447 1651 et

257 1695 432 1762 Herodiani
468 1692 657 1759 sententiam
693 1691 864 1775 exprimet:
898 1689 963 1755 θπεί
996 1693 1047 1755 καὶ
1080 1692 1121 1756 τὰ
1153 1695 1337 1771 προκείμενα
1362 1694 1445 1757 ἐπί-

258 1804 354 1868 θετα
389 1800 572 1874 θνίματα
608 1794 655 1872 ἦν,
690 1797 850 1874 »νηπενθές
883 1795 914 1860 τ’
944 1795 1062 1877 ἄχολόν
1094 1797 1159 1861 τε.”
1198 1799 1388 1883 Numquae
1412 1799 1446 1864 H

256 1929 370 1975 manca
388 1907 517 1974 nabet:
556 1905 621 1968 ἐπεὶ
663 1927 691 1967 ιι.
722 1904 764 1968 rc
794 1927 878 1983 προκ.
912 1905 1082 1980 θνοματικθι
1111 1901 1233 1975 πενθθι,
1267 1927 1304 1970 cx
1339 1913 1446 1972 vetere

257 2015 449 2083 correctione
473 2017 541 2078 orta
565 2011 646 2082 sint,
671 2010 824 2096 (ὀνόματα
846 2011 1036 2094 ἐπιίετικοί),
1059 2031 1121 2076 uon
1140 2009 1265 2077 definio.
1296 2011 1331 2076 In
1352 2011 1446 2078 initio

255 2119 431 2188 necessario
461 2115 663 2183 scribendum
695 2137 761 2181 esse
792 2117 805 2180 θ
831 2117 965 2181 Ἀοκαλ.
991 2125 1217 2202 προπεριοπᾷ,
1242 2119 1388 2205 -quod
1413 2123 1446 2184 et

257 2227 447 2295 Euststlrius
478 2225 575 2289 habet
606 2231 635 2288 et
667 2221 849 2289 Diudorfius
872 2225 1023 2309 requirit,
1049 2262 1090 2274 -
1115 2246 1177 2293 nou
1201 2225 1352 2310 estquod
1377 2245 1444 2291 mo·

255 2357 358 2401 neam.
407 2332 530 2398 Omissa
561 2331 644 2396 euim
678 2331 763 2416 prior
792 2331 982 2417 praepositio
1004 2329 1111 2398 merus
1135 2334 1255 2398 scribae
1278 2333 1444 2398 cniusdam

254 2462 339 2512 error
362 2445 427 2516 est,
453 2438 623 2523 omniaque
646 2445 730 2504 recte
750 2440 868 2523 scripta
886 2438 1123 2523 conspiciuntur
1141 2439 1174 2504 iu
1194 2436 1257 2504 TV.
1289 2439 1444 2514 ἐπίληθονι

255 2546 535 2632 προπαροξυτόνως,
560 2542 596 2609 ἵν’
619 2542 636 2627 ᾖ
660 2543 864 2618 ἐπιληστικθ.
892 2543 1018 2630 (Suidas
1042 2545 1144 2610 ἐπίλι
1169 2545 1204 2608 τὸ
1229 2543 1443 2623 λανθαοτικίν,

253 2660 355 2724 forma
387 2653 550 2741 permira.)
581 2653 607 2718 οί
637 2651 669 2716 δὲ
700 2650 1036 2730 προπεριίοπασαν,
1071 2649 1107 2717 a·
1139 2647 1157 2732 qi
1189 2651 1443 2717 ἐπιλανθάνεσθαι

254 2766 366 2838 ποιοῦν,
403 2759 487 2846 quod
520 2779 559 2823 ex
583 2757 798 2844 superioribus
822 2761 896 2822 uoto
919 2756 1014 2822 modo
1037 2777 1103 2823 esse
1127 2761 1310 2844 excerptum
1334 2765 1445 2845 sponte

253 2873 390 2957 apparet

298 3079 333 3162 t,
358 3076 435 3143 223.
482 3077 593 3164 Pergit
626 3081 719 3161 poeta
741 3076 774 3140 iu
798 3075 1002 3142 describenda
1026 3075 1059 3142 vi
1084 3079 1333 3155 conturnicis,
1360 3079 1443 3164 quod

252 3188 308 3272 qui
340 3185 491 3261 ebiberit,
527 3221 567 3231 -
601 3183 725 3268 inquit,
757 3220 796 3231 -
832 3181 867 3246 οθ
896 3206 947 3247 κει
980 3180 1142 3262 ἐφημέριός
1174 3207 1215 3261 γε
1237 3181 1333 3260 βοίλοι
1358 3185 1443 3250 κατὰ

253 3293 346 3368 δθκρν
378 3297 525 3371 παρειῶν,
558 3311 597 3354 nc
628 3295 697 3354 tum
731 3289 878 3375 quidem,
910 3293 936 3354 si
969 3296 1024 3355 aut
1049 3295 1213 3374 parentum
1239 3291 1361 3356 obitum
1387 3299 1442 3357 aut

251 3401 381 3466 fratrem
407 3399 632 3481 rarissimoque
656 3395 828 3460 liberorum
853 3399 958 3480 capita
981 3395 1193 3462 contrucidari
1218 3399 1441 3482 conspexisset.

252 3508 398 3584 Breviter
429 3505 468 3570 ad
502 3505 578 3568 haec
607 3503 652 3581 Q:
677 3503 832 3579 ἀσφαλῶς
857 3501 892 3566 rt
917 3503 1092 3583 ίΦιιιιθριος.
1118 3503 1273 3568 ἀπάθειαν
1297 3503 1360 3585 γὰρ
1383 3511 1442 3569 τῶν

251 3613 391 3680 τοιούτων
415 3617 514 3676 κακῶν
539 3611 591 3674 οὐκ
615 3608 696 3672 ἔστιν
720 3608 825 3687 εὑρεῖν.
850 3611 949 3694 Atqui
971 3611 1112 3682 νηπενθὲς
1138 3610 1220 3676 illud
1248 3611 1329 3676 hanc
1352 3611 1439 3677 ιθποί-

252 3725 334 3788 θειαν
363 3720 493 3807 praebet
523 3717 671 3802 quidem‚
692 3715 744 3780 sed
777 3756 806 3764 —
839 3714 891 3781 vel
916 3718 984 3801 ipso
1008 3716 1178 3782 scholiasta
1197 3717 1373 3804 indicante,
1399 3757 1441 3768 —

252 3851 341 3892 νονιιι
375 3831 500 3904 tanturn
525 3824 612 3886 diem.
648 3821 760 3906 Itaque
786 3823 941 3906 scriptum
966 3823 1043 3900 tuit,
1067 3861 1107 3870 —
1134 3831 1217 3890 certe
1241 3824 1440 3891 scribendum

251 3941 317 4020 est,
343 3971 384 3983 -
409 3930 564 3996 θποίθειαν
587 3929 649 4008 γθιρ
673 3928 893 3994 τῶντοιούτων
919 3933 1019 3994 κακῶν
1042 3931 1095 3994 οίικ
1119 3929 1207 3995 iuri
1232 3939 1379 4012 τηρεῖν.
1487 4015 1491 4021 Ι

295 4147 329 4222 δ,
363 4143 430 4208 228
462 4143 501 4206 ad
536 4141 744 4218 Πολθθαρονατ
781 4139 970 4234 ἀμφίβολα
1002 4139 1124 4220 πθτερον
1156 4151 1212 4216 τῆς
1244 4145 1441 4224 Φαρμακίδος

250 4251 318 4318 lori
353 4250 389 4314 τὸ
423 4247 536 4332 ὄνομα,
570 4251 586 4324 θη
618 4249 661 4313 τὰ
692 4249 851 4329 Φοίρμακα
884 4247 927 4312 rai
959 4247 1091 4320 πολλοὺς
1124 4247 1314 4332 θαμιίζοντα.
1351 4249 1439 4338 (MV)

250 4359 383 4446 Oportet
407 4354 619 4438 ἀμφίβολον.
