3242 5140
719 325 783 392 tus

155 518 337 602 disputans:
371 518 521 594 ‚tortasse
553 517 717 586 adnotavit
741 518 944 586 Aristarchus
971 520 1103 585 verbum
1131 516 1346 592 καθάπτεσθαι

156 626 279 691 mediae
307 645 375 692 esse
404 625 662 714 significationis,
697 637 734 694 ut
766 632 799 694 in
824 627 937 694 multis
960 627 1032 694 aliis
1055 628 1131 694 fecit
1154 625 1347 696 vocabulis.”

156 732 335 819 Adscripsit
364 734 450 800 idem
480 733 554 800 fidei
584 735 745 802 iaciendas
775 755 870 802 causa
906 737 983 802 lineo
1015 758 1054 802 ex
1078 735 1123 810 Β,
1148 737 1253 804 verbis
1275 735 1346 803 Ho-

155 842 283 906 mericis
314 859 409 926 supra
440 859 478 907 ex
501 842 525 919 β
551 839 593 905 39
618 841 732 907 adlatis
756 842 921 927 adiuncto,
946 845 1018 921 πρὸς
1043 843 1151 908 ἐκεῖνον
1175 843 1227 908 riv
1252 843 1346 921 λθγον

155 944 397 1022 ἀποτεινόμενος.
421 948 456 1011 πθ
480 949 543 1027 γαρ
568 949 770 1025 καθοίπτσμαι
795 950 845 1012 ἐπί
866 952 916 1014 δύο
936 948 1158 1034 λαμβανεται,
1178 950 1227 1014 ἐπὶ
1249 951 1346 1014 καλοῦ

139 1055 191 1118 ’τε
222 1053 274 1117 καί
307 1043 420 1131 κακοῦ,
451 1053 499 1118 ε’πί
525 1061 622 1120 καλοῦ
646 1056 702 1133 μὲν
726 1055 793 1121 ιἰντί
818 1061 870 1120 τοῦ
895 1056 967 1131 πρθς
992 1059 1024 1122 σὲ
1051 1061 1197 1132 ποιοῦμαι
1221 1057 1272 1122 τὸν
1296 1053 1348 1121 λθ-

156 1181 228 1237 γον·
261 1160 310 1224 tri
343 1163 438 1224 κακοῦ
470 1160 501 1226 δὲ
525 1161 593 1226 cirri
619 1167 673 1226 τοῦ
697 1162 876 1240 ὑβριστικῶς
902 1163 1095 1249 διατίθεμαι,
1120 1159 1192 1244 ὅπερ
1216 1163 1268 1229 καί
1293 1189 1346 1243 γε·

157 1277 220 1348 ναις
254 1266 472 1334 ουντθσσεσαι.
521 1267 583 1334 Vix
612 1289 691 1354 opus
724 1275 772 1336 est
801 1289 946 1347 monere,
981 1271 1058 1336 haec
1088 1291 1150 1337 non
1172 1272 1346 1360 genuinam

155 1373 333 1458 exprimere
354 1372 570 1440 Aristoniceae
591 1383 685 1441 nome
708 1377 862 1460 formam,
882 1377 936 1442 sed
956 1373 1025 1442 esse'
1043 1398 1062 1444 a
1080 1379 1251 1444 recentiore
1272 1398 1347 1464 quo·

156 1481 230 1545 dam
259 1483 471 1568 grammatico
502 1503 540 1546 ex
571 1502 608 1548 ea
638 1482 780 1548 dilatata.
827 1482 961 1549 Brevius
993 1483 1089 1549 simul
1122 1491 1154 1549 et
1178 1483 1347 1570 aliquando

156 1587 285 1652 uberius
304 1586 391 1651 aliud
410 1587 450 1651 ad
469 1587 604 1653 eundem
625 1609 751 1654 versum
776 1589 917 1655 scholion
941 1609 979 1655 ex
995 1587 1058 1656 *Hs
1076 1589 1248 1679 vulgatum
1260 1613 1268 1655 τ
1282 1591 1345 1668 ἤτοι

156 1693 207 1758 τὸν
232 1692 323 1771 λθγον
347 1695 419 1774 πρὸς
444 1695 536 1758 αὐτὸν
555 1696 730 1770 ποιούμενος
751 1697 768 1771 s
790 1697 1014 1775 καταπραῧναι
1037 1695 1088 1762 καί
1102 1696 1345 1776 προσαγόμενος.

155 1799 216 1866 Sed
250 1803 372 1886 ipsum,
408 1803 442 1865 ni
476 1799 587 1879 fallor,
623 1804 657 1867 in
675 1802 798 1874 ¹eadem
831 1823 864 1869 re
896 1803 1116 1869 Aristonicum
1140 1804 1290 1870 audimus
1312 1807 1347 1870 in

155 1905 275 1972 scholio
306 1927 345 1971 ex
376 1905 403 1972 Τ
435 1908 474 1973 ad
498 1926 641 1974 nostrum
665 1908 771 1973 locum
796 1911 827 1991 (κ
854 1909 910 1996 ΙίΟ)
933 1909 1071 1996 prolato,
1098 1911 1154 1976 ubi
1176 1910 1347 1997 paululum

156 2014 448 2079 emendaverimus:
474 2017 547 2094 οὐχ
572 2010 590 2078 ί
595 2039 631 2079 τι
657 2008 927 2094 ἐπιπλήττει,
948 2017 1036 2082 ailad
1057 2017 1347 2097 καταπραΰνανιιαί

157 2121 429 2206 θποπείθοιν,σιιαο
440 2129 515 2186 nota
527 2117 693 2187 Carnuthii
707 2121 908 2210 diligentiam
923 2123 1068 2212 effugisse
1082 2125 1218 2190 videtur.
1231 2123 1346 2198 Emen-

156 2228 296 2294 dandum
320 2229 438 2313 absque
464 2228 573 2294 dubio:
598 2228 869 2314 (καθαπτόμενος)·
885 2225 946 2294 ὅτι
970 2229 1037 2296 οὐκ
1069 2229 1349 2316 ἐπιπλήττων,

155 2336 244 2400 aliud
268 2335 493 2414 καταπραῧναι
517 2334 569 2399 καί
596 2335 783 2412 ὑποπείθαν,
802 2357 877 2401 nam
900 2341 938 2402 ut
959 2341 1085 2422 propter
1105 2337 1155 2402 bis
1175 2339 1348 2423 repetitum

155 2441 219 2515 ἤτοι
253 2437 298 2506 dri
334 2462 390 2528 pro
426 2438 469 2506 ὅτι
505 2442 569 2518 ἤτοι
599 2444 633 2506 in
664 2443 835 2510 Aristonici
864 2443 947 2508 notis
969 2441 1074 2508 Iliacis
1099 2441 1151 2528 (ad
1175 2453 1197 2508 Β
1223 2443 1289 2508 488
1313 2452 1346 2511 et

156 2561 183 2613 Δ
211 2547 289 2631 176)
321 2550 373 2616 hic
407 2569 530 2636 quoque
562 2549 679 2615 codicis
708 2549 851 2616 ordinem
876 2552 937 2634 οὐχ
961 2547 1005 2617 dri
1033 2557 1140 2636 aperte
1162 2572 1348 2637 perversum

155 2677 331 2736 servarem,
357 2675 375 2722 o
399 2677 451 2722 me
475 2659 645 2742 impetrare
667 2677 729 2722 non
753 2660 853 2742 potui.
890 2657 1000 2743 Itaque
1024 2679 1107 2723 nunc
1127 2661 1204 2724 satis
1224 2664 1348 2725 certum

155 2766 230 2840 erit,
264 2766 297 2828 in
330 2763 570 2851 Hsmburgensi
601 2763 722 2830 scholio
745 2765 784 2830 ad
807 2769 953 2830 nostrum
977 2785 1104 2830 versum
1130 2766 1347 2832 Aristonicum

154 2891 211 2936 nos
231 2877 352 2945 tenere,
373 2873 408 2935 in
428 2870 601 2937 Harleiano
614 2869 811 2957 Didymum,
829 2877 1002 2956 utrumque
1013 2871 1188 2938 Aristarchi
1201 2871 1239 2938 de
1252 2874 1348 2938 verbo

156 2978 387 3054 καθαπτθμενος
412 2979 602 3044 sententiam
625 2977 830 3054 referentem,
854 2977 908 3044 sed
931 2985 1080 3044 neutrum
1102 2978 1230 3064 plenum
1254 2983 1349 3065 atque

155 3089 327 3174 integrum.
375 3084 482 3150 Etiam
507 3083 600 3150 exilis
623 3083 730 3173 glossa
753 3083 869 3150 Veneti
893 3084 933 3150 ad
957 3094 984 3150 A
1010 3083 1075 3149 582
1099 3084 1345 3172 (καθάπτεσθαιτ

156 3193 399 3269 καταπραΰνειν,
435 3190 574 3275 ἐπέχειν)
607 3211 645 3257 ex
669 3189 869 3256 Aristonioee
892 3203 966 3256 nota
989 3189 1083 3256 fluxit
1107 3190 1197 3258 Arist
1184 3193 1348 3280 tarehique

155 3302 448 3385 interpretationem
474 3298 577 3364 refert.

202 3507 341 3604 κ,,103
390 3509 545 3574 Εναντίον
572 3509 637 3573 ἐστί
669 3510 714 3573 τὸ
738 3531 912 3616 παρισταν
915 3509 984 3580 τοὺς
1008 3506 1244 3589 Λαιστρυγόνας
1270 3511 1346 3586 ciree-

154 3617 279 3696 φοίγσυς
310 3617 361 3696 ποῖ·
388 3615 616 3696 παραφέρειν
603 3623 722 3686 εαυτοΐς
745 3612 830 3689 υλιρν.
856 3585 912 3702 (T)
954 3613 991 3678 In
1015 3616 1121 3682 codiee
1145 3623 1192 3682 est
1216 3616 1327 3681 τπαθ

154 3723 236 3803 catut
237 3747 310 3804 ρεινε
338 3726 478 3788 mutavit
501 3721 679 3800 Pretiosos,
703 3741 867 3808 perperam
891 3727 927 3786 ut
949 3721 1081 3788 adsolet.
1118 3722 1191 3790 Non
1210 3723 1256 3789 alt
1244 3729 1347 3789 terum

154 3829 190 3895 τθ
212 3829 267 3896 sed
289 3829 378 3914 prius
400 3827 636 3895 sollicitandum
657 3835 742 3906 erat,
762 3849 836 3894 nam
856 3827 1010 3894 naturalis
1029 3829 1104 3896 ordo
1125 3835 1188 3896 est:
1211 3829 1346 3896 ἐναντίου

155 3935 220 4000 ἐστὶ
253 3939 303 4017 τῷ
336 3940 490 4014 ταριστοῖν
521 3936 591 4006 τοὺς
615 3937 852 4015 Λαιστρυγόνας
877 3935 1065 4015 ὠμοφάγους
1090 3935 1132 4001 τθ
1156 3935 1346 4018 παραφέρειν

155 4045 274 4115 ἑαυτοῖς
300 4039 391 4120 ὕλην,
416 4049 453 4106 ut
479 4063 508 4107 v.
535 4065 562 4108 c.
585 4041 619 4107 in
642 4043 776 4128 Didymi
800 4049 875 4109 nota
898 4044 938 4109 ad
960 4067 979 4107 κ
1005 4041 1088 4111 178:
1115 4043 1198 4109 δοκεῖ
1215 4045 1347 4110 ἐναντίον

155 4145 230 4214 εἶναι
264 4159 348 4222 τοῖς
386 4145 551 4225 ἦθυμιικθσι
582 4150 624 4212 τὸ
655 4145 735 4214 ὦκα·
767 4149 810 4214 διὸ
835 4147 864 4214 ἔν
888 4174 951 4214 τισι
979 4149 1013 4214 τὸ
1038 4147 1113 4216 οὕτω
1137 4149 1288 4231 φέρεται,
1315 4158 1348 4217 at

155 4257 276 4340 ubique
289 4255 441 4323 iocorum.
477 4253 618 4330 Soletis,
640 4255 667 4320 si
687 4275 780 4341 quem
802 4258 893 4322 iuvat
913 4255 1127 4344 hancquoque
1141 4277 1344 4346 cognoscere,

155 4361 232 4427 haee
262 4369 324 4428 est:
357 4363 458 4427 λθοιτο
491 4360 518 4428 δ’
552 4360 589 4426 οἰν
622 4363 655 4426 ἐκ
678 4368 731 4426 τοῦ
757 4363 855 4435 ἔθους·
880 4365 1036 4441 εἰθίσμεθα
1060 4365 1122 4445 γίιρ
1147 4373 1185 4447 τῇ
1211 4363 1270 4445 dep
1294 4363 1344 4429 καί

155 4469 197 4540 είς
220 4465 301 4532 ἄλλο
324 4473 474 4555 χρῆσθαι,
495 4468 567 4548 πρθς
591 4492 626 4532 τε
650 4469 749 4536 οίλίαν
775 4471 827 4534 καὶ
853 4471 894 4542 είς
919 4475 985 4552 φῶς
1010 4475 1060 4536 καί
1088 4469 1295 4546 κατασκευήν.
