3318 5138
833 315 899 392 loo

272 505 306 574 in
329 507 466 576 Scholiis
490 509 530 576 ad
553 508 728 598 Odysseam
752 513 872 580 factum
896 535 964 581 esse
985 515 1052 579 iam
1085 511 1276 598 quibusdam
1308 511 1463 598 exemplis

271 615 387 682 adlatis
407 617 529 683 ostendi
549 620 583 682 in
605 618 785 688 Observatt.
800 643 832 707 p.
847 622 886 687 ll
902 643 1000 707 seqq,
1015 620 1132 706 quibus
1143 639 1227 684 nunc
1240 640 1341 684 unum
1356 620 1465 686 adiun-

270 744 360 812 gam,
380 723 405 802 β
419 722 493 801 397,
516 725 573 790 ubi
591 727 733 811 primum
747 727 937 815 simpliciter
948 727 1023 794 R'P:
1043 723 1090 792 θοι
1105 727 1142 814 (οἱ
1155 733 1323 805 μνηστῆρες
1338 727 1463 812 nempe)

271 831 324 896 οὐκ
343 831 372 895 έν
393 840 431 913 τῇ
454 831 625 904 Ὀδυσσέως
645 834 725 918 οίκίρι
746 835 923 913 ἐκοιμῶντο,
945 835 1058 901 deinde
1078 835 1242 900 verbosius
1259 836 1292 898 in
1304 833 1464 914 quRu:

270 937 318 1003 δεῖ
334 946 410 1002 νοεῖν
431 933 475 1002 θοι
497 940 524 1002 cl
543 936 620 1015 ξένοι
642 942 701 1005 τῶν
720 947 896 1021 μνηστήρων
920 943 1007 1021 accde
1030 942 1134 1024 Φίλοις
1158 939 1324 1005 ἐκοίθενδον.
1346 941 1379 1004 οὐ
1401 941 1464 1018 γὰρ

270 1042 406 1126 ἐθάρρουν
440 1047 550 1123 μετὰ
585 1044 698 1132 (Oodd.
729 1051 829 1137 παρὰ)
863 1057 921 1116 τῶν
957 1050 1133 1121 Ἰθακησίων
1166 1049 1343 1127 μνηστήρων
1369 1047 1399 1112 ἐν
1421 1049 1464 1128 τῷ

270 1150 339 1231 οίκιρ
359 1150 531 1227 Ὀδυσσέως·
554 1153 721 1221 καθεύδειν.
742 1154 819 1222 οὕτω
838 1157 902 1237 γὰρ
922 1158 1023 1222 αὐτῶν
1048 1154 1099 1234 καί
1126 1156 1142 1230 οἱ
1165 1155 1305 1220 οίιτιθλεια
1320 1154 1464 1230 tradate.

272 1258 391 1340 Quidni
423 1261 526 1348 igitur
553 1263 653 1325 nostri
684 1283 809 1348 qnoque
840 1264 953 1330 scholii
984 1264 1136 1348 primaria
1160 1263 1262 1327 forma
1283 1261 1361 1327 haec
1384 1261 1463 1327 fuit:

270 1361 316 1430 θτι
348 1369 399 1429 νῦν
429 1367 462 1430 οὐ
493 1367 548 1440 τὴν
579 1364 651 1441 θλην
682 1376 742 1447 γῆν
771 1369 859 1450 λέγει
891 1369 1078 1451 εθρνθδειαν,
1107 1367 1196 1433 cirac
1226 1369 1261 1433 τὸ
1287 1372 1379 1433 κοινὸν
1409 1375 1464 1443 τῆς

270 1478 329 1550 γῆς
353 1469 449 1550 ὄνομα
469 1475 593 1551 μῖιλλον
615 1476 687 1539 κατ’
711 1476 848 1542 εἰτίθετον
870 1475 1034 1559 χαρίζεται
1059 1477 1101 1557 τῷ
1125 1475 1220 1556 μικρῷ
1245 1476 1342 1550 αὐτῆς
1365 1465 1462 1555 μέρει.

317 1576 474 1658 Quorsum
507 1589 615 1645 autem
644 1579 742 1648 haccl
773 1581 899 1669 Nempe
931 1590 968 1648 ut
999 1603 1136 1649 errorem
1168 1583 1345 1670 corrigam,
1369 1601 1464 1665 quem

270 1686 305 1749 in
334 1684 394 1751 hac
425 1687 494 1771 ipsa
526 1686 651 1753 dicendi
678 1689 779 1755 iorma
802 1689 879 1756 olim
904 1693 937 1755 in
961 1689 1138 1756 Observatt.
1165 1687 1247 1754 meis
1270 1690 1382 1754 erravi.
1405 1688 1465 1753 Pe·

271 1790 382 1877 nelopc
409 1792 516 1859 dolore
540 1794 674 1861 infracta
700 1795 751 1862 ἐντ’
777 1797 861 1862 οὐδοῦ
882 1792 927 1880 ἷζε
953 1796 1219 1873 πολυκμήτου
1244 1793 1463 1874 θαλοίμοιο.

272 1898 302 1984 (δ
327 1897 406 1984 718)
430 1897 483 1965 Ad
507 1900 585 1966 haec
607 1903 704 1968 rerba
724 1901 874 1971 Scholion
893 1905 994 1970 estin
1014 1903 1057 1967 P:
1080 1904 1112 1967 cd
1134 1902 1241 1967 κατιὶ
1261 1900 1296 1965 τί
1317 1903 1464 1986 ἐπίθετον,

271 2003 347 2069 ἀλλ’
372 2002 440 2084 ἔχει
464 2008 520 2083 sto
543 2009 702 2089 ιὶναΦορθιι
726 2011 797 2091 πρὸς
822 2013 863 2075 τοι
885 2011 965 2090 ἔργα
984 2015 1037 2076 τοῦ
1058 2009 1354 2080 κατασκευάσαντος
1371 2007 1465 2073 αιἰτθν

271 2110 454 2182 Ὀδυσσέως.
478 2113 526 2180 De
549 2115 600 2180 his
623 2115 700 2182 olim
725 2118 771 2184 ita
791 2118 1011 2204 disputabam:
1036 2138 1165 2202 ,sensus
1184 2117 1281 2182 etiam
1302 2137 1340 2181 ex
1359 2115 1466 2181 verbis

273 2221 429 2304 corruptis
460 2219 554 2286 facile
578 2229 722 2309 apparet,
843 2225 897 2290 sed
920 2225 996 2308 qnid
1020 2231 1084 2318 est:
1111 2226 1151 2288 cd
1176 2223 1283 2289 κατα
1305 2223 1340 2287 τὸ
1364 2221 1464 2287 inlic-

270 2321 344 2390 τινί
378 2325 449 2392 Non
482 2347 556 2393 sanc
579 2328 613 2393 id
636 2329 718 2414 qnod
742 2333 899 2398 sententia
922 2331 1078 2418 postulat,
1103 2331 1207 2409 κυρίως
1231 2327 1403 2407 τέτακται,
1430 2330 1464 2394 οὐ

272 2433 437 2518 παρέλκει,
472 2434 634 2520 epitheton
662 2437 714 2501 bic
738 2439 804 2502 vim
827 2459 918 2503 suam
944 2444 1076 2504 exercet.
1101 2436 1289 2525 Lugendum
1313 2437 1464 2500 coniicio:

271 2542 340 2606 οὐκ
364 2542 499 2620 ,ἀργὸν
535 2541 569 2606 τὸ
606 2542 759 2621 ἐπίθετοι,
792 2545 1057 2631 quemadmodum
1088 2565 1117 2630 p.
1145 2543 1224 2618 342,
1252 2541 1294 2608 30
1325 2543 1355 2629 (η
1384 2540 1464 2628 208)

270 2647 407 2713 dicitur:
440 2649 514 2726 „oric
546 2651 647 2728 ἀργῶς
680 2653 697 2725 ἡ
721 2630 984 2732 τίροοινιίκρουοιο”.
1009 2648 1053 2738 (p.
1082 2648 1149 2734 67.)
1179 2649 1273 2716 Nune
1295 2648 1464 2736 intellegO,

269 2773 323 2819 ms
352 2755 386 2818 οὐ
415 2752 501 2818 κατιί
532 2754 615 2822 male
645 2759 824 2824 coniectura
848 2764 993 2824 tentasse.
1042 2756 1175 2823 Sensum
1200 2777 1294 2842 quem
1308 2756 1465 2824 dicebam

272 2880 365 2926 verus
396 2866 461 2938 cst,
490 2861 544 2926 sed
576 2863 604 2926 is
627 2864 695 2948 ipsc
717 2866 786 2929 iam·
805 2866 889 2930 inest
912 2867 945 2931 in
968 2866 1009 2928 οὐ
1032 2865 1118 2929 κατ’
1142 2864 1295 2947 ἐπίθετον,
1320 2861 1404 2949 quod
1433 2867 1465 2927 et

269 2968 333 3034 loci
365 2988 402 3032 cx
434 2966 607 3034 Aristonici
637 2969 677 3034 ad
706 2970 840 3038 Iliadem
863 2971 992 3044 scholiis
1015 2991 1110 3053 snpra
1134 2969 1225 3035 allati
1249 2969 1465 3035 demonstrant

272 3079 303 3140 et
333 3076 439 3162 magis
467 3077 565 3140 etiam
590 3077 803 3143 memorabihs
827 3078 964 3165 Didymi
987 3076 1163 3163 disputatio
1187 3076 1226 3142 ad
1250 3087 1272 3140 B
1300 3076 1377 3151 111,
1408 3075 1465 3139 ubi

271 3180 372 3266 ipsius
394 3181 570 3246 Aristarchi
596 3184 692 3248 rerba
715 3186 855 3250 citantur
877 3186 1005 3251 haecce:
1038 3183 1068 3249 έν
1096 3207 1153 3249 τινι
1174 3189 1232 3248 τῶν
1253 3179 1464 3263 ἠκριβωμένων

272 3286 500 3364 ὑπομνημάτων
531 3285 650 3368 γροέφει
681 3295 786 3356 ταῦτα
819 3290 1049 3376 (Aristarchus)
1071 3291 1158 3356 κατὰ
1181 3287 1282 3365 λέξιν·
1308 3290 1348 3354 οὐ
1372 3285 1461 3352 κατ’

273 3383 458 3458 έιτίθετον
494 3393 582 3472 λέγει
617 3394 741 3474 μέγας,
778 3398 866 3462 σίλλιὶ
902 3397 974 3478 πρὸς
1010 3398 1242 3469 οίντιδιαστολίην
1278 3399 1331 3460 τοῦ
1364 3393 1463 3473 ἑτέρου

272 3499 411 3572 Αίαντος.
460 3499 568 3587 Igitur
601 3504 635 3567 in
669 3505 774 3570 verbis
805 3506 838 3570 οὗ
869 3505 976 3570 κατὰ
1007 3506 1078 3589 [τὸ]
1112 3506 1248 3569 έιτίθετοι
1277 3502 1316 3568 ad
1349 3500 1366 3565 δ
1397 3499 1463 3566 718

270 3605 353 3672 nihil
383 3608 445 3671 nisi
476 3607 510 3670 τὸ
544 3607 713 3674 delendum
737 3616 786 3676 est
808 3612 940 3677 fortasse
964 3633 1003 3676 ex
1028 3611 1215 3697 repetitione
1239 3614 1363 3686 ortum,
1389 3609 1464 3674 scri·

270 3713 406 3799 bamque
427 3715 459 3778 οθ
483 3715 589 3781 κατὰ
613 3715 749 3782 ἐπίθετον
774 3718 914 3803 dedisse,
940 3717 1158 3784 Aristonicum
1184 3719 1288 3803 ipsum
1312 3717 1352 3780 οὐ
1377 3706 1463 3780 κατ’

271 3820 339 3884 έσί
345 3821 467 3898 θετον,
493 3823 566 3886 ἀλλ’
589 3819 655 3904 ἔχει
676 3825 990 3908 &asportassent
1011 3822 1088 3903 ἔργα
1113 3861 1156 3876 ··
1183 3821 1372 3894 Ὀδυσσέως.
1397 3823 1465 3886 ism

269 3929 346 3992 satis
369 3932 490 3992 certum
514 3949 581 3995 csse
600 3933 720 4016 opinor.
769 3930 988 4000 Aristonicum
1014 3931 1151 4018 prudens
1176 3932 1338 4013 sciensque
1362 3930 1461 3993 nomi·

270 4034 363 4108 μοιτίς
388 4032 484 4098 huius
508 4037 593 4100 enim
617 4043 649 4101 et
672 4038 731 4116 hoc
756 4037 904 4104 Scholion
929 4059 996 4104 esse
1020 4044 1051 4103 et
1069 4042 1295 4126 argumentum
1315 4041 1347 4102 et
1366 4035 1462 4102 verba

271 4141 486 4206 demonstrare
507 4142 590 4206 mihi
613 4142 771 4211 videntur.
1240 4153 1244 4164 '

281 4323 286 4334 1
315 4244 396 4310 Uter
424 4247 533 4312 eadem
564 4248 624 4314 hac
654 4252 832 4336 occasione,
862 4258 900 4317 nt
930 4254 1028 4318 ctiam
1061 4249 1141 4318 alios
1164 4251 1318 4337 quosdam
1344 4271 1461 4316 errores

270 4353 448 4440 corrigam,
477 4374 555 4439 quoe
579 4356 658 4422 olim
682 4359 829 4424 commisi
852 4381 926 4425 cum
952 4357 1195 4426 Observationes
1218 4380 1304 4425 mear
1328 4359 1460 4425 conscri-

270 4457 395 4540 berem,
425 4481 504 4548 qnos
535 4485 618 4530 nunc
649 4463 782 4534 meliora
814 4467 962 4547 edoctus,
990 4469 1058 4536 sive
1081 4464 1216 4533 aliorum
1242 4485 1279 4532 ea
1302 4485 1376 4532 cura
1398 4465 1461 4530 fuit
