3242 5140
727 328 794 409 389

160 525 366 616 profluxisse,
397 532 599 618 scribamque
627 531 768 598 Palatini
791 532 1018 600 dormitantem
1040 527 1125 598 male
1148 526 1264 620 legisse
1287 526 1352 596 ἔτι·

159 639 271 716 θυραίας
305 659 362 724 pro
393 641 638 718 ἐλευθερίας.
687 637 748 706 Sed
780 640 831 706 vsi
862 643 908 706 sic
936 640 1029 725 plura
1053 645 1173 706 restent
1194 639 1351 706 scribendi

159 747 256 822 rius,
292 746 440 812 omnibus
469 748 585 812 nostris
607 745 800 812 communis.
823 783 827 792 ·
849 745 935 826 Quae
960 753 997 812 ut
1019 755 1104 812 certo
1128 746 1268 812 remedio
1294 744 1352 812 tol·

158 848 280 935 lamnn,
310 852 369 918 hoo
401 853 575 918 tenendum
598 857 657 920 set.
708 855 857 938 Proponit
880 855 1111 940 grammaticus
1133 855 1238 918 nescio
1262 854 1351 938 quis,

158 958 213 1022 sod
249 965 333 1024 certe
368 979 408 1024 ox
439 959 691 1044 antiquioribus,
723 958 884 1044 duplicem
917 962 1004 1026 vocis
1034 959 1140 1040 εῐρερος
1172 961 1350 1046 originem,

158 1063 321 1130 scutulam
358 1075 527 1150 utramque
559 1085 594 1132 ac
617 1067 645 1130 si
669 1084 732 1130 non
756 1086 885 1149 veram,
908 1065 1013 1151 lepide
1037 1073 1145 1132 tamen
1169 1101 1211 1114 -
1236 1072 1273 1130 ιιι
1296 1066 1352 1128 isti

158 1169 261 1236 solent
274 1207 316 1220 -·
329 1171 555 1259 excogitatam.
591 1171 682 1238 Prior
702 1191 769 1238 osse
792 1172 936 1238 videtur:
956 1174 1094 1238 servitus
1113 1171 1180 1249 περι
1199 1171 1242 1236 τοι
1261 1169 1350 1249 ἔργα.

157 1278 201 1342 At
224 1283 257 1340 et
278 1277 368 1342 nulla
391 1285 440 1344 cst
463 1281 618 1353 servitus,
640 1280 693 1342 cni
717 1276 799 1342 iliud
825 1279 990 1362 proprium
1010 1297 1073 1343 non
1092 1278 1135 1342 sit
1154 1283 1191 1342 ιιι
1209 1277 1352 1344 laborare

157 1391 307 1469 cogatur,
333 1403 435 1469 nequo
461 1382 538 1462 ἔργα
563 1392 595 1450 et
619 1383 726 1464 εἴρερυσ
750 1383 888 1468 aliquam
916 1384 1120 1450 habent-soni
1141 1381 1350 1458 adfinitatem,

156 1489 197 1553 ab
221 1490 416 1578 etymologis
440 1494 473 1556 in
498 1490 670 1557 derivando
693 1491 925 1556 studiosissime
947 1491 1135 1574 quaesitam.
1166 1489 1215 1556 Ne
1235 1489 1349 1565 multa,

157 1598 284 1679 scripsit
305 1597 417 1662 bomo:
431 1596 570 1663 δουλείαν
590 1600 645 1672 τὴν
665 1598 732 1677 περι
749 1598 792 1661 τοὶ
813 1597 868 1678 ἔρι
879 1623 915 1676 α,
930 1598 1013 1684 quod
1025 1600 1134 1664 statim
1148 1597 1349 1682 probabitur,

155 1701 440 1791 pervulgatissimo
471 1723 574 1770 errore
598 1725 637 1770 ox
661 1704 780 1771 unciali
802 1707 961 1790 scriptura
983 1704 1171 1789 repetendo,
1193 1723 1289 1789 quam
1313 1702 1354 1768 de

155 1807 285 1874 scholiis
314 1829 439 1895 quoque
472 1809 578 1876 ralcrc
610 1814 726 1877 nostris
756 1814 881 1896 saepius
906 1811 1065 1888 diximus,
1091 1817 1124 1877 et
1145 1815 1270 1896 praeter
1292 1808 1352 1874 hoc

155 1912 220 1978 alio
255 1915 402 2001 exemplo
436 1916 497 1982 erit
532 1917 663 2002 probare
698 1937 761 1984 non
797 1918 905 1982 minus
934 1916 1107 1982 luculento.
1156 1915 1279 2001 Quippe
1310 1913 1351 1980 ad
1440 1995 1442 2004 Ι

156 2034 188 2113 λΙ
202 2018 269 2084 290
294 2021 340 2106 (p.
365 2020 440 2100 500,
469 2023 525 2106 lb)
548 2023 634 2090 idem
659 2029 764 2090 noster
794 2023 820 2103 Q
844 2024 971 2089 scribit:
995 2024 1081 2100 αεποὶ
1106 2023 1236 2088 θάνατον
1261 2032 1350 2086 Σαλ-

156 2127 279 2205 μωνέως
311 2130 398 2209 Τυρὼ
429 2128 611 2210 κομιζομένη
640 2130 726 2209 παρὰ
759 2129 894 2205 Anicia
926 2131 968 2208 τῷ
993 2131 1086 2208 tipo
1111 2131 1267 2209 κορεύεται
1292 2126 1349 2190 ὑπὸ

156 2234 360 2310 Ποσειδῶνος,
384 2234 559 2302 bellissime
581 2256 638 2322 pro
661 2236 749 2314 παρὰ
774 2239 900 2311 Anisus
923 2237 966 2316 τῷ
996 2238 1093 2316 θείῳ.
1117 2233 1229 2320 Neque
1251 2234 1351 2300 altera

156 2339 314 2407 derintio
338 2342 462 2408 mendis
481 2341 582 2410 libera
606 2343 645 2408 ad
668 2363 725 2408 nos
746 2346 910 2427 pervenit:
936 2342 989 2406 καὶ
1011 2341 1257 2408 ἀναπέπλασται
1278 2339 1351 2404 κατ’

154 2449 256 2528 ἀρχὴν
288 2450 376 2526 παρὰ
399 2448 435 2512 τὸ
460 2465 531 2513 κτλ.
579 2449 642 2514 Ρτο
666 2449 718 2514 και
744 2448 956 2535 reponendum
981 2469 1047 2514 csse
1070 2450 1087 2525 i
1112 2469 1168 2534 per
1191 2469 1224 2514 so
1246 2453 1349 2532 percu

154 2557 244 2641 optio
279 2558 365 2621 enim
402 2555 496 2622 datur
526 2557 610 2622 inter
640 2555 720 2622 duas
751 2555 979 2643 etymologias,
1005 2556 1061 2622 sed
1084 2557 1213 2640 insuper
1236 2553 1348 2618 haereo

153 2663 190 2726 in
225 2661 363 2731 ultimis.
428 2661 604 2728 Possumus
638 2662 767 2747 quidem
807 2663 1024 2726 ἀναπλάττειν
1060 2662 1196 2745 εἰκόνας,
1231 2657 1348 2739 ψεύδη,

153 2767 286 2846 λόγους,
312 2771 411 2852 etism
433 2768 512 2852 qnid
536 2771 579 2834 sit
603 2769 819 2834 ἀναπλάττειν
843 2769 1012 2834 verborum
1038 2769 1178 2856 origines
1201 2769 1349 2852 quamvis

154 2875 307 2940 absurdas
342 2873 436 2939 facile
471 2873 708 2963 intellegimus,
746 2896 848 2961 neque
880 2879 982 2963 igitur
1020 2876 1184 2941 offensioni
1218 2874 1280 2939 erit
1314 2873 1348 2937 ri

154 2979 261 3062 εἷρερος
294 2979 541 3046 ἀναπέπλασται
574 2983 658 3061 παρα
688 2983 723 3048 τὸ
748 2997 832 3060 κτλ,
855 2983 910 3048 seo
933 2984 1010 3068 quid
1034 2984 1096 3049 sibi
1119 2981 1206 3048 volet
1229 2981 1349 3046 ἀνατέ-

153 3102 300 3154 πλασται
328 3089 416 3152 κατ’
440 3086 593 3168 αρχνὶνι
624 3089 709 3168 Quid
732 3089 947 3174 reponendum
967 3092 1010 3156 sit
1031 3087 1270 3156 confirmabitur
1290 3089 1350 3154 boc

153 3215 280 3282 quoquo
315 3215 354 3260 ex
387 3193 687 3282 iltymologioornm
719 3196 788 3262 loco
820 3216 895 3262 mox
923 3197 1123 3283 apponendo:
1156 3197 1207 3262 καὶ
1233 3195 1350 3261 ἀνατέ-

50 3375 53 3380 ,
152 3320 298 3370 πλασται
330 3299 403 3367 κατ’
439 3301 694 3380 οιντέφρασιν
727 3302 812 3382 παραὶ
838 3302 873 3368 τὸ
899 3317 969 3368 κτλ.
1018 3305 1139 3370 Amant
1161 3310 1194 3368 et
1217 3304 1351 3386 cupiunt

153 3412 265 3476 miseri
290 3415 380 3494 qnae
392 3409 530 3474 sentiunt
550 3407 648 3474 libere
668 3408 832 3494 proloqui,
854 3409 907 3475 sed
927 3410 961 3476 id
981 3409 1083 3475 fecere
1103 3409 1282 3474 conditione
1293 3425 1351 3474 suo

153 3515 374 3601 prohibentur.
400 3513 578 3601 Utramque
598 3515 756 3602 originem
775 3516 904 3601 praebet
923 3519 1022 3582 etiam
1041 3516 1087 3580 E:
1101 3518 1154 3590 τὴν
1173 3512 1207 3590 ἐξ
1226 3515 1351 3593 αἰχμα-

154 3623 273 3698 socier
291 3623 434 3688 δουλείαν
455 3627 506 3686 νῦν
526 3623 675 3688 έιιοὶλεσεν
697 3621 787 3710 (liaeo
808 3625 907 3688 etiam
932 3623 965 3688 in
990 3622 1048 3709 Τ),
1073 3624 1137 3688 cini
1159 3626 1214 3687 τοῦ
1237 3621 1351 3703 ἔριον.

155 3733 173 3806 ἦ
207 3730 295 3810 παρα
331 3729 366 3792 τὸ
399 3729 467 3808 έρῖιν
499 3730 571 3805 μετ’
603 3729 774 3806 ἐλευθερίας
805 3728 891 3808 εἴρειν
917 3731 969 3794 καὶ
994 3731 1099 3807 λέγειν
1125 3729 1194 3802 τοὺς
1219 3729 1350 3800 δούλους.

155 3834 247 3912 ἅπαξ
272 3836 302 3900 δὲ
326 3834 443 3916 εἴρηται
469 3836 485 3908 ἡ
511 3831 604 3910 λέξις.
652 3834 749 3902 Vides
772 3843 858 3902 recte
885 3839 1001 3921 scripta
1024 3835 1096 3915 ἔριον
1121 3843 1154 3902 et
1175 3839 1211 3920 ιἰ,
1236 3838 1353 3902 omissa

155 3943 405 4008 ἀναπέπλασται
429 3942 501 4006 κατ’
526 3941 647 4020 ἀρχήν,
673 3962 753 4026 quae
777 3943 1000 4028 scribensque
1019 3961 1211 4027 concoquere
1230 3947 1352 4026 poterat

155 4069 259 4134 neque
292 4049 450 4134 expedire.
498 4047 532 4114 Si
564 4068 660 4132 quem
693 4050 786 4113 iurat
809 4047 888 4114 alias
911 4054 1071 4134 praeterea
1094 4048 1236 4114 eiusdem
1261 4067 1352 4114 voca·

156 4153 226 4220 buli
258 4156 469 4222 derivationes
493 4173 680 4242 cognoscere
704 4157 822 4220 nostris
844 4155 930 4220 haud
954 4154 1133 4230 inferiores,
1160 4154 1352 4220 satisfacient

156 4261 234 4326 hnic
268 4259 489 4348 Etymologici
523 4259 637 4347 Magni
671 4267 703 4326 at
733 4259 876 4328 Gudiani
907 4262 1188 4336 consarcinatores,
1214 4277 1353 4343 qnorum

157 4364 345 4434 Gudianum
377 4367 432 4452 qui
456 4367 575 4431 dicitur
597 4367 794 4445 exscribam,
820 4373 857 4432 ιιι
880 4373 913 4432 ct
935 4369 1042 4452 ipsum
1068 4368 1263 4452 turpissimis
1286 4368 1351 4452 qui·

157 4475 295 4542 busdam
330 4473 487 4540 scribendi
523 4476 614 4540 vitiis
649 4472 784 4540 liberem
820 4481 853 4540 et
888 4477 957 4540 eins
988 4493 1081 4558 opera
1111 4471 1355 4562 litymologicus
