3318 5138
760 338 825 411 168

192 525 225 599 δέ
259 540 318 600 τῶν
348 529 440 609 ἀταξ
469 532 629 611 εἰρημένων
661 535 679 610 ἡ
712 530 807 610 λέξις.
832 532 923 600 ἄλλοι
951 531 982 599 δέ
1005 533 1111 612 μιαρδν
1134 523 1388 614 μαχαιρίδιον,δ

193 642 246 704 καί
266 639 573 722 σφάμιονααλοῡτιν
597 639 622 706 ci
647 642 792 706 Ἀττικοί.
840 640 1011 718 Praetereo
1033 644 1068 706 in
1091 639 1163 706 HM
1188 641 1292 708 brevis
1314 645 1390 708 noto

193 753 243 812 eet
273 746 311 814 de
340 752 489 813 occentu:
520 748 629 823 ἀμνίον
652 747 690 818 ὥς
714 748 828 820 τηνίον.
854 755 967 822 Κρῆτες
993 745 1025 812 δέ
1049 747 1171 826 αίμνίον
1193 747 1271 812 αὖτέ
1296 755 1389 824 Φασι.

192 851 336 919 'Paridem
359 856 394 918 in
422 852 553 933 MQR.:
585 851 701 925 ἀλλος.
734 855 851 931 ἀμνίον.
884 855 1015 933 ἀγγεῖον
1044 855 1087 926 είς
1122 850 1136 918 δ
1167 857 1201 918 τδ
1227 849 1311 932 αίμα
1335 859 1389 918 τοῦ

193 961 299 1038 ἱερείου
321 959 473 1040 ἐδέχοντο.
510 961 670 1034 Ζηνόδοτος
700 959 732 1024 δέ
756 960 787 1024 έν
809 967 881 1026 rato
904 962 967 1026 ἀτδ
990 963 1044 1026 τοῦ
1068 960 1085 1024 δ
1107 960 1267 1039 γλώσσαις
1291 961 1390 1035 τίίησι

192 1069 248 1142 την
271 1064 366 1143 λέξιν.
392 1063 484 1142 tra&
507 1067 538 1132 δέ
562 1068 695 1132 ἐνταῦθα
720 1068 795 1146 παρ’
822 1066 947 1146 Ὀμνίρςι
972 1071 989 1143 ἡ
1014 1065 1109 1145 λέξις.

239 1171 329 1239 Haec
363 1175 467 1260 igitur
496 1171 626 1238 Scholia
654 1173 782 1238 hebent.
828 1171 867 1237 In
897 1172 1123 1261 Etymologico
1155 1173 1295 1262 Magno,
1318 1175 1388 1241 loco

192 1277 365 1344 Homerico
389 1281 503 1363 citato,
534 1278 613 1344 hoec
644 1285 771 1344 tentum
795 1280 983 1344 brevissime
1005 1279 1136 1344 adsunt:
1162 1283 1196 1346 τὸ
1220 1281 1388 1363 αίμιδίχον

193 1385 343 1463 ἀγγεῖον·
355 1386 442 1464 ταρά
455 1384 490 1449 τὸ
502 1379 587 1462 αἷμα
600 1385 727 1462 αίμνίον,
742 1385 777 1451 τί
790 1388 843 1450 τοῦ
857 1382 990 1462 αἵματος
1001 1386 1146 1462 δικτινίν,
1168 1387 1312 1470 ἀποβολῇ
1333 1394 1386 1454 τοῦ

193 1496 225 1558 f.
260 1489 447 1559 Gordianum
470 1491 675 1579 explicatior-o
695 1491 812 1557 tradit:
840 1493 1020 1569 ’Λμνίονε
1046 1491 1111 1558 ἔστι
1135 1493 1192 1568 μέν
1215 1502 1274 1560 τῶν
1297 1493 1390 1572 ἀταξ

197 1597 359 1679 είρημένυν
395 1601 412 1675 ἡ
442 1597 544 1676 λέξις,
576 1599 720 1676 σημαίνει
752 1599 780 1682 (δ
789 1599 802 1662 t
833 1599 908 1684 ino.)
939 1600 1071 1677 ἀγγεῖον
1101 1597 1175 1666 έτου
1206 1602 1248 1667 τδ
1284 1595 1390 1680 αίμιι

197 1711 264 1770 τοῦ
301 1706 447 1785 ίερείου
482 1706 637 1786 δέχονται.
669 1711 739 1790 (pro
769 1704 820 1768 hie
851 1705 948 1770 codex
980 1706 1172 1774 bellissime:
1209 1706 1283 1774 ίτοο
1319 1715 1389 1774 τοῦ

195 1812 300 1892 έρίου
324 1812 486 1895 δέχονται,
512 1817 646 1878 correxit
669 1811 772 1876 editor
793 1809 936 1876 eiusdem
955 1811 1079 1899 glossae
1102 1819 1289 1901 repetitione
1313 1837 1391 1882 uoco

196 1919 240 2006 (p.
255 1918 323 2004 59),
342 1920 400 1985 ubi
422 1927 507 1985 recte
530 1919 676 1984 additum
697 1925 745 1983 eet
763 1917 805 1996 δέ,
819 1923 980 1984 coeterum
993 1941 1113 1987 novum
1125 1925 1246 1989 vitium
1257 1923 1389 1989 illatum

194 2025 394 2111 δέχεται.)
419 2025 471 2090 καὶ
496 2023 561 2090 έττι
584 2025 670 2089 κατά
702 2023 756 2110 (τδ
788 2024 858 2090 odd.
893 2047 933 2090 ex
964 2025 1070 2114 glosee
1099 2031 1245 2115 repetito)
1279 2030 1391 2108 ἔτυμον

195 2131 330 2210 ἀμένιον,
355 2131 529 2211 στερητικὸν
553 2136 606 2196 τοῦ
629 2132 757 2209 μένους,
777 2132 919 2196 τουτέστι
939 2141 995 2207 τῆς
1016 2138 1135 2213 ψυχῆς.
1155 2139 1182 2201 οί
1201 2137 1232 2202 δέ
1253 2138 1389 2203 Ἀττικοί

196 2239 335 2320 σφάγιον
360 2239 436 2330 αὐτὸ
460 2242 598 2303 καλοῦσι.
626 2238 685 2302 Καί
711 2236 828 2308 ἄλλοις.
855 2238 963 2314 ἀμνίον
988 2240 1022 2303 τὸ
1046 2241 1215 2324 αίμοδίχιν
1239 2245 1389 2322 ἀγγεῖον,

198 2346 286 2426 ταρά
310 2343 346 2409 τί
370 2339 453 2423 αίμα
477 2344 597 2422 αίμνίιν
620 2345 672 2408 καί
700 2343 807 2420 ἀμνίον
830 2347 869 2416 ὥς
894 2345 999 2420 αίητον
1024 2347 1117 2434 (καί)
1138 2347 1243 2424 ἄητον.
1262 2349 1344 2432 Φασὶ
1358 2350 1389 2415 δέ

199 2451 278 2540 (καί
292 2455 366 2538 ine.)
390 2451 441 2517 διά
462 2459 517 2526 τῆς
538 2475 577 2516 αι
597 2450 770 2530 &coemo
790 2433 1018 2531 γριίφεσίαι.
1041 2451 1161 2540 (Codex
1173 2459 1389 2543 μράφεται.)

196 2559 323 2624 Ultimo
345 2557 537 2645 praecedunt
560 2559 594 2623 in
616 2557 742 2646 glossae
768 2559 956 2643 repetitione
983 2581 1015 2645 p.
1043 2559 1096 2638 59,
1117 2561 1225 2628 addito
1244 2563 1389 2646 ἀντιβολῇ

197 2672 251 2732 τοῦ
279 2689 306 2750 ι,
337 2666 463 2742 ἀμνίον,
492 2673 530 2730 ut
553 2664 664 2730 eodem
686 2666 765 2736 sint.
789 2683 870 2748 quoe
892 2667 927 2728 in
950 2665 1176 2755 Etymologico
1199 2668 1320 2758 Magno
1344 2669 1390 2736 lc-

196 2779 324 2862 guntur.
349 2773 447 2839 Porro
471 2775 505 2837 in
528 2770 750 2857 Epimerismie
772 2768 953 2837 Homericis
977 2793 1003 2838 e.
1018 2794 1050 2839 v.
1072 2771 1226 2858 (Cramer.
1249 2775 1390 2843 Anecdd.

197 2879 320 2946 Oxonn.
344 2878 360 2943 1
383 2901 413 2965 p.
438 2877 500 2955 81,
526 2878 570 2943 23
594 2878 673 2964 sqq.)
698 2877 827 2964 legitur.
853 2878 1015 2954 ἀμνίινι
1041 2881 1209 2961 αἱμοδέχον
1237 2884 1390 2962 ἀγγεῖον·

197 2987 212 3052 ί
233 2991 358 3062 τοιητίρς
386 2987 539 3067 ,Περσεὺς
564 2987 590 3050 δ’
613 2987 722 3063 ἀμνίον
741 2980 840 3066 dxc?
859 2984 945 3066 ταρά
965 2986 1000 3050 τδ
1021 2981 1106 3063 αίμα
1118 2988 1227 3066 ἀμνίον
1240 2991 1274 3075 (l.
1288 2992 1389 3076 ἀμν.),

196 3094 232 3159 τὸ
262 3099 316 3159 τοῦ
349 3090 483 3170 αίματος
512 3090 667 3168 δεκτικόν,
692 3093 831 3172 ἐλλείψει
856 3097 909 3157 τοῦ
935 3094 1030 3157 ἰῶτα·
1055 3093 1082 3160 οί
1106 3094 1139 3159 δέ
1162 3097 1281 3172 αίμνίον
1304 3100 1389 3174 μετά

197 3209 252 3274 τῆς
285 3224 326 3265 αι
358 3199 543 3282 διφίέγμου,
577 3201 629 3264 καί
661 3198 839 3264 δασύνουσι·
873 3201 1055 3281 μέμφονται
1088 3201 1120 3268 δέ
1146 3213 1209 3276 τοῖς
1234 3203 1390 3284 γράφουσι

196 3308 290 3390 χωρίς
315 3311 368 3373 τοῦ
390 3308 485 3384 ἰῶτα,
510 3305 559 3374 ίνα
585 3305 720 3387 σημαίνη
743 3306 777 3369 τὸ
802 3307 941 3386 σφαγίον
966 3307 1002 3396 (i.
1015 3329 1042 3373 e.
1068 3312 1254 3396 σφαγεῖον)·
1274 3313 1307 3377 οά
1327 3312 1390 3390 γὰρ

197 3414 351 3494 βούλεταί
384 3437 416 3479 τι
447 3417 598 3480 τοιοῦτον·
632 3411 648 3488 ἢ
682 3414 769 3492 παρὰ
799 3414 834 3476 τδ
865 3412 953 3489 μένος
985 3414 1104 3494 μενίον,
1137 3417 1190 3481 καί
1221 3418 1306 3494 μετά
1337 3423 1391 3482 τοῦ

197 3525 374 3602 στερητικοῦ
397 3523 434 3606 (α
455 3523 529 3606 ino.)
553 3518 695 3597 ἀμένιον,
720 3519 773 3584 καί
798 3520 922 3596 ἀμνίον·
956 3525 1009 3588 τοῦ
1031 3523 1096 3602 γάρ
1120 3523 1253 3602 αίματος
1276 3524 1392 3604 έαρυέν-

197 3650 250 3700 τος
276 3629 414 3706 ἀμενηνά
438 3627 561 3706 γίνεται
586 3628 628 3691 τά
653 3627 766 3705 ίερεῑα·
791 3623 917 3702 βέλτιον
942 3626 973 3692 δέ
996 3635 1084 3708 ταρά
1107 3631 1142 3693 τί
1166 3624 1258 3704 αίμα.
1309 3629 1392 3695 'Pon-

198 3735 273 3801 dem
297 3736 435 3801 breviter
456 3735 542 3819 epod
564 3732 771 3820 Apollonium
797 3729 981 3818 Sophistem
1005 3737 1028 3799 i.
1041 3756 1073 3800 v.
1098 3723 1232 3813 ἀν’γεῖίν
1256 3759 1286 3801 τι
1310 3738 1352 3809 είς
1378 3727 1393 3798 δ

198 3842 343 3921 δέχονται
368 3847 420 3907 τοῦ
445 3839 662 3922 σφαττομένου
687 3840 775 3918 ίερίου
802 3840 932 3924 (ίερείον)
957 3840 992 3904 τδ
1016 3836 1111 3918 αίμα.
1134 3842 1152 3916 ἢ
1177 3837 1235 3907 οίον
1259 3840 1393 3926 ἀμένιον,

197 3953 242 4015 τὸ
266 3949 373 4013 κατά
396 3947 584 4026 στέρησιν
609 3951 662 4011 τοῦ
686 3945 818 4029 μένους.,
840 3946 898 4010 ubi
922 3945 1051 4013 malim:
1080 3943 1175 4024 ἣοίον
1196 3947 1337 4033 ἀμένιον,
1357 3947 1392 4012 τὸ

196 4057 486 4135 ἀτοστερῆσαν
510 4059 563 4119 τοῦ
586 4053 704 4132 μένους.

243 4161 329 4228 Hinc
358 4164 437 4228 hoec
466 4162 648 4228 deducenda
680 4161 943 4225 existimaverim.
983 4159 1054 4226 Iam
1078 4163 1220 4247 primum
1244 4164 1392 4228 omnium

196 4271 275 4335 sotis
305 4275 454 4354 epperet,
485 4271 594 4335 omnio
623 4287 703 4352 quoe
732 4267 817 4352 epod
846 4273 969 4333 veteres
999 4271 1228 4356 grommotiooe
1259 4277 1292 4335 et
1316 4269 1395 4336 lexi-

196 4377 373 4464 cogrophoc
404 4377 442 4442 de
470 4376 529 4441 hoc
560 4395 637 4441 voce
667 4372 820 4462 leguntur
850 4393 889 4438 ex
917 4377 1103 4453 occiente,
1128 4373 1392 4464 Didymoputo,

196 4485 313 4550 heuoto
344 4483 443 4550 voriie
465 4481 567 4548 modic
590 4481 754 4548 decurtato
778 4499 855 4546 esse.
903 4480 1046 4560 Quorum
1070 4489 1289 4570 excerptorum
1314 4503 1395 4570 quoe
