3318 5138
808 295 875 388 iot

248 506 340 576 τίνειν
360 515 424 585 τοῖς
443 508 561 586 ταύτης
577 510 744 591 συγγενέσι
764 513 817 578 καί
837 515 878 594 τῷ
899 512 1006 592 πατρί.
1028 511 1124 591 Φησίν
1136 507 1185 577 ούν
1198 496 1437 591 (Pelemsohus)

248 615 294 684 ύτι
326 618 362 705 (·)
395 616 488 684 καιιύν
512 620 577 684 ἐστι
601 619 654 683 καί
679 616 735 684 τίον
755 621 937 692 ἀλυσιτελὲς
961 620 1016 685 etv
1039 619 1167 696 έιιδιύξυ
1192 621 1250 684 τῶν
1275 616 1362 682 οίκυν
1384 617 1439 692 τίρν

249 723 387 804 μητέρα·
410 725 601 805 πολλὰγὰρ
625 726 763 794 ύποτίσυ
787 727 828 808 τῷ
853 727 981 808 Ἰκαρίῳ.
1004 723 1127 806 ἄμεινον
1151 725 1183 790 δὲ
1200 721 1277 790 οὕτω
1297 722 1440 789 διαστέλ-

249 845 313 895 λειν
338 831 452 910 ,μανὸν
475 831 507 898 δέ
531 856 573 910 με
597 833 693 898 πόλλ’
718 831 901 898 οίποτίνειν.”
920 833 972 898 καί
990 835 1023 898 ού
1044 831 1111 914 περί
1133 830 1306 913 χρημάτων
1325 829 1439 913 φησίν,

246 936 336 1003 ούλλύι
360 937 427 1018 περί
450 942 510 1002 τῶν
533 938 750 1018 ἐπαγομένων·
777 977 817 988 -
846 940 901 1017 ,,εἰι
924 939 988 1019 γδιρ
1011 940 1203 1020 τοῦπατρὸς
1228 938 1313 1003 κακοὶ
1335 937 1439 1002 πείσο-

247 1065 324 1122 μαι,
356 1041 444 1108 ἄλλα
472 1044 505 1110 δέ
536 1043 654 1123 δαίμυν
685 1041 801 1125 δύσει”,
828 1042 896 1110 εἷτα
923 1045 993 1111 καθ’
1017 1044 1210 1124 ύπερβατύν,
1233 1041 1270 1110 αί
1294 1045 1323 1108 κ’
1346 1041 1440 1114 αύτδς

249 1149 325 1215 iacis
357 1151 476 1232 Ἰκαρίῳ
509 1151 689 1230 ύποπέμψω
721 1153 776 1227 την
806 1151 945 1232 μητέρα·
971 1189 1012 1202 -
1036 1152 1104 1216 έπεί
1130 1152 1154 1216 εί
1178 1151 1244 1232 περὶ
1268 1149 1440 1232 χρημάτων

250 1253 342 1335 ἔλεγε
366 1255 566 1339 σμικρολόγος
590 1257 629 1322 ἂν
653 1259 807 1339 ἐφαίνετο.
833 1257 897 1324 Res
921 1260 991 1344 ipss
1014 1258 1149 1324 absurde
1172 1262 1220 1324 est
1244 1259 1440 1344 excogitata,

249 1366 309 1429 etsi
339 1364 437 1430 fuisse
467 1367 553 1432 inter
581 1367 815 1444 Aristarchoos,'
848 1366 903 1452 qui
935 1365 992 1432 hos
1024 1385 1134 1431 versus
1156 1364 1267 1432 eodem
1290 1364 1442 1430 modoet

249 1471 511 1560 interpungerent
535 1477 567 1538 et
589 1473 886 1558 interpretarentur,
908 1477 1037 1558 apparot
1056 1493 1095 1538 ex
1114 1471 1280 1538 Nicanoris
1298 1473 1381 1537 notis
1401 1469 1440 1536 ad

250 1596 296 1643 rs.
324 1575 389 1645 132
412 1583 445 1644 et
470 1576 545 1645 134.

293 1789 336 1876 β,
362 1789 436 1855 164.
470 1789 521 1864 δύην
552 1790 707 1857 ύποίνευίε
736 1791 837 1873 φίλοιν
866 1791 1049 1878 paraphrasi
1078 1789 1222 1856 redditur
1253 1791 1287 1856 in
1316 1787 1357 1856 S:
1389 1788 1440 1856 ε’πί

250 1897 347 1964 πολὺν
370 1897 477 1979 χρόνον
499 1899 593 1980 χωρίς
617 1899 706 1965 ίδίυν.
730 1899 928 1966 Praestabit:
952 1898 1045 1982 χωρίς
1070 1898 1168 1983 (τῶν)
1190 1897 1281 1963 ίδίυν.

294 2114 319 2193 β
331 2163 340 2192 ,
374 2113 448 2180 185.
481 2115 532 2181 Ad
561 2115 673 2190 ύνιείης
707 2113 857 2181 Scholion
886 2120 935 2181 est
963 2114 1155 2181 Herodiani:
1187 2112 1359 2179 δασυντέον.
1387 2149 1406 2162 -
1420 2147 1440 2161 -

250 2227 345 2286 Ψιλοῒ
371 2221 402 2286 δὲ
432 2221 614 2297 Ἑλλιίνικος
646 2221 733 2304 παροδ
764 2224 834 2297 την
865 2221 932 2287 cici
940 2245 985 2286 αν
1010 2219 1210 2302 ἐκδεχόμενος
1234 2218 1277 2284 τδ
1301 2220 1439 2294 λυποίης.

250 2327 373 2394 Immo:
397 2333 489 2405 ψιλοί
508 2330 540 2396 δὲ·
563 2328 743 2400 Ἐλλοίνιιιος
768 2327 855 2408 παροδ
878 2328 921 2393 τὸ
945 2332 1065 2394 σἰνιοῖν
1091 2326 1294 2408 ἐκδεχόμενος
1320 2325 1441 2412 (cirri)

226 2437 317 2499 ’τοῦ
341 2437 487 2522 λυποίης,
512 2440 564 2504 oui
587 2442 671 2503 recte
694 2435 878 2522 obloquitur
896 2433 1114 2501 Herodianus:
1135 2436 1160 2499 εί
1178 2434 1210 2499 δὲ
1226 2439 1327 2511 τοῦτο,
1349 2435 1443 2513 ἐχρῆν

250 2540 385 2624 meipso
408 2543 526 2626 αἰνιύης.
550 2551 678 2618 τοιαύτη
702 2542 766 2624 γὰρ
791 2545 807 2618 ri
832 2541 958 2623 δευτέρα
983 2540 1129 2624 συζυγία.

295 2758 339 2842 β,
366 2757 440 2823 195.
476 2756 584 2838 μητέρ’
607 2757 656 2834 iio
680 2759 710 2830 ἐς
734 2758 849 2838 πατρίς
874 2756 1019 2834 ἀνοιγέτω
1045 2753 1247 2822 ύπονέεσύοιι·

477 2865 503 2929 oi
527 2863 558 2928 δὲ
582 2864 686 2941 γύμυυ
710 2863 848 2940 τεύξουσι
872 2865 925 2929 καί
950 2861 1142 2942 ἀρτυνέουσιν
1165 2861 1252 2928 έεδνα
1276 2876 1345 2927 ιιτλ.

251 2967 444 3038 Observatur
478 2971 518 3036 ad
551 2970 613 3036 hos
638 2992 747 3037 vorsus
774 2973 809 3036 in
838 2968 1000 3051 EQVHD,
1031 2969 1151 3050 μητέρα
1183 2964 1217 3044 ἣν
1249 2971 1279 3042 ές
1305 2968 1442 3050 τατρύςι

252 3077 375 3153 ύδέυς
407 3079 448 3158 τῷ
482 3077 628 3158 σχιίματι
662 3078 835 3157 ἐχρήσατο·
867 3077 957 3142 είπιδν
987 3077 1050 3156 γίιρ
1084 3078 1135 3155 „rc
1161 3075 1296 3158 πατρίς”
1319 3076 1441 3156 μετέβη

251 3185 293 3256 είς
318 3185 516 3258 πληίυντιιιύν
543 3185 588 3268 „oi
608 3184 639 3250 δὲ
656 3181 946 3268 γύμοντεύξουσύ,
965 3181 1101 3259 δηλονίτι
1122 3185 1147 3248 oi
1176 3189 1363 3264 μνηστῆρες,
1388 3183 1441 3248 καί

251 3292 477 3370 εύτρεπίσουσιν
496 3289 581 3356 ἔεδνα
601 3288 659 3356 ύσα
679 3291 728 3356 δεῖ
745 3292 794 3356 ἐπί
817 3301 855 3373 τῇ
876 3289 1001 3372 τοιαύτη
1021 3289 1107 3355 παιδί
1130 3290 1273 3355 δίδοσύαι.
1294 3291 1443 3364 κειμήλιοι

250 3399 413 3484 (γαμηλια
445 3398 493 3477 D,
518 3403 690 3484 utrumque
713 3401 924 3484 posteriorum
949 3401 1165 3463 commentum
1190 3418 1246 3482 pro
1270 3395 1442 3462 Homerico

250 3505 360 3582 μείλια
387 3508 411 3588 ¹)
445 3505 477 3570 δέ
506 3505 549 3570 τύ
581 3506 666 3585 παροδ
698 3512 750 3572 τοῦ
782 3506 898 3584 πατρὸς
930 3510 984 3577 τῆς
1010 3503 1135 3584 νύμφης
1160 3500 1323 3580 διδόμενα,
1347 3501 1441 3594 ι’ίγουυ

249 3611 292 3675 τοὶ
316 3611 491 3691 ἕξύπριικοι.
538 3610 575 3676 In
599 3612 649 3677 his
672 3615 814 3699 primum
838 3631 953 3698 quaero
977 3633 1033 3676 cur
1055 3615 1148 3696 potita
1171 3609 1295 3675 dicatur
1319 3609 1441 3683 ιίδέος

248 3719 290 3798 τῷ
314 3719 568 3798 exsperturus.
595 3716 678 3784 Cum
702 3718 823 3784 nullum
848 3739 976 3783 cauum
1001 3719 1182 3794 inveniam,
1204 3715 1442 3781 emendaverim

249 3826 258 3892 i
268 3826 358 3898 δίυς
389 3826 431 3906 τῷ
460 3828 606 3905 σχήματι
639 3825 811 3906 ἐχρήσατο,
836 3822 1125 3910 quemadmodum,
1152 3858 1194 3871 -
1220 3826 1255 3886 ut
1279 3821 1317 3886 de
1341 3819 1442 3907 pluri·

250 3933 312 3996 mis
344 3931 499 4017 exemplis
530 3953 631 3997 unum
660 3938 754 4017 atque
781 3930 918 3997 alterum
945 3929 1140 4006 adscribam,
1167 3927 1273 3994 -ad
1305 3952 1340 4005 γ,
1374 3925 1440 3992 346

248 4045 310 4105 est:
339 4039 416 4113 ίδίιις
442 4039 473 4104 δὲ
493 4037 637 4120 πέφρακε
661 4037 857 4121 (Homerus.)
866 4085 874 4115 ,
900 4036 940 4103 sd
963 4037 997 4115 δ,
1021 4035 1083 4102 10:
1110 4036 1189 4108 ίδίυς
1212 4035 1243 4100 δὲ
1267 4034 1392 4115 είρηκεν.
1409 4033 1441 4099 ἕν

250 4147 381 4229 Σποίρτη
409 4147 472 4228 γὰρ
502 4145 583 4217 ύντος
611 4147 706 4211 αὐτοῦ
731 4148 808 4224 Φησι
835 4142 1030 4225 Σπύρτηίεν,
1054 4142 1094 4208 ad
1119 4144 1154 4220 δ,
1181 4141 1265 4208 240:
1292 4142 1372 4214 ίδίυς
1395 4143 1456 4208 τδ·
1505 4165 1511 4171 ·

282 4415 310 4479 l)
330 4415 427 4465 Bellum
443 4413 503 4464 iilud
519 4410 634 4474 κειμήλια
649 4410 739 4477 legitur
755 4409 828 4460 ctiam
844 4411 874 4461 ad
898 4426 915 4460 ιι
939 4411 1002 4471 276,
1020 4411 1061 4462 ubi
1079 4429 1121 4462 nec
1139 4413 1301 4461 Buttmanous
1318 4426 1361 4461 nco
1379 4407 1439 4460 Dio·

246 4493 334 4550 dorfiu's
351 4503 444 4547 motura
460 4497 510 4546 arisi
529 4501 596 4556 sunt,
615 4495 724 4546 videlicet
741 4495 804 4559 quod
822 4499 903 4544 nostro
921 4511 1014 4560 quoque
1032 4493 1083 4544 loco
1103 4495 1135 4544 sic
1153 4494 1269 4562 scriptum
1286 4497 1328 4544 eat.
