3242 5140
683 331 746 407 tsi

120 525 210 596 cibus
244 524 284 596 ad
318 531 422 598 varim
452 551 562 598 versus
585 531 750 596 observata
774 531 952 597 traduntur.
1001 529 1053 594 Sic
1078 551 1173 616 supra
1196 527 1235 596 ed
1260 552 1307 596 vs.

122 636 188 704 213
211 643 259 704 est
281 641 314 704 in
337 635 445 712 HQT:
471 636 505 702 τὸ
530 635 649 713 ἔθελξεν
673 642 706 702 οῦ
727 639 762 700 τὸ
780 644 1027 717 μεταμορφῶσαι
1050 637 1207 716 σημαίνει,
1220 639 1308 701 ἀλλὰ

121 747 156 812 τὸ
188 744 362 822 νωθέστερον
393 751 517 817 uesicas
550 745 622 820 πρὸς
655 743 713 814 τὰς
738 744 911 828 ἐνεργείας,
936 745 974 816 ὡς
999 743 1030 807 ἐν
1053 742 1164 809 Ἰλθοιθι
1187 743 1310 824 ,αὐτὰρ

122 855 261 932 ’Azania
284 852 377 928 θέλγε
402 849 481 918 νθον”
507 859 553 928 (Μ
580 850 680 932 255),
704 845 761 914 οἷον
786 851 960 930 νιεθὲστερον
982 849 1086 916 ἐποίει.
1123 847 1175 916 Sic
1199 850 1238 916 ad
1261 869 1309 916 vs.

124 957 206 1033 329,
240 959 379 1022 nuncin
404 954 470 1022 solu
493 955 519 1020 'I‘
542 957 639 1022 verbo
659 956 814 1030 οὶκθλητος
842 957 1016 1043 adscripta:
1041 955 1205 1042 θθελιιτος,
1230 958 1310 1033 θμε-

123 1063 269 1141 τθβολος.
306 1061 340 1126 τὸ
373 1062 404 1128 δὲ
436 1062 601 1142 θελχθῆνοιι
627 1062 640 1125 d
664 1065 791 1135 ποιητὴς
815 1065 869 1128 οῦκ
893 1063 942 1128 ἐπὶ
970 1064 1065 1151 (τῆς)
1089 1069 1143 1128 τοῦ
1168 1064 1310 1140 σθμοοτος

123 1173 238 1244 σι’θησιν
261 1170 470 1251 ιἰλλοιθισεοις,
491 1170 566 1234 ἀλλ’
586 1168 636 1232 dci
658 1175 712 1238 τῆς
734 1169 919 1247 ἀφροσύνης·
943 1165 982 1252 ,ᾗ
1001 1172 1030 1232 τ’
1050 1169 1159 1248 ἀνδρῶν
1178 1167 1311 1246 ducum

125 1275 257 1354 θέλγει,”
294 1276 471 1356 θελχθοθσης
507 1273 569 1352 γὰρ
599 1281 654 1345 τῆς
685 1279 791 1354 ψυχῆς
823 1275 874 1343 διὰ
907 1278 958 1342 τὸν
982 1274 1198 1356 ἐπιφερόμενον
1222 1272 1313 1340 ὕπνον

125 1385 177 1450 sai
211 1386 227 1458 η
257 1380 357 1460 ὅροισις
382 1389 440 1446 τῶν
464 1382 634 1456 ὀφθαλμῶν
660 1383 820 1467 (θέλγεται
844 1381 1023 1448 addendum
1049 1390 1155 1448 censet
1177 1381 1313 1446 Diodor-

125 1490 202 1568 fius,
237 1493 319 1575 App·
355 1510 387 1573 p.
420 1485 508 1571 781).
545 1489 652 1552 τοῦτον
684 1487 713 1552 δὲ
745 1486 837 1559 οὕτως
869 1485 992 1568 ἔχοντος
1025 1487 1204 1568 μαχόμενον
1236 1483 1312 1552 εἶναι

126 1598 210 1662 δοκεῖ
242 1597 276 1660 ad
316 1594 379 1678 „cci
418 1594 449 1658 δι’
479 1617 526 1664 τις
558 1594 588 1658 ἐν
620 1595 780 1667 στήθεσσιν
810 1597 965 1668 ἀκήλητος
990 1595 1051 1664 νόος
1076 1593 1189 1660 ἐστι’ν.”
1225 1594 1314 1660 Haec

126 1725 182 1790 par
212 1723 244 1768 se
274 1707 414 1786 spectata
442 1721 506 1766 non
529 1699 700 1766 admodum
727 1703 891 1786 perspicuo
914 1710 997 1768 sunt.
1044 1701 1117 1769 Non
1142 1703 1246 1786 enim,
1272 1737 1314 1750 -

127 1833 166 1876 ne
191 1815 313 1874 caetera
335 1807 452 1872 indicia
476 1813 607 1893 tangam
642 1793 853 1873 adnotationis
880 1829 977 1894 prave
999 1815 1195 1887 contractae,
1228 1847 1260 1858 ·-
1288 1811 1316 1874 si

127 1915 181 1983 vel
212 1917 353 1980 maxime
385 1932 496 1978 somno
520 1920 553 1978 et
577 1933 665 1978 mens
688 1901 850 1980 mulcetur
873 1921 905 1980 et
927 1915 1090 1982 oculorum
1115 1918 1199 1982 acies
1221 1915 1316 1982 hebe-

128 2030 233 2106 tatur,
268 2020 350 2086 iliud
385 2017 491 2090 Circes
526 2018 566 2084 ad
600 2017 744 2085 Ulixem:
776 2021 821 2085 coi
854 2021 885 2088 δὲ
919 2057 938 2072 -
967 2022 1121 2097 ἀκήλητος
1147 2023 1208 2094 aduc
1234 2023 1317 2088 ἐστίν

110 2129 225 2230 ,habet
256 2149 318 2212 quo
347 2129 418 2212 quis
450 2128 520 2190 iure
545 2125 735 2192 offendatur.
784 2126 833 2192 At
854 2130 1020 2214 perspicuo
1041 2112 1138 2203 fiunt,
1163 2131 1219 2196 ubi
1243 2151 1316 2202 cnm

129 2239 197 2321 ipsa
227 2233 399 2320 Porphyrii
430 2233 660 2318 disputatione,
693 2235 783 2298 cuius
814 2233 892 2300 olim
918 2244 950 2301 ct
972 2235 1049 2301 haec
1072 2243 1194 2322 partem
1218 2236 1317 2302 tuisse

129 2344 293 2416 existimo,
328 2342 445 2406 iterum
471 2347 578 2404 mente
601 2341 848 2427 coniunguntur.
896 2341 962 2407 Ubi
984 2342 1093 2408 docuit
1112 2345 1244 2408 comites
1268 2363 1316 2408 re·

129 2449 262 2514 tinuisse
293 2446 422 2532 quidem
454 2451 596 2510 mentem
626 2445 819 2523 humanam,
852 2451 886 2512 at
910 2469 979 2514 eam
1003 2470 1066 2516 uon
1090 2457 1226 2516 erectam
1252 2471 1317 2516 am·

129 2553 214 2642 plius
250 2553 304 2622 sed
338 2554 550 2637 consopitam,
586 2559 830 2642 cousentaneum
867 2561 935 2619 erat
971 2562 1005 2620 ut
1036 2565 1205 2642 exponeret
1233 2557 1317 2622 unde

129 2661 339 2728 Homericum
377 2660 476 2738 οιῦτθρ
509 2665 573 2730 νοῦς
607 2655 639 2732 ἦν
670 2658 801 2735 ἔμπεδος
833 2663 880 2725 ita
902 2659 1024 2728 scilicet
1044 2663 1317 2748 interpretandum

52 2777 99 2868 'l
130 2769 266 2834 duxerit.
313 2765 384 2832 Hoc
415 2771 523 2831 autem
553 2765 625 2832 inde
657 2765 792 2849 repetit,
817 2767 900 2850 quod
923 2770 1056 2834 comites
1081 2770 1247 2851 θελχθιῑνοιι
1272 2770 1319 2834 di·

129 2883 256 2950 suntur,
270 2873 353 2960 quod
373 2871 523 2948 verbnm,
541 2873 608 2956 ipsu
626 2871 754 2956 quidem
770 2893 854 2937 nunc
866 2880 1005 2950 causatore,
1020 2895 1081 2940 nun
1095 2876 1133 2942 de
1145 2897 1274 2961 corpore
1284 2879 1319 2941 in

128 3001 243 3046 novam
267 2979 403 3044 formam
427 2983 568 3050 mutato,
591 2976 645 3042 sed
668 2977 709 3044 de
733 2980 840 3044 animo
864 2982 1024 3065 consopito
1045 2981 1231 3067 tardatoque
1252 2982 1320 3048 eius

129 3089 253 3172 impetu
281 3093 463 3170 usurpatur.
510 3081 630 3148 Verum
659 3086 849 3150 omittamus
878 3085 973 3162 haec,
999 3107 1079 3172 quaa
1103 3087 1231 3155 aliunde
1255 3110 1322 3155 cor·

130 3214 200 3259 rasa
222 3194 352 3258 fortasse
375 3194 518 3278 integrae
542 3189 766 3274 disputationis
790 3190 868 3256 olim
889 3191 991 3257 ueluti
1010 3193 1155 3260 membra
1174 3195 1318 3273 fuerunt,

130 3306 224 3386 atque
257 3299 297 3364 ad
331 3301 412 3366 hane
445 3304 656 3372 revertamur,
690 3305 784 3381 prout
815 3319 899 3364 nunc
930 3319 969 3364 ex
994 3321 1057 3365 uno
1080 3300 1321 3389 Hamburgcnsi

130 3411 291 3496 cognitam
322 3406 493 3480 habemus,
527 3413 682 3488 quantum
707 3401 870 3470 valcamus
894 3406 1130 3472 enucleandam.
1179 3407 1219 3472 In
1242 3409 1321 3486 hac,

131 3522 168 3580 ut
191 3516 318 3588 monui,
340 3511 422 3578 nihil
445 3512 483 3578 dc
507 3511 603 3576 verbo
629 3510 748 3588 θέλγειν
772 3510 956 3577 adnotatum
982 3515 1149 3598 reperitur,
1176 3515 1230 3580 sed
1251 3521 1323 3600 post

130 3622 205 3688 ille:
244 3604 304 3704 (οῦ)
338 3623 439 3696 μέντοι
472 3620 523 3683 cxi
557 3620 608 3682 τὸν
640 3622 705 3682 νοῦν
737 3617 925 3696 ε’γρηγορθτοι
950 3621 1059 3684 statim
1085 3622 1323 3709 subiunguntur

130 3750 211 3815 quae
230 3749 314 3793 nunc
336 3725 525 3792 describam:
542 3721 612 3794 ἴσως
633 3725 684 3788 τὸν
706 3723 762 3798 μὲν
783 3729 848 3788 νοῦν
870 3727 932 3790 ciat
952 3727 1060 3804 μέρεος
1081 3722 1148 3790 ὅλον
1167 3727 1322 3806 λέγεν...

132 3835 227 3900 visani
262 3837 313 3898 aci
345 3831 396 3898 τὸν
426 3835 490 3896 νοῦν
521 3830 696 3910 τρέτεοθοιι,
728 3831 741 3895 θ
775 3830 807 3896 δὲ
838 3833 1005 3903 Ὀδυσσεὺς
1032 3835 1155 3913 ,αὐτὰρ
1178 3839 1244 3906 νοῦς
1268 3833 1323 3910 ἔμ-

132 3941 220 4012 πεδος
245 3943 283 4010 ὡς
308 3939 343 4002 τὸ
368 3937 462 4017 τθρος
489 3936 587 4016 περ’*
608 3939 743 4010 ductam
770 3940 855 4018 τοοροὶ
879 3947 937 4003 τῶν
962 3940 1086 4020 ἑτοιίροιν
1109 3941 1322 4018 <decimatio

131 4045 177 4114 θοι
212 4051 227 4121 λ
259 4046 370 4134 ῥάβδος
404 4045 421 4118 η
449 4047 710 4122 μετομορωοῦοιι.
759 4042 841 4110 Sunt
865 4046 943 4112 hoec
966 4047 1064 4112 verba
1088 4048 1187 4112 totius
1213 4048 1322 4132 dispu-

132 4153 374 4239 tationissslongs
393 4149 656 4235 impeditissima,
680 4151 762 4214 unde
781 4151 836 4216 diu
850 4151 1053 4236 multumque
1069 4152 1240 4218 meditatus
1252 4173 1322 4238 pro·

137 4259 273 4325 habilem
296 4261 484 4324 sententiam
507 4255 618 4322 eiicere
638 4257 858 4341 potni,neque
872 4269 977 4323 tamen
990 4279 1070 4336 enm,
1084 4279 1164 4343 quae
1176 4265 1324 4326 omnious

134 4370 277 4432 numeris
301 4365 444 4430 absoluta
468 4364 549 4428 mihi
569 4363 724 4428 videatur.
771 4361 809 4427 Iu
834 4367 950 4438 codice.
976 4371 1013 4429 ut
1037 4365 1181 4450 videtur,
1209 4388 1324 4452 parum

132 4489 180 4539 est.
213 4469 335 4536 niaxiiii.
370 4471 475 4548 „iuter
506 4472 595 4546 λέγει
628 4479 658 4548 et
688 4473 783 4532 οἴενοιι
809 4471 897 4535 nulla
920 4480 967 4536 est
991 4475 1023 4535 iu
1047 4492 1083 4538 eo
1106 4471 1236 4551 lacuna,
1269 4477 1324 4540 sed
