3278 5148
857 311 923 383 tto

339 530 375 591 t,
409 502 483 576 169.
516 507 708 574 Admonitus
739 509 779 574 eb
811 508 956 574 Echeueo
980 527 1067 583 sene,
1093 511 1130 570 ut
1153 505 1282 572 Ulixem
1306 502 1479 590 supplicem

294 619 428 681 comiter
462 617 635 700 exciperet,
670 623 741 680 tum
771 615 901 680 demum
933 615 1018 678 bunc
1048 633 1104 678 rex
1136 610 1290 678 Alcinous
1312 609 1403 691 ὦρσεν
1427 613 1481 676 ἀπ’

295 721 465 803 ε’σχαρίφιν
496 721 549 786 καί
581 721 632 785 ἐπί
661 722 758 800 ύρύνον
782 717 846 786 eice
870 724 1011 802 φαεινοῦ.
1037 719 1123 784 Hinc
1147 719 1307 783 αίτιιῖινταί
1330 741 1409 788 τινες
1433 719 1482 782 τὸν
1601 750 1602 757 ν

292 831 446 894 Ἀλκίνοον
469 831 508 898 ὡς
531 827 690 907 Φιλόξενον
714 827 789 892 ύντα
815 829 864 892 ἐπὶ
891 828 1045 901 τοσαύτης
1068 823 1144 905 ύρας
1171 827 1308 904 ἐρρῖφθαι
1334 825 1385 888 tet
1407 829 1481 889 κίνει

290 938 342 1002 τὸν
375 929 542 1000 Ὀδυσσέα.
578 935 648 1014 πρὸς
677 930 725 1006 οὓς
758 933 881 998 λεκτίον
912 931 957 998 ύτι
987 935 1040 996 οὐκ
1065 933 1098 997 ἐκ
1123 933 1311 1009 τνραννίδκς
1336 927 1407 1010 εἶχε
1429 931 1483 1002 riis

292 1045 410 1124 ἀρχήν,
433 1043 510 1106 ἀλλ’
535 1042 591 1113 είς
616 1037 679 1111 οὓς
705 1041 924 1104 ἐπέλασεν.
946 1040 1038 1104 ὁπότε
1059 1032 1107 1102 οὖν
1128 1037 1296 1116 ἐβούλευσε
1316 1037 1352 1100 τὸ
1374 1036 1482 1112 κοινύν,

291 1147 413 1219 εἰκότως
449 1149 543 1212 αὑτὸν
557 1193 678 1210 ......
715 1147 883 1220 ἀνίστησιν.
922 1143 985 1230 (Τ.)
1022 1144 1061 1208 In
1090 1145 1141 1208 hie
1171 1145 1345 1222 τυραννίδος
1378 1163 1484 1208 merus

292 1255 532 1340 typothetarum
561 1273 647 1318 error
676 1273 743 1318 esse
776 1252 903 1317 videtur
932 1271 988 1336 pro
1019 1252 1216 1334 τυραννίδος,
1241 1251 1296 1314 eod
1320 1249 1399 1334 qnid
1424 1250 1482 1313 sub

292 1361 397 1426 verbis
416 1362 552 1445 pessime
574 1362 729 1444 corruptis
750 1361 792 1432 είς
811 1359 859 1430 οὓς
881 1360 1033 1422 ἐπέλασεν
1053 1357 1183 1440 lateret,
1204 1357 1259 1422 diu
1279 1355 1484 1440 multumque

290 1469 444 1552 quaesivi.
480 1465 517 1530 In
541 1466 647 1530 codice
670 1485 738 1530 esee
762 1465 948 1549 perhibetur
972 1462 1142 1527 ἀαέλασεν.
1186 1461 1327 1528 Multum
1353 1459 1481 1538 dubito,

290 1573 346 1638 sed
380 1575 407 1636 si
441 1574 488 1636 ite
522 1574 677 1656 scriptum
709 1591 817 1636 revers
857 1577 923 1653 est,
963 1589 1025 1634 non
1062 1569 1212 1654 dispicio,
1250 1590 1306 1634 cnr
1342 1577 1484 1633 monstro

292 1680 454 1742 ἀτέλασεν
489 1685 668 1744 monstrum
701 1678 853 1742 ἐπέλασεν
888 1676 997 1772 1οοοωῦ
1019 1676 1129 1741 cedere
1151 1675 1274 1740 iussum
1298 1678 1351 1740 sit.
1399 1675 1484 1740 Fieri

293 1791 414 1870 potest,
446 1791 483 1850 ut
513 1784 648 1850 editores
679 1785 813 1850 verbum
839 1781 981 1848 ionicum
1005 1781 1150 1862 πελάζειν
1175 1784 1405 1868 cogitaverint,
1433 1784 1485 1846 cui

293 1892 346 1956 bic
369 1909 433 1958 unc
455 1897 538 1956 certe
561 1893 665 1956 virtus
688 1901 755 1968 eet,
780 1893 884 1954 nteit
909 1889 1064 1967 „verbum
1089 1891 1166 1954 bene
1191 1887 1376 1953 Graecum.'’
1408 1885 1485 1952 Sen-

293 2000 394 2064 tentia
424 2000 622 2084 apertissime
653 2006 717 2074 est,
747 1997 824 2063 odeo
848 2003 886 2061 nt
910 1995 948 2060 de
972 2016 1010 2062 ee
1031 1994 1121 2060 nulls
1144 1998 1243 2079 possit
1265 1998 1390 2062 moueri
1414 1991 1486 2060 cen·

294 2105 456 2170 troversia.
492 2103 664 2170 Monemur
686 2102 861 2168 identidem
883 2102 1014 2167 eandem
1035 2121 1102 2166 rem
1124 2101 1163 2166 de
1185 2121 1281 2188 regno
1301 2100 1483 2166 aneccnm

294 2213 328 2274 in
362 2210 493 2286 nostris,
519 2211 554 2274 in
576 2207 714 2274 Scholiis
738 2209 843 2275 iliacis
866 2209 905 2274 de
928 2211 1177 2296 Agsmemnonis
1200 2210 1233 2272 in
1258 2207 1405 2272 Achaeos
1426 2211 1485 2272 im·

293 2318 390 2401 peric
415 2314 451 2382 ln
475 2318 591 2382 nostris
614 2315 735 2402 legitur
758 2319 780 2379 i.
801 2336 828 2380 n
854 2318 868 2378 t
893 2313 977 2391 259,
999 2313 1055 2378 ubi
1076 2315 1115 2378 ds
1135 2313 1342 2398 Aesymnetis
1363 2316 1485 2378 mentio

294 2421 347 2488 fit:
382 2424 408 2486 οί
440 2423 474 2486 ἐκ
505 2427 558 2486 τοῦ
582 2422 679 2500 δύμον
704 2422 820 2493 παντὸς
845 2424 1016 2497 ἐπίλεκτοι,
1042 2421 1112 2500 οὐχί
1138 2421 1163 2484 οί
1186 2421 1351 2498 βασιλεῖς,
1376 2427 1409 2486 et
1431 2441 1484 2486 ex·

254 2582 257 2590 .
293 2528 503 2615 plicatissime
533 2529 573 2594 nd
604 2532 618 2592 ύ
651 2527 730 2594 39οε
765 2529 854 2604 δῆλον
876 2528 907 2593 δὲ
931 2528 965 2591 ἐκ
985 2527 1099 2591 τούτων
1123 2523 1167 2591 ίτι
1192 2529 1412 2608 ἀριστοκρατία
1437 2529 1485 2598 τίς

293 2638 393 2711 ἐστιν,
419 2633 560 2716 ἐξέχει
584 2636 623 2700 δὲ
647 2636 685 2699 ἐν
709 2637 850 2708 αὐτοῖς
871 2635 885 2699 ί
906 2633 1066 2706 ’Λλκίνοος
1083 2631 1204 2698 ’δώδεκα
1222 2632 1312 2698 ὄντων
1330 2635 1484 2718 (praestet

293 2739 432 2828 οὖσιν),
467 2744 505 2813 ως
542 2741 556 2806 t
592 2739 662 2817 etta
694 2733 804 2824 ἁτίχσς
835 2744 929 2815 δηλοῖ.
972 2739 1022 2804 Ito
1043 2738 1117 2819 itQ,
1140 2759 1199 2805 neo
1222 2739 1366 2804 multum
1390 2739 1486 2806 eliter

292 2854 399 2914 noster
429 2846 472 2913 T:
505 2849 539 2912 dx
568 2849 676 2912 τούτου
700 2849 790 2923 δῆλον
814 2844 859 2912 ὅτι
883 2849 1104 2926 ἀριστοκρατία
1128 2845 1180 2924 ἦν,
1205 2847 1294 2910 ίποία
1320 2846 1372 2910 καί
1394 2848 1416 2922 ἡ
1442 2849 1483 2919 είς
1529 2837 1532 2847 ’

288 2957 384 3020 Ἴλιον
417 2955 537 3032 ἐγένετο
569 2956 719 3033 στρατεία
745 2957 854 3041 (puto:
879 2954 970 3018 ὁποία
994 2955 1067 3017 κάν
1091 2963 1137 3034 τῇ
1162 2951 1221 3018 ἐτ’
1243 2953 1337 3016 Ἴλιον
1361 2954 1485 3030 ἐγένετο

293 3065 487 3143 στρατιᾷ).
516 3057 646 3134 ἕκαστος
670 3063 727 3138 μὲν
750 3063 814 3139 rte
836 3067 895 3124 τῶν
918 3061 998 3124 ίδίων
1021 3056 1131 3139 ἦρχεν,
1157 3055 1201 3131 είς
1227 3061 1258 3124 δὲ
1282 3059 1296 3123 ὃ
1319 3063 1375 3132 τὴν
1402 3061 1484 3123 ποίν-

291 3192 351 3234 των
375 3168 475 3246 ἀρχὴν
500 3169 695 3246 κεκτημένα.
732 3166 891 3232 Similiter
910 3167 949 3231 de
969 3166 1100 3232 Graecis
1118 3165 1245 3231 Troiani
1266 3166 1486 3232 obsidentibus

292 3275 333 3341 cd
365 3285 392 3340 A
427 3274 470 3360 54
504 3279 556 3360 (ex
578 3273 659 3357 ΒΙν),
694 3275 842 3354 ἀρορύνδε
874 3275 1053 3338 καλέσσατο
1078 3276 1154 3338 λαὸν
1178 3273 1369 3351 Ἀχιλλεύςτ
1396 3275 1485 3337 αύτο-

293 3381 410 3462 ιιράτωρ
434 3379 516 3461 peip,
541 3383 573 3445 ού
597 3383 746 3457 ριισύωτός
771 3377 815 3456 ἦν.
839 3384 894 3456 τὴν
918 3379 949 3444 δὲ
974 3380 1123 3458 στρατιάν
1142 3379 1156 3444 ί
1177 3380 1270 3444 θέλων
1290 3387 1417 3456 συνῆγε.
1434 3415 1484 3429 --

283 3479 397 3560 ἶάλλωσ
429 3513 464 3554 τε
496 3487 547 3552 καί
579 3486 672 3560 αὐτὸς
705 3491 831 3566 ἡγεῖται
860 3495 915 3561 τῆς
940 3487 1083 3566 ύπαίύρον
1106 3489 1267 3566 στρατιᾶς.
1293 3482 1339 3550 ὅτι
1363 3488 1429 3566 γὰρ
1452 3487 1485 3550 ού

293 3597 431 3677 τυραννίς
462 3599 552 3658 τοῦτο
586 3590 620 3667 ἦν
650 3597 683 3658 εἰτ
714 3601 772 3659 τῶν
802 3594 903 3671 λύγων
927 3594 1042 3657 αὐτῶν
1065 3593 1155 3667 δῆλον
1178 3593 1231 3656 καί
1255 3593 1402 3670 ροοίλιστα
1426 3601 1485 3657 τῖιν

292 3705 323 3768 εἰν
356 3689 426 3775 ταῖς
458 3709 582 3778 λιταῖς,
614 3721 676 3786 qno
705 3700 774 3765 loco
799 3699 1005 3765 menifestum
1029 3706 1078 3764 est
1102 3701 1220 3784 requiri
1244 3700 1277 3764 εἰι
1300 3705 1360 3764 τῶν
1382 3701 1483 3777 λόγων

292 3812 439 3894 αὑτοΤ,
482 3812 505 3872 i.
542 3829 569 3872 e.
614 3805 762 3872 Achillis.
809 3807 922 3892 Itaque
966 3807 1005 3870 de
1041 3809 1197 3871 sententio
1233 3809 1334 3873 nostri
1370 3805 1484 3873 scholii

292 3923 432 4046 spuunt,
467 3935 564 4000 quem
600 3916 646 3980 sic
682 3913 829 3979 everbis
853 3915 970 3978 misere
993 3912 1172 4022 depietatis
1195 3911 1378 3978 elicuerim:
1412 3916 1483 3994 πρὸς

292 4022 341 4097 οὓς
381 4019 586 4088 tresdecim
628 4021 681 4085 ούιι
713 4023 748 4086 ἐκ
779 4020 950 4100 τυραννίδος
985 4014 1109 4100 εἶχε
1089 4023 1143 4096 τίρν
1180 4021 1296 4102 ἀρχήν,
1334 4023 1412 4086 ἀλλ’
1448 4023 1484 4085 ἐν

291 4129 431 4203 ίσοις’
417 4133 685 4208 επρύτενσεν.
722 4126 771 4192 De
793 4130 891 4194 verbo
913 4129 1077 4207 πρωτεύειν
1100 4131 1173 4192 test'
1150 4129 1285 4192 timonis
1307 4127 1485 4194 ementem

291 4237 429 4321 νοΠο,
421 4237 524 4302 menis
555 4235 725 4322 diligentie
754 4241 811 4300 est.
858 4234 909 4299 Ne
930 4236 1001 4319 quis
1023 4233 1064 4298 de
1086 4236 1317 4299 constructione
1338 4235 1481 4310 dubitet,

292 4365 393 4408 unum
427 4341 616 4428 producam,
649 4341 798 4406 Ιιοοτοοὶι
828 4329 875 4426 (in
910 4339 997 4407 Oret.
1031 4341 1069 4405 de
1092 4340 1174 4406 Pecs
1197 4343 1215 4426 ᾖ
1238 4339 1335 4426 etp.
1365 4341 1482 4426 ltitbiz

292 4471 413 4530 χρκε
383 4449 413 4514 δὲ
444 4472 514 4519 τονς
538 4446 754 4526 τρωτεύεινέν
740 4456 840 4518 ντοῑς
863 4445 1013 4521 Ἕλλησιν
1037 4447 1200 4524 ἀξιονντας
1224 4447 1365 4512 τοιούτων
1389 4447 1482 4528 ἔργων
