3232 5136
857 341 898 410 36

285 529 379 618 ε’χρῆν
402 535 433 599 δὲ
456 532 605 616 φύνοοι,
630 531 714 610 εἴπερ
738 533 832 597 οιύπὸν
855 533 915 615 lt„
938 533 1177 618 μονόφθαλμον,
1204 534 1257 601 κού
1281 539 1371 600 τοῦτο
1395 529 1471 598 οιύτθ

283 641 530 717 ἐπισημήνασθαι
552 641 601 704 ύπ
610 663 623 703 ο
632 664 651 702 π
660 638 709 716 ύξ
717 664 817 704 οινποι
838 639 925 716 μθνον
939 643 1101 723 θφθοιλμὸν
1114 644 1144 708 ἐν
1157 643 1198 722 τῷ
1211 643 1296 719 μέσοι
1309 641 1324 706 ἔ
1329 664 1356 722 χ
1365 665 1378 706 ο
1388 665 1468 707 ντοι.

282 749 448 829 Quomodo
476 749 553 813 haec
582 747 679 812 verba
705 748 855 812 struenda
877 749 958 826 sint,
984 769 1078 814 nomo
1102 749 1195 816 facilc
1219 749 1346 814 dixerit.
1393 747 1472 828 Quis

281 857 314 919 in
317 854 445 942 telligat
475 855 611 932 ἐχρῆν·
634 852 821 933 φύνοιιη
802 851 1114 931 -ἕτισημῆνοισθοιιθ
1146 855 1241 935 Quis:
1268 853 1471 932 θποτύξιιντιι

280 964 484 1042 μ.θφθ.-
503 957 691 1039 -ἕχονπιιθ
721 960 881 1025 Pendetne
914 959 1117 1036 ὑποποθξοινποι
1150 962 1239 1026 ab
1225 969 1318 1041 εχρῆν
1354 981 1395 1026 an
1429 960 1468 1025 ab

280 1064 549 1145 ἐπισημῆνοσθοιιθ
584 1065 692 1132 Merae
728 1066 884 1131 tenebrae.
916 1066 978 1132 Sed
1009 1086 1133 1132 memor
1164 1087 1296 1150 eorum,
1327 1086 1408 1151 quae
1436 1067 1470 1130 in

280 1178 368 1240 exitu
396 1175 620 1258 disputationis
651 1195 689 1238 er
720 1171 945 1260 Etymologico
977 1171 1125 1240 Gudiano
1154 1176 1272 1258 petitae
1296 1171 1467 1260 leguntur,

279 1284 495 1366 unusquisque
532 1281 642 1345 statim
680 1280 834 1366 corriget:
874 1279 967 1360 ἐχρῆν
1001 1278 1049 1356 δέ,
1084 1280 1220 1359 φησίν,
1256 1279 1341 1358 εἴπερ
1377 1280 1472 1344 adria

279 1389 362 1471 ῆδει
402 1387 641 1468 μονόφθαλμον,
679 1385 730 1449 κού
768 1388 857 1449 τοῦτο
891 1387 969 1452 οιύτὸ
1004 1386 1267 1461 ἐπισημήνασθαι,
1304 1383 1472 1463 ὑποζεύ-

279 1495 407 1572 ξοινσσι
440 1492 528 1568 μόνον
560 1493 723 1570 θφθιολμὸν
751 1493 782 1556 ἕν
812 1493 854 1568 πῷ
879 1492 962 1570 μέσοι
987 1490 1108 1570 ἔχειν.
1155 1491 1191 1556 ln
1216 1491 1347 1557 caeteris
1371 1490 1472 1556 codex

278 1605 346 1687 ipse
374 1600 545 1684 deliquisse
576 1598 721 1670 videtur,
746 1598 779 1662 in
802 1599 1002 1683 ineptissimo
1026 1597 1127 1680 φθνοιι
1149 1597 1361 1682 intereundo,
1386 1596 1474 1682 qood

278 1727 406 1772 omnem
435 1705 496 1770 loci
520 1706 784 1770 constructionem
810 1704 1016 1788 pessumdet,
1037 1707 1186 1770 innocens
1208 1703 1291 1770 nihil
1315 1705 1472 1789 peccavit.

278 1812 438 1878 Prellerus
460 1817 525 1886 cst,
551 1812 604 1875 cui
624 1813 707 1874 inter
722 1808 877 1894 plurimas
899 1814 931 1873 et
951 1810 1031 1875 hene
1051 1810 1287 1888 ποιροοδιύρθωσιν
1305 1810 1472 1887 debemus,

280 1925 360 1984 teste
389 1915 550 1982 Dindorfio
582 1918 615 1980 in
645 1918 726 2000 App.
758 1917 799 1999 (p.
827 1913 917 2001 778),
948 1936 1022 1981 cum
1047 1918 1081 1980 in
1103 1917 1210 1982 codice
1233 1918 1276 1982 sit
1302 1925 1368 1994 ,ιΦι
1395 1937 1473 1982 curn

277 2025 395 2091 lineola
423 2025 497 2107 (ie.
531 2020 653 2106 φησθ).”
705 2020 768 2086 Sed
797 2021 939 2086 nondum
969 2025 1109 2087 contenti
1140 2043 1265 2088 sumus.
1313 2022 1392 2102 Quis
1423 2030 1476 2088 est

279 2132 350 2216 ille,
382 2133 472 2196 cuius
507 2131 696 2193 sententiam
734 2131 924 2213 epitomator
957 2149 1013 2213 per
1046 2127 1128 2195 illud
1167 2129 1303 2212 „oncle”
1334 2127 1475 2194 reserati

278 2237 544 2321 circumspiciant
531 2235 617 2299 tibus
640 2234 730 2298 nobis
753 2233 842 2299 offert
864 2254 931 2298 sese
950 2233 1123 2320 Porphyrii
1143 2233 1293 2300 Scholion
1313 2233 1353 2300 ad
1373 2235 1476 2301 verba

278 2343 452 2410 Κυκλώπων
482 2339 570 2412 δ’ἐς
557 2347 748 2416 ςγοιιιονιι
725 2337 870 2416 (ι,106)
892 2360 931 2404 er
953 2338 988 2404 H
1011 2345 1044 2404 et
1067 2338 1095 2419 Q
1117 2340 1261 2425 editum,
1286 2341 1340 2405 ubi
1363 2343 1476 2426 inopte

277 2452 359 2516 duae
390 2447 562 2528 ζητῆοεις
553 2469 585 2510 ιιι
612 2467 713 2511 ιιιιιιιιι
737 2445 940 2529 coaluerunt,
964 2444 1064 2511 altera
1087 2445 1158 2512 de'
1149 2449 1251 2532 ipsine
1274 2447 1475 2534 Polyphemi

277 2575 407 2646 genere:
439 2555 527 2636 ζητεῖ
554 2553 773 2632 Ἀριστοτέλης
798 2559 860 2622 πῶς
885 2552 898 2616 o‘
925 2495 1063 2633 θζύκλιοψ
1088 2554 1277 2634 Πολύφημος
1302 2556 1384 2631 μῆτε
1409 2579 1475 2618 ποο-

278 2664 346 2743 σρὸς
381 2665 419 2728 θον
454 2661 638 2738 Κύκλωπος,
669 2658 846 2728 Ποσειδῶνος
878 2659 941 2737 νοὶρ
974 2655 1019 2736 ἦν,
1050 2661 1133 2736 μῆπε
1162 2661 1296 2745 μητρθς,
1331 2661 1475 2743 Κύκλωψ

278 2772 415 2850 ἐγένετο,
441 2774 473 2834 et
496 2787 575 2852 quae
598 2772 775 2852 sequuntur
798 2787 897 2850 neque
921 2765 960 2830 ad
983 2766 1137 2845 τερατώδη
1162 2768 1178 2842 ῆ
1210 2768 1474 2846 ποορηλλοιγμθνοο

278 2879 321 2962 (p.
340 2876 416 2951 414,
437 2871 606 2948 etl-415,
621 2872 667 2950 2),
679 2893 759 2958 qnae
771 2874 913 2956 quaestio
926 2871 1031 2937 verbis
1042 2877 1223 2957 autparum
1235 2879 1292 2938 aut
1304 2874 1387 2940 nihil
1399 2897 1477 2942 mu·

278 2983 353 3049 tatis
373 2982 412 3048 ad
433 3005 456 3058 ι,
479 2979 542 3044 311
567 2981 609 3064 (p.
625 2977 690 3042 430
708 2977 728 3042 l.
753 2976 885 3042 18-24
905 2977 1015 3063 Dind.)
1034 2997 1097 3044 non
1110 2979 1251 3045 multum
1265 2983 1387 3065 aptiore
1398 2981 1475 3050 loco

276 3088 377 3154 relata
400 3089 502 3152 estin
525 3085 567 3162 r;
588 3084 702 3168 altera,
723 3105 803 3170 quae
826 3085 951 3170 proprie
974 3091 1022 3148 est
1045 3085 1142 3150 hrrius
1165 3084 1245 3164 loni,
1273 3086 1311 3152 de
1335 3091 1477 3155 caeteris

278 3194 488 3282 Cyclopihus,
515 3212 609 3275 quarn
633 3193 698 3254 iam
719 3191 933 3275 inspiciamus.
956 3190 1086 3261 Γελοθοις
1107 3189 1133 3255 δ’
1152 3193 1264 3261 adroic
1285 3192 1480 3272 ἐτυμολογεῖ

276 3300 412 3367 Ἠσίοδος
453 3297 641 3375 „Kristenos
677 3296 702 3360 δ’
727 3295 808 3370 ὄνομ’
841 3292 918 3370 ῆσοον
944 3330 998 3344 --
1023 3294 1152 3361 ἐνέκειτο
1189 3297 1356 3378 μετύπιρ.”
1394 3299 1408 3364 ὃ
1449 3301 1478 3368 δ’

274 3405 412 3484 Ὀμηρος
435 3403 584 3485 φοιθνεποιι
611 3407 693 3486 (τῆν
716 3402 801 3486 edd.)
822 3402 916 3482 Φύσιν
934 3402 1034 3466 οιύπῶν
1059 3402 1177 3481 λέγων·
1205 3404 1259 3488 (an
1283 3405 1476 3474 exciderunt

276 3514 330 3578 hic
360 3511 522 3576 homerica
550 3507 721 3594 quaedam,
746 3527 819 3573 v..e
845 3507 1059 3588 ύπερφιοιλονν,
1085 3507 1346 3596 ύθεμίστοννθ)
1320 3534 1345 3574 ει
1370 3518 1477 3589 γοῦν

275 3619 334 3721 (nic
370 3638 444 3683 cum
480 3615 676 3680 Buttmenno
711 3616 840 3678 omnino
875 3624 922 3679 eet
952 3615 1197 3680 scribendum
1185 3635 1241 3701 pro
1272 3614 1400 3702 γάρ)
1382 3642 1416 3692 ην
1443 3645 1477 3687 τι

276 3729 423 3810 τοιοῦτον,
454 3720 553 3798 ὥσπερ
585 3745 641 3790 ποις
674 3719 779 3791 ἄλλοις
810 3719 963 3792 θδιθτηποις
996 3727 1055 3785 τῶν
1078 3721 1230 3803 ὀφθέντων
1253 3721 1438 3802 ἔγραψεν
1420 3730 1477 3792 επ

279 3837 386 3898 οιύποῦ
424 3833 505 3916 (τοῦ
537 3827 622 3910 edd.)
654 3825 839 3902 Κύκλωπος,
869 3826 904 3889 τὸ
933 3828 1081 3911 μέγεθος,
1114 3831 1169 3903 τῆν
1202 3829 1367 3908 ὦμθτητοι,
1393 3831 1477 3902 οὕτω

278 3938 335 4004 κᾶν
359 3937 393 4002 τὸ
418 3936 485 4017 περὶ
509 3936 585 4019 (ποῦ
610 3932 696 4017 add.)
720 3935 884 4012 θφθπλμοῦ
908 3931 1038 4014 ἔγραφε.
1065 3933 1190 4000 Horum
1204 3939 1371 4014 sententie,
1385 3944 1476 4024 quod

276 4047 438 4110 neminem
466 4042 576 4129 fugere
604 4046 724 4125 potest,
744 4038 854 4104 eodem
875 4045 923 4103 est
941 4045 1036 4124 atqoe
1057 4061 1179 4115 eorum,
1206 4062 1286 4126 quae
1310 4043 1406 4110 modo
1433 4069 1476 4116 ex

276 4147 514 4236 Etymologicis
536 4149 750 4233 apposuimus.
784 4143 844 4210 Sed
868 4145 1036 4211 audiamus
1060 4145 1231 4234 diligenter
1254 4168 1335 4232 qnae
1358 4155 1479 4219 statim

279 4261 463 4341 sequuntur.
482 4253 578 4332 φησὶ
600 4253 637 4315 δὲ
658 4253 672 4316 θ
693 4251 791 4316 Φιλύ
798 4251 817 4328 ξ
825 4275 908 4322 ενος
927 4249 973 4317 ὅτι
990 4251 1145 4325 ἐπλθνησε
1160 4255 1211 4318 τὸν
1223 4257 1357 4319 Ἡσίοδον
1371 4258 1407 4321 τὸ
1421 4260 1478 4324 τὸν

277 4357 331 4426 ἕνον
352 4360 514 4442 θφθοιλμὸν
530 4356 735 4438 πνφλιιθένποο
754 4357 867 4435 μηκέτι
880 4359 959 4439 θροῖν.
988 4359 1072 4444 (Ηοο
1085 4358 1169 4426 vult:
1186 4359 1347 4427 Homerus
1361 4362 1401 4430 de
1415 4389 1478 4432 ιινιο

276 4474 403 4534 tantum
426 4466 516 4531 oculo
539 4470 702 4531 occaecato
720 4463 879 4550 loquitur,
901 4485 963 4562 quo
981 4465 1090 4532 effosso
1111 4463 1477 4554 Cyclopstarnenploae
