3318 5138
802 343 843 414 91

222 535 259 606 ἓν
285 537 459 618 ίαυμασμῷ
478 537 682 620 οίνεφιίνητεν,
703 538 759 621 (ὡς
785 535 863 619 καί)
885 533 942 612 „cir
963 537 991 600 κ’
1013 535 1068 610 ἐμὲ
1088 535 1139 600 τδν
1160 531 1318 610 διίστηνον”
1334 549 1416 611 κτλ,

220 668 308 733 quae
342 667 398 712 cur
429 645 602 712 exciderint
631 643 738 729 palam
769 657 827 708 esc.
859 641 952 708 Nunc
982 643 1021 708 ad
1044 641 1119 707 libri
1143 642 1273 708 secundi
1297 641 1417 707 scholia

220 754 328 820 redeo.

275 978 315 1058 β,
342 979 394 1044 15.
420 988 497 1045 τοῖσι
523 979 551 1043 δ’
577 978 670 1044 ἔπειθ’
695 977 766 1057 {iper
792 979 964 1057 Αἰγύπτιος
990 972 1059 1059 ἦρχ’
1083 978 1250 1056 ἀγορεύειν.
1289 978 1336 1044 De
1360 979 1418 1044 hoc

222 1085 358 1152 Scholia
391 1090 425 1150 in
460 1085 605 1166 EHMQ:
642 1089 763 1154 εἰκότως
795 1089 970 1164 δημηγορεῖ.
1005 1084 1081 1149 δέδιε
1110 1087 1172 1164 γοδρ
1204 1083 1328 1168 ἄμφω
1360 1087 1418 1149 τῶν

223 1193 363 1269 παίδων,
400 1199 468 1257 τοῦ
502 1193 573 1270 μὲν
609 1201 647 1272 τῇ
679 1193 832 1276 οίπουσίρι,
864 1197 931 1256 τοῦ
964 1191 1002 1254 δὲ
1034 1201 1071 1272 τῇ
1109 1189 1237 1274 οὶταξίρι.
1285 1193 1326 1256 At
1360 1192 1419 1256 hoc

222 1300 405 1366 absurdum
436 1307 499 1378 est3
534 1299 651 1364 metuit
680 1298 863 1385 Aegyptius
886 1319 949 1363 non
972 1299 1096 1374 liberos,
1121 1295 1419 1364 σσι1’ίι’ῖετοό.·δέδιε

222 1411 294 1489 γὰρ
327 1409 442 1494 (περὶ)
468 1409 625 1487 οίμφοῖν
648 1413 734 1469 τοῖν
759 1403 924 1468 παίδοιν
947 1403 1029 1487 (vel,
1053 1406 1081 1467 si
1107 1405 1165 1469 hoc
1188 1405 1286 1468 nimis
1311 1404 1420 1469 Attice

225 1517 356 1581 dictum
380 1513 523 1590 videtur,
550 1513 640 1590 περὶ
666 1512 900 1588 οίμφοτὲρου
921 1515 978 1574 τῶν
1001 1511 1140 1594 παίδων),
1157 1511 1211 1576 sed
1230 1513 1420 1596 praepositio

223 1623 338 1689 abesse
368 1622 498 1705 nequit,
530 1640 605 1684 nem
638 1619 684 1682 sic
715 1617 846 1682 demum
879 1622 911 1680 et
942 1618 1097 1680 sententia
1129 1617 1205 1682 bene
1238 1617 1367 1683 habebit
1391 1621 1422 1682 et

223 1735 395 1815 sequentes
418 1729 561 1815 genetivi
585 1729 637 1789 τοῦ
662 1725 719 1802 μὲν
744 1763 784 1772 -
811 1722 930 1788 τοῦδέ.

279 1942 314 2021 β.
347 1941 400 2007 20.
437 1943 488 2006 τὸν
523 1940 548 2004 δ’
586 1938 798 2025 (Antiphum‚
834 1940 988 2026 Aegyptii
1024 1938 1139 2025 lilium)
1174 1938 1278 2021 ἄγριος
1312 1939 1422 2006 ἔκτανε

229 2053 372 2128 Κύκλωψ
413 2051 429 2124 ll
465 2049 494 2111 ἕν
529 2055 603 2121 σπῆι
639 2049 806 2126 γλαφυρῷ,
846 2049 989 2123 πύματον
1025 2049 1051 2112 δ’
1088 2050 1279 2144 ὡπλίσσατο.
1305 2047 1419 2125 δόρπον.

229 2158 320 2225 Note
351 2161 399 2221 ost
432 2155 470 2219 ad
503 2153 647 2230 πύματον
678 2154 712 2216 in
744 2151 858 2232 HMQ:
892 2151 952 2217 ὅτι
978 2153 1070 2234 τοίχα
1095 2155 1261 2233 ἐτιμωρήθη
1286 2153 1344 2216 ὑπὸ
1368 2157 1421 2218 τοῦ

229 2261 406 2334 Ὀδυσσέως
439 2261 490 2324 καί
522 2259 621 2324 οὐκέτι
653 2257 803 2337 οίνίρωπσν
832 2259 964 2340 ἔφαγεν.
991 2261 1008 2336 ἣ
1033 2265 1083 2325 τὸν
1109 2261 1138 2323 ἐν
1161 2259 1249 2336 τοίξει
1275 2257 1421 2340 ἔσχατον.

231 2375 252 2449 ἢ
280 2373 438 2449 ἐπιφανῶν
462 2373 551 2433 τοῦτο
570 2369 772 2448 (ἐπιφανῶν
795 2373 914 2432 τοῦτον
935 2366 961 2447 Q
982 2367 1140 2434 tralaticio
1159 2367 1287 2452 mendo)
1300 2368 1423 2446 εἴρηκεν.
1475 2375 1479 2382 ’

229 2479 338 2544 Paulo
350 2477 413 2543 alio
425 2483 456 2541 et
469 2475 599 2540 meliore
611 2475 718 2540 ordine
731 2473 839 2540 eadem
853 2474 1006 2562 leguntur
1016 2478 1049 2539 in
1061 2473 1197 2541 Scholiis
1210 2475 1371 2562 Vulgatis,
1386 2497 1424 2541 ex

232 2585 424 2659 Eustochio,
455 2591 493 2648 ut
523 2579 686 2646 Dindorfio
718 2579 836 2666 placet.
861 2581 1079 2668 interpolatis,
1104 2582 1187 2647 unde
1212 2589 1319 2647 tamen
1343 2583 1425 2648 nihil

232 2691 373 2777 impedit
392 2693 561 2775 quominus
577 2695 648 2754 ante
661 2684 706 2751 ίτι
720 2690 752 2751 in
764 2690 856 2752 initio
869 2691 967 2752 nostri
979 2691 1156 2754 inseramus
1168 2689 1243 2772 ἤτοι,
1258 2692 1315 2772 (ita
1328 2695 1359 2755 et
1372 2689 1425 2775 B),

234 2798 322 2884 quud
342 2819 414 2862 cum
436 2799 522 2882 optio
540 2797 624 2860 inter
640 2799 704 2859 tros
716 2795 990 2878 interpretationes
1002 2795 1094 2860 detur
1105 2815 1202 2881 paene
1215 2799 1425 2861 necessarium

235 2909 304 2981 est,
328 2903 404 2982 (ἤτοι
430 2941 471 2951 -
496 2903 513 2978 ἦ
540 2939 580 2952 --
606 2903 637 2986 ἦ)
662 2907 694 2966 et
717 2907 791 2965 ante
813 2896 857 2964 ὅτι
878 2900 971 2965 facile
991 2921 1009 2965 a
1028 2899 1157 2966 librario
1175 2903 1282 2966 omitti
1295 2907 1427 2988 poterat.

235 3011 288 3076 De
310 3007 540 3098 significatione
564 3008 653 3073 verbi
674 3009 847 3086 ἐπιφωνεῖν,
869 3007 950 3092 quod
970 3007 1023 3072 hic
1042 3007 1127 3072 κοντοὶ
1149 3008 1302 3088 πρόληψιν
1323 3009 1428 3086 λέγειν

234 3119 268 3185 ei
289 3117 392 3182 valere
412 3116 548 3188 videtur,
569 3113 785 3178 Buttmanuus
802 3113 921 3178 confert
940 3112 1080 3178 similem
1101 3135 1194 3179 usum
1221 3111 1427 3202 cognotorum

235 3225 409 3292 verborum
434 3225 605 3300 ἀναφωνεῖν
630 3225 661 3284 et
685 3226 914 3300 προαναφωνεῖν
938 3221 978 3286 ad
1001 3245 1038 3296 α,
1069 3221 1147 3299 154;
1174 3221 1210 3300 β,
1238 3221 1320 3300 127;
1344 3222 1427 3300 36”ί;

237 3329 320 3414 284,
343 3328 426 3414 quod
450 3327 597 3394 Scholion
621 3347 660 3392 ex
684 3325 709 3391 V
733 3329 837 3393 nescio
857 3347 918 3412 que
937 3327 975 3392 de
995 3347 1089 3392 causa
1109 3331 1218 3393 omisit
1232 3327 1429 3404 Dindcrlius3

238 3467 280 3516 η,
304 3436 379 3503 270.
404 3435 563 3521 liquidem
587 3435 703 3515 ἐπέχω.

289 3650 323 3728 β.
348 3647 402 3714 40.
426 3645 635 3712 Telemachus
658 3647 835 3732 Aegyptio:
855 3643 909 3709 ’Ὦ
933 3645 1020 3724 γέρον
1029 3695 1037 3724 ,
1064 3647 1124 3728 οὐχ
1149 3647 1221 3718 icccc
1247 3643 1331 3721 οὗτος
1356 3649 1429 3728 οίννίρ

240 3796 286 3809 -
310 3755 401 3834 τοῖχοι
434 3752 462 3818 δ’
495 3755 591 3817 εῖσεαι
622 3753 715 3824 αὐτόν
739 3789 781 3802 -
818 3757 835 3829 ΙΙ
870 3745 900 3826 ῖς
932 3755 1008 3816 λαὸν
1041 3752 1162 3832 ἤγειρα.
1209 3753 1356 3820 Scholion
1391 3755 1430 3821 ad

238 3865 336 3930 haec:
361 3863 423 3926 οίπὸ
449 3865 502 3924 τοῦ
527 3865 629 3938 καιροῦ
653 3859 819 3931 πεποίηται
843 3861 897 3931 την
923 3907 1023 3923 .....
1048 3863 1086 3930 ὡς
1111 3861 1279 3933 Ὀδυσσεὺς
1301 3863 1331 3925 ἐν
1351 3873 1389 3940 τῇ
1412 3886 1432 3926 τ

241 3969 298 4057 (11.
323 3977 364 4053 T,
388 3967 468 4054 215)
492 3967 544 4031 καί
570 3967 725 4043 Διομήδης
750 3968 779 4030 ἕν
803 3976 841 4047 τῇ
866 3965 894 4042 ξ.
920 3965 973 4046 (11.
999 3977 1038 4043 Ξ,
1061 3966 1150 4048 110.)
1174 3967 1301 4033 Lacuna
1323 3971 1355 4033 in
1375 3967 1431 4034 HS

240 4075 447 4143 dissimulata
480 4077 513 4138 in
549 4075 586 4138 M
612 4074 751 4139 indicata
781 4079 847 4149 est,
882 4075 927 4138 sic
959 4073 1129 4158 explenda:
1163 4075 1226 4138 οίπδ
1252 4080 1305 4138 τοῦ
1330 4081 1432 4154 καιροῦ

241 4183 411 4257 πεποίηται
436 4183 490 4256 τὴν
516 4181 600 4264 ίπρί
608 4205 621 4262 ρ
630 4183 755 4266 ρησιν)
780 4183 816 4252 ὡς
844 4180 1013 4252 Ὀδυσσεύς
1040 4197 1110 4246 κτλ.
1137 4177 1164 4265 ¹)
1187 4181 1336 4267 Inprimis
1361 4190 1433 4268 apte

250 4341 400 4352 ——0-

280 4433 307 4498 l)
326 4435 401 4484 Paulo
422 4433 493 4482 aliter
515 4433 617 4482 seberus
640 4432 770 4501 (Mnemon.
791 4435 821 4484 Ν
841 4435 863 4482 S.
884 4433 937 4482 Vol.
956 4434 1015 4492 Vll,
1039 4434 1103 4486 isco
1123 4451 1143 4500 p.
1163 4435 1232 4494 420),
1251 4435 1291 4498 qui
1309 4435 1354 4493 τὴν
1373 4453 1434 4502 παρ-

243 4523 330 4588 ρησίαν
346 4523 445 4572 mavult.
