3330 5144
896 307 961 377 206

333 491 488 581 interpres
525 498 596 576 πρὸς
633 499 742 563 ἐκεῖνον
777 502 829 564 τὸν
864 500 956 580 λόγον
992 500 1246 578 ἀποτεινόμενος,
1280 506 1375 587 etque
1405 507 1530 570 iterum

333 623 365 686 p.
399 602 482 675 422,
516 603 552 668 3:
589 609 605 678 d
643 605 671 669 δ’
707 607 861 678 όπότατις
894 609 966 685 πρός
998 610 1148 692 Ἡσίοδον,
1181 615 1249 672 tum
1282 630 1311 693 p.
1340 609 1416 686 536,
1451 611 1466 674 l
1495 617 1531 676 et

334 706 411 792 687,
438 709 457 775 7
481 713 598 776 iterum
625 715 663 777 ad
687 713 938 798 καθαπτόμενος,
964 753 1006 762 -—
1030 717 1082 780 hio
1106 719 1210 802 igitur
1232 737 1306 780 eum
1328 717 1412 782 idem
1438 739 1530 803 repo-

332 837 456 898 nerem,
487 822 654 903 oeoupuvit
677 841 777 905 nuper
800 821 957 898 (iubatus,
981 821 1152 905 (Mnemoe.
1177 823 1218 888 N.
1244 821 1276 886 S.
1303 822 1370 887 Vol.
1399 823 1466 905 VII,
1494 845 1526 908 p.

331 921 386 1007 IV,
423 923 518 1001 1879,
552 947 582 1011 p.
609 923 700 1004 432.)
732 927 850 992 Statim
882 928 965 992 infru
987 949 1106 994 novum
1131 928 1275 994 eiusdem
1299 932 1529 1015 paraphreeeoe

331 1030 419 1095 adest
449 1033 650 1116 exemplum,
683 1031 804 1098 5222:
838 1035 996 1110 δαιμονίως
1030 1035 1187 1112 σύλληψιν
1218 1043 1276 1099 τῶν
1309 1037 1446 1101 κινδύνων
1470 1059 1529 1100 ντε-

333 1137 475 1216 τοίηται,
510 1147 542 1202 et
565 1139 660 1223 poulo
685 1147 772 1224 poet.
798 1139 818 1218 ζ
841 1141 922 1206 152:
948 1143 983 1206 εἰι
1006 1143 1091 1221 τριῶν
1116 1143 1281 1215 πεποίηται
1305 1143 1357 1206 τόν
1381 1140 1526 1220 ἔπαινον,

333 1281 374 1292 -
400 1245 454 1309 sed
489 1245 647 1310 sufficient
680 1247 758 1312 haee
793 1247 958 1333 exempla,
996 1248 1034 1313 de
1068 1269 1186 1334 magno
1221 1248 1429 1316 multitudiue
1460 1269 1526 1315 non

329 1351 470 1416 studiose
499 1355 693 1437 conquisito,
719 1354 772 1418 sed
798 1355 901 1419 obiter
926 1361 962 1420 ut
986 1375 1076 1419 cesus
1101 1356 1220 1420 ferebat
1244 1355 1401 1421 ednotote.
1451 1354 1525 1420 Iam

328 1445 432 1546 igitur
469 1459 705 1534 ἐπισημαίνεται
740 1460 771 1524 δὲ
808 1461 859 1524 καί
892 1463 947 1536 τίον,
977 1465 1179 1540 παραίτησιν,
1211 1457 1245 1534 ἣν
1275 1463 1524 1536 πεποίηταιτῆς

330 1566 396 1628 θεοῦ
423 1568 501 1630 sutie
533 1565 680 1648 hebebit,
706 1587 824 1650 quoue
850 1573 994 1642 tueatur,
1021 1571 1144 1652 eritque
1168 1575 1200 1634 et
1224 1566 1385 1653 explioetu
1409 1567 1525 1633 feoilii-

329 1693 421 1736 mum
453 1679 483 1736 et
514 1672 690 1736 intelteotu.
738 1671 862 1758 Quippe
893 1681 1004 1760 notatu
1027 1674 1159 1761 dignum
1184 1674 1388 1740 Antisthenes
1422 1678 1522 1740 etiem

329 1798 457 1842 oausam
490 1778 583 1860 dicit,
608 1799 664 1842 our
688 1777 797 1843 Ulixes
821 1779 896 1844 deae
920 1801 1058 1846 umorem
1084 1780 1227 1867 deneget.
1274 1779 1345 1844 Heo
1370 1781 1456 1845 enim
1481 1782 1523 1847 ob

328 1885 448 1950 formae
465 1883 736 1968 pulchritudinem
758 1885 968 1970 superbiente,
991 1886 1104 1951 Ulixes
1123 1886 1214 1952 dooet
1234 1882 1278 1950 ότι
1299 1887 1354 1960 τίον
1373 1887 1522 1964 γαμετὴν

329 1992 417 2071 ζητεῖ
444 1991 495 2054 irai
525 1989 561 2054 τό
593 1986 669 2055 εἶναι
702 1995 886 2070 περίφρονα,
917 1995 956 2062 ὡς
985 1996 1126 2065 κάκείνης
1156 1992 1194 2058 ἂν
1219 1993 1402 2071 οίμελνίτας,
1427 1996 1453 2057 εί
1477 1997 1521 2073 τῷ

328 2103 450 2174 σώματι
475 2098 526 2160 καί
552 2098 632 2176 μόνῳ
655 2096 766 2162 κάλλει
792 2099 973 2175 κεκόσμητο.
999 2099 1138 2186 Dignam
1163 2100 1301 2185 profecto
1321 2099 1521 2186 philosophis

328 2207 500 2281 rationem,
524 2207 592 2276 eive
616 2206 696 2269 serio
719 2206 889 2292 agentibus
913 2208 979 2271 eive
1003 2209 1080 2272 ioco.

372 2446 406 2498 ε,
430 2418 507 2486 281.
555 2419 591 2484 Iu
628 2418 747 2485 eoholio
781 2418 952 2506 Porphyrii
988 2419 1027 2484 de
1062 2422 1160 2486 variis
1195 2421 1283 2486 verbi
1320 2419 1424 2486 είοατο
1455 2426 1520 2511 sip

325 2526 580 2602 nifioationibm,
617 2524 701 2590 uude
736 2526 801 2590 iam
837 2525 915 2590 olim
949 2526 1109 2613 glossema
1144 2530 1222 2593 eieci
1253 2527 1340 2594 eliud
1374 2530 1517 2595 eiusdem

326 2636 451 2723 generis
482 2637 514 2698 in
545 2631 607 2698 fine
637 2633 829 2698 eiiciendum
860 2639 917 2698 est.
966 2632 1141 2699 Euomeret
1163 2639 1274 2699 euetor
1297 2636 1402 2701 varies
1426 2637 1516 2702 verbi

326 2725 591 2826 significationes,
620 2739 888 2830 probandieuueu
913 2739 1066 2824 exemplis
1090 2739 1225 2806 edditie:
1252 2739 1396 2818 ,,είσομαι
1421 2742 1458 2806 αί
1480 2767 1515 2807 κε

326 2846 471 2929 τόχωμι”
503 2849 540 2932 (χ
574 2845 606 2932 7)
641 2846 709 2910 οίντί
739 2851 794 2918 τοῦ,
824 2846 934 2928 roton,
967 2845 1128 2923 ὑπολάβω.
1154 2883 1197 2896 -·
1221 2845 1327 2913 είοατο
1359 2849 1428 2913 ἀντὶ
1462 2855 1515 2914 τοῦ

327 2954 477 3031 όμοιίιόη,
498 2989 512 3002 ·
526 2989 539 3002 -
558 2956 596 3024 ὡς
622 2954 657 3018 τό
682 2967 750 3016 κτλ.
773 2990 787 3003 -
801 2988 816 3002 -
836 2952 941 3016 είοατο
966 2952 1035 3016 duri
1058 2958 1112 3018 τοῦ
1136 2953 1278 3033 ίτορεόόη
1301 2957 1363 3021 ried
1387 2959 1440 3020 τοῦ
1465 2955 1517 3040 ίιν,

326 3063 361 3133 or
384 3061 419 3124 τό
447 3055 571 3144 »είοατο
594 3060 657 3140 γὰρ
683 3062 755 3133 νηῶν
779 3059 828 3124 ἐπ’
852 3058 1026 3138 όριοτεριί.”
1049 3067 1098 3138 (Μ
1125 3060 1216 3138 119.)
1239 3061 1302 3126 His
1326 3063 1431 3128 verbis
1454 3063 1516 3128 dis-

326 3170 450 3254 putatio
474 3165 583 3231 finitur
606 3170 639 3231 in
663 3160 718 3231 ΡΤ
742 3172 773 3232 et
795 3155 837 3230 iu¹
853 3165 968 3231 Codice
989 3164 1076 3231 2679
1096 3167 1135 3232 ed
1155 3167 1305 3244 Iliadem,
1328 3168 1516 3234 eOremero

326 3274 411 3340 edito
432 3278 464 3339 in
489 3273 628 3339 Aueodd.
656 3273 771 3338 Parius.
797 3281 822 3338 t.
845 3271 902 3337 111.
926 3293 958 3356 p.
985 3272 1036 3338 17.
1063 3272 1099 3337 Iu
1123 3273 1179 3349 EQ
1204 3280 1275 3360 pout
1299 3275 1347 3338 ἐτ’
1370 3275 1516 3355 όριστεριί

327 3381 465 3447 additur:
506 3381 572 3464 [καί
609 3380 644 3444 τό
677 3379 740 3456 „oin
772 3379 802 3442 r’
830 3378 983 3456 ”horrere
1016 3375 1073 3444 είοι
1106 3380 1179 3443 κατ’
1211 3379 1307 3460 οὔρεος
1332 3381 1515 3467 ίοχέαιρα”.]

326 3489 360 3574 (ζ
389 3489 499 3572 102),
533 3507 612 3572 quue
644 3487 740 3552 verbe
771 3487 837 3550 uine
870 3485 966 3550 dubio
998 3489 1136 3550 insiticio
1165 3487 1248 3551 mihi
1271 3487 1420 3552 videntur
1444 3491 1517 3551 eto

327 3617 423 3662 manu
442 3593 527 3660 mule
549 3592 659 3659 sedulo
677 3592 779 3657 illuto.
804 3591 884 3656 Tem
905 3590 1127 3680 neglegentem
1150 3593 1234 3657 enim
1256 3600 1287 3658 et
1307 3593 1514 3660 retiooinundi

292 3711 295 3726 '
325 3705 511 3788 imperitum
536 3721 629 3765 nemo
653 3698 866 3785 Porphyrium
892 3699 1024 3781 hebeat,
1048 3703 1169 3764 utnon
1194 3699 1328 3783 viderit,
1352 3698 1410 3765 illo
1427 3702 1515 3765 verbi

324 3805 380 3874 είοι
412 3809 557 3894 exemplo
587 3805 670 3871 nihil
694 3805 732 3871 de
756 3805 845 3870 verbi
869 3803 973 3868 είοατο
998 3803 1283 3892 significationibus
1306 3812 1338 3871 et
1364 3828 1421 3872 uuu
1445 3828 1515 3892 pro-

324 3917 412 3992 beri,
446 3919 513 3981 sive
537 3915 678 3992 ε’τορεύόη
703 3912 809 3978 voleat
830 3914 899 3977 eive
922 3911 1009 3976 eliud
1034 3913 1120 3996 quid.
1154 3911 1214 3977 Sed
1239 3912 1401 3998 oopulerit
1424 3934 1516 4000 prop-

324 4032 425 4098 tereu,
451 4022 566 4085 dixerit
591 4023 679 4104 quie,
705 4019 785 4102 quod
812 4023 986 4100 utrumque
1007 4055 1049 4066 -
1070 4026 1102 4082 et
1126 4017 1233 4083 είοατο
1257 4025 1290 4084 et
1312 4015 1369 4084 είτι
1391 4058 1432 4068 -
1453 4021 1515 4086 oiri

323 4135 376 4192 τοῦ
408 4128 441 4192 io
471 4127 572 4191 duxit.
618 4125 664 4189 At
693 4125 779 4189 idem
812 4123 1010 4208 Porphyrius
1041 4123 1136 4208 poulo
1169 4131 1241 4189 onte
1270 4124 1356 4208 idem
1380 4127 1513 4192 verbum

322 4236 420 4301 etiarn
444 4233 576 4309 ὡμοιώθη
602 4231 705 4296 velere
729 4231 828 4307 dixit,
855 4231 894 4294 eb
918 4229 1007 4294 ri‘ouo
1033 4231 1188 4296 derivans.
1214 4228 1279 4295 Our
1298 4237 1374 4297 tuno
1392 4253 1515 4318 quoque

322 4364 383 4408 uon
419 4341 542 4407 eddidit
577 4359 647 4404 mo.
684 4339 716 4402 οό
753 4335 815 4414 γάρ
852 4336 882 4401 α’
914 4338 992 4411 οὐδὲ,
1022 4335 1119 4412 ξεῖνε.
1153 4338 1280 4415 δαήμονι
1312 4341 1396 4415 Φωτί
1427 4339 1514 4403 ε”ίοκοι

325 4449 352 4534 (ί
380 4443 476 4532 lom?
499 4445 611 4532 ltaque
636 4463 687 4508 me
713 4445 842 4529 quidem
867 4444 972 4510 iudice
996 4465 1035 4510 ue
1057 4446 1091 4509 in
1112 4443 1173 4509 fine
1193 4444 1322 4529 quidem
1341 4447 1512 4530 quidquem
