3232 5136
729 289 773 368 tt

169 471 216 551 tlt
236 479 369 570 τθφρονα
392 485 445 554 καὶ
466 489 603 565 οννετὴν.
627 487 731 555 Loeus
747 487 1036 574 lipimerismorum
1056 487 1096 554 de
1114 487 1342 554 moretrunsiit
1434 485 1442 504 ⁶

169 580 198 646 in
228 585 461 683 Etymologios,
493 614 631 681 quorum
663 593 849 662 Gudianum
880 598 989 661 omnis
1017 597 1255 662 accuratissime
1291 595 1343 662 de-

169 692 297 780 scripsit,
319 707 428 768 suntor
450 701 670 790 Etymologioi
692 701 807 790 Magni
829 701 925 789 poulo
943 701 1083 770 brevius.
1107 700 1220 768 Obiter
1240 702 1344 790 tungi-

169 797 215 862 lssr
235 807 338 876 θλθοω
360 829 410 874 res
433 810 466 874 in
490 806 628 875 Soholiis
651 808 691 875 nd
713 808 809 875 Iliad.
832 807 872 886 B,
896 805 941 874 23
965 827 1004 874 ex
1028 805 1125 874 Godd.
1149 805 1215 872 BL.
1241 804 1342 873 Simi-

168 895 233 972 liler
257 913 279 978 i.
291 935 318 982 s.
348 914 385 987 t.
419 913 484 981 659
516 935 577 980 uon
609 914 810 981 scribendum
843 921 909 982 est:
944 913 1014 988 τοὺς
1046 921 1223 996 μνηστῆρας
1254 912 1285 979 δὲ
1317 913 1343 978 oi

168 1003 212 1074 tto
232 1016 360 1104 ἀρχηγοὶ
387 1057 406 1072 -
420 1057 439 1072 -
453 1057 473 1072 -
496 1021 703 1088 κατέπαυσαν
726 1028 785 1088 τῶν
808 1021 933 1100 trusos
957 1021 998 1100 ἐξ
1021 1017 1059 1086 ὦν
1084 1021 1244 1104 ἐτέρποντο
1265 1021 1340 1110 (Β),

168 1115 215 1182 ttd
243 1122 285 1191 δι’
315 1125 360 1196 ὦν.
407 1127 479 1196 Hoo
509 1131 596 1196 enim
623 1127 720 1215 poulo
751 1131 942 1216 exquisitius
972 1127 1096 1194 dietum
1128 1134 1177 1194 est
1201 1149 1258 1216 pro
1281 1121 1344 1202 οἷς

168 1220 327 1315 ἔτθολοντο,
351 1235 436 1304 illud
458 1256 521 1303 non
545 1241 604 1302 est.

206 1465 244 1529 a,
267 1446 317 1516 69,
363 1447 533 1535 Neptunus
556 1445 648 1516 Ulixi

334 1556 503 1628 Κύκλωπος
528 1555 721 1638 κεχόλωται,
746 1550 778 1620 ὀν
800 1556 966 1637 ὀφθαλμοῦ
989 1553 1143 1622 θλοθαοεν.

167 1647 211 1720 Ad
240 1658 312 1728 hose
341 1683 381 1728 ex
410 1659 486 1728 HM
516 1659 666 1728 Scholion
689 1666 737 1726 est
764 1661 968 1728 huiusmodi:
1002 1664 1056 1729 οὐκ
1081 1657 1126 1737 ’ἦν
1160 1661 1199 1728 δὲ
1234 1661 1347 1742 μονθ-

167 1761 344 1848 orasses
379 1769 392 1834 θ
424 1768 563 1847 Κύκλωψ
589 1767 655 1834 καθ’
677 1766 815 1850 Ὅμηρον
839 1770 877 1843 ὥς
903 1768 973 1834 καθ’
997 1767 1144 1835 'Haletos
1168 1769 1246 1860 φκοθ
1270 1775 1347 1850 γοῦν

168 1869 283 1942 ,πάντα
319 1873 351 1941 δέ
383 1876 408 1941 οἱ
440 1873 583 1958 βλέφαρ’
615 1875 703 1957 αμφὶ
727 1873 780 1965 καὶ
806 1874 926 1958 ὀφρύας
952 1875 1068 1961 („odde
1090 1872 1180 1944 εὗσεν
1201 1877 1345 1957 θῢτμῆ.”

168 1969 266 2068 Dino.)
287 1984 327 2073 (s,
353 1981 453 2070 ³89),
476 1983 537 2064 οὐχ
559 1983 598 2055 ὥς
624 1980 804 2063 Θεόκρντος·
832 1979 961 2061 ηοθνενιοθ
984 2006 1036 2064 μον
1064 1991 1206 2051 πλατεῖα
1229 1987 1344 2068 (immo

168 2087 268 2174 ossis)
301 2089 359 2171 μὲν
394 2087 490 2170 ὀφρὺς
522 2087 572 2154 ε’τὶ
605 2089 699 2156 ταντὶ
731 2089 893 2172 nestero?
922 2090 1216 2172 μονόφθαλμος
1241 2088 1289 2159 οὖν
1313 2085 1346 2167 ἦν

170 2191 228 2256 sat·
254 2193 407 2284 Ὅμηρον,
438 2201 492 2264 τοῦ
524 2195 586 2270 ἓνός
617 2199 713 2263 αὐτοῦ
745 2198 909 2279 ὀφθαλμοῦ
941 2197 1219 2282 οτροτυφλωθθντος.
1270 2199 1348 2266 Fuit

170 2303 286 2384 quiite
315 2305 471 2372 iudicaret
500 2303 723 2381 Aristarchus,
754 2303 938 2372 oritieorum
971 2308 1161 2391 acerrimus,
1192 2309 1245 2372 oui
1268 2305 1346 2374 hoec

170 2407 334 2480 vindienvit
357 2408 495 2478 Oobetns
518 2408 555 2475 V.
581 2407 629 2477 (ll.
653 2408 704 2476 Ne
727 2414 836 2476 sutem
852 2408 1057 2477 Aristerohue
1077 2414 1230 2498 ineptiut,
1251 2411 1347 2497 idque

170 2511 259 2587 eliens
282 2517 394 2605 eulpa,
407 2555 449 2566 -
463 2519 581 2585 etenim
605 2519 640 2583 in
662 2515 723 2584 line
744 2522 894 2584 monente
916 2515 1081 2584 Dindorfio
1104 2518 1348 2601 „uoluptatum

171 2621 364 2694 obliteratum
393 2624 427 2690 iu
457 2622 527 2703 H,''
553 2661 594 2673 -
619 2623 853 2691 emendandum
881 2630 929 2692 est
961 2624 1274 2707 θτερόφθαλμος
1298 2618 1349 2691 οὖν

52 2723 53 2744 ³
171 2721 290 2801 insat
318 2735 470 2813 Ὅμηρον,
503 2732 587 2818 quod
618 2734 785 2818 oseupsvit
816 2751 964 2818 reponere
996 2729 1146 2800 Oobetus.
1191 2730 1259 2800 Neo
1288 2752 1349 2820 ego

169 2856 239 2908 none
273 2841 371 2907 huius
405 2836 526 2905 Scholii
556 2837 753 2905 mentionem
783 2841 979 2912 interissem.
1012 2839 1076 2905 nisi
1106 2843 1139 2903 et
1163 2837 1202 2906 de
1226 2857 1263 2904 eo
1286 2835 1350 2905 olis

169 2949 310 3030 quosdam
334 2951 437 3012 essent
459 2945 616 3012 monendo
639 2949 672 3011 et
694 2945 734 3012 nb
758 2967 795 3014 eo
819 2949 884 3012 inm
908 2946 1074 3013 emendato
1103 2944 1241 3013 nliomm
1260 2945 1350 3012 seho-

168 3047 271 3122 liorum
295 3053 532 3122 emendationes
554 3051 752 3140 repetendae.
800 3055 1013 3139 ltprimum
1036 3073 1099 3120 non
1121 3058 1246 3120 reetum
1266 3050 1349 3118 mihi

168 3161 282 3230 videtur
306 3161 391 3248 quod
413 3161 448 3226 iu
471 3159 575 3226 fronte
599 3159 734 3247 legn'tur:
760 3161 812 3226 οὐκ
834 3155 867 3235 ἦν
887 3157 923 3226 δὲ
943 3158 1164 3239 μονόφθαλμος
1183 3157 1350 3240 θΚθκλοψ

52 3263 53 3270 ’
168 3269 223 3333 καθ’
244 3269 402 3349 Ὅμηρον,
425 3286 564 3356 proquo
584 3268 710 3352 requiro
730 3264 890 3332 solennem
912 3265 1122 3333 eoneludendi
1140 3265 1349 3352 porticulum:

167 3373 208 3442 οὖν
231 3373 265 3454 ἦν
289 3374 369 3456 θρα
391 3375 631 3457 μονθφθαλμος,
654 3372 794 3440 confusis
816 3373 913 3439 modo
933 3393 997 3438 non
1020 3375 1127 3440 minus
1149 3372 1272 3440 solenni
1296 3371 1348 3457 δέ,

52 3507 53 3512 ’
166 3483 235 3567 sip,
262 3483 335 3567 ἄρα.
363 3480 442 3570 (cfr.
467 3485 531 3549 io.
555 3479 644 3547 Bost.
669 3477 796 3548 Oomm.
820 3478 987 3568 Pslseogr.
1011 3501 1044 3567 p.
1068 3478 1159 3568 713.)
1208 3478 1279 3565 Sis,
1304 3516 1349 3532 -

52 3631 54 3754 l

52 3823 54 3922 l

52 4025 54 4064 i

166 3599 195 3658 ut
220 3595 269 3660 rei
299 3591 600 3679 pervulgatissimus
631 3586 779 3674 exempla
809 3586 955 3664 efferum,
980 3623 1024 3638 -
1047 3590 1081 3654 in
1112 3590 1234 3663 νεκυίας
1257 3595 1349 3675 purte

167 3697 254 3766 nitore
282 3703 413 3766 notetur
444 3695 528 3761 iuter
549 3692 727 3761 Aristarchi
751 3693 840 3760 ethet
826 3698 909 3760 teser
932 3693 971 3760 sd
995 3714 1042 3761 vs.
1070 3693 1154 3764 570.
1179 3695 1247 3760 οὐκ
1271 3719 1350 3776 αρα

166 3803 322 3885 θτοξῆλθεν
355 3804 516 3881 ὀΜθνονο,
540 3799 590 3868 ἵνα
613 3801 757 3883 συνοφθῇ.
782 3798 898 3879 ἄλογον
923 3800 987 3883 yslo
1010 3802 1044 3867 τό
1070 3801 1180 3867 καθ
1147 3825 1202 3867 ονν
1225 3799 1348 3886 δικαζο-

165 3912 255 3988 μθνοος
288 3911 340 3976 καὶ
373 3911 457 3989 αὐτῷ
489 3909 584 3991 δόφρορ
618 3905 760 3983 ἐξελθεῖν.
805 3905 845 3973 lu
874 3927 937 3994 quo
960 3907 1043 3988 loeo,
1070 3929 1109 3974 ex
1134 3907 1234 3976 Oodd.
1257 3907 1347 3990 HQ'I'

165 4019 260 4103 edito,
283 4015 476 4084 Herleiunus
497 4021 604 4083 noster
626 4013 687 4102 (Η)
707 4014 806 4081 simul
824 4035 900 4080 eum
919 4014 1161 4104 Hsmburgensi
1180 4014 1235 4103 (Τ)
1255 4015 1349 4098 λθνον
1390 4001 1398 4010 ’
1487 4089 1490 4094 ,

165 4127 217 4208 etp
239 4124 391 4212 praebent
412 4121 609 4210 ρτοθλονον
632 4121 714 4206 γαρ,
739 4119 933 4203 bellissime,
956 4126 994 4188 ut
1017 4128 1158 4210 oppsret.
1188 4125 1213 4208 ¹)
1257 4121 1348 4190 Idem

188 4312 214 4372 1)
235 4307 343 4376 ,Quippe
359 4307 404 4357 hoe
420 4306 471 4372 ogit
487 4305 584 4356 eritirns
599 4330 676 4342 —-·
692 4306 721 4353 ut
737 4303 883 4352 demonstret
899 4319 1011 4370 ροτοοοιοι
1029 4321 1087 4368 qun
1104 4304 1144 4355 hie
1161 4309 1281 4364 reoenmt
1298 4321 1348 4357 om·

52 4427 53 4468 2
163 4409 196 4445 ors
221 4393 300 4442 sidere
325 4405 372 4439 nnn
392 4389 497 4456 potuisse
522 4389 642 4454 Ulyssem,
668 4391 695 4436 ut
718 4386 760 4450 qni
781 4385 880 4434 κίονα
896 4387 1009 4450 sunguine
1027 4387 1117 4452 repleto
1135 4403 1183 4438 uon
1199 4386 1347 4439 itemesti&

52 4469 53 4526 l
163 4477 249 4527 lnttm.
