3330 5144
684 393 689 400 .
762 335 828 410 235

243 530 375 600 Proreus
409 531 495 600 idem
529 534 648 600 sactum
684 541 730 600 est
762 534 873 620 stetim
905 533 985 598 inire
1017 535 1051 618 ip
1081 531 1201 600 scholio
1233 556 1271 600 ex
1297 530 1324 600 u
1350 529 1388 600 cd

198 663 243 708 νε.
272 639 346 706 181.
389 639 552 706 Menelaus
587 644 780 706 enumeratis
816 639 989 722 beneficiis,
1025 639 1140 724 quibus
1175 643 1204 706 ei
1237 639 1386 718 Ulixem,

197 749 226 812 si
254 747 357 812 adhuc
388 749 421 811 in
448 749 530 812 vivis
553 753 651 823 esset,
677 746 799 812 efficere
821 749 1020 832 propositum
1044 755 1127 821 erat,
1155 747 1255 812 tristis
1279 747 1385 813 addit:

198 854 286 920 θλλὲσ
310 857 352 920 τὰ
375 853 433 931 μέν
458 877 515 918 acc
539 853 654 930 uittae
680 851 876 931 ιθνιθσσεσθκι
901 853 964 924 θεὸς
988 852 1095 925 odric.
1118 851 1285 920 Lemmata
1297 855 1387 918 ἀλλὰ

199 960 241 1025 τῴ
266 957 322 1038 μέν
345 983 403 1026 roo
427 957 543 1036 μέλλεν
567 961 739 1045 praemisso
763 959 948 1026 adnotatur:
973 959 1061 1024 ἀλλὰ
1085 963 1190 1024 scira
1216 959 1272 1035 μὲν
1305 958 1389 1040 ἐῴκει

202 1067 265 1153 [ε’-σθ
291 1066 404 1140 adicer
430 1069 501 1145 παρ’
527 1065 666 1153 Ὁμήρῳ]
690 1068 925 1146 φθονήσειν,
946 1065 1125 1140 spartium,
1151 1067 1388 1146 σθσστρέῴκσθκι

199 1175 285 1254 παρὰ
318 1175 389 1246 Διὸς
420 1175 492 1250 ἡμῖν
517 1172 791 1251 incaeptum.
827 1172 879 1238 Ad
902 1173 1060 1250 Φθσνῴσειν
1084 1170 1282 1238 Dindorfiue:
1312 1179 1390 1249 „aut

199 1283 348 1362 Φθσνῆσσιι
378 1278 579 1346 scribendum
592 1303 605 1356 ‚⁴
633 1291 690 1344 aut
719 1282 753 1344 in
785 1282 939 1365 proximis
969 1278 1114 1344 futurum
1142 1278 1385 1346 restituendum.

200 1388 284 1456 Nam
309 1386 479 1454 scholiasta
503 1387 635 1452 verbum
660 1389 886 1470 interpretatur
909 1389 943 1450 in
964 1383 1055 1452 libris
1077 1384 1148 1452 aliis
1168 1385 1388 1463 ἀγάσσασθαι,

201 1493 272 1562 ullis
304 1496 353 1580 (ut
385 1492 432 1577 Μ)
464 1491 660 1571 σθγσθσσεσθκι
685 1491 874 1578 scripturn.’'
921 1491 1013 1557 Nihil
1036 1491 1133 1557 refert
1157 1493 1195 1558 cd
1219 1491 1389 1558 lectionem

200 1599 313 1668 scholii
343 1599 599 1682 diiudicandum.
631 1609 741 1664 utrum
771 1602 805 1664 in
828 1597 969 1664 Homero
994 1598 1199 1675 dedecoratae
1223 1599 1391 1684 probetur,

201 1729 241 1774 an
266 1742 308 1756 -
333 1706 417 1792 qood
449 1706 502 1770 hic
525 1727 599 1772 eane
621 1705 725 1771 solum
749 1712 874 1770 rectum
897 1711 945 1770 est
970 1742 1010 1752 —
1036 1704 1243 1782 ῴνιθσσεσθσι.
1278 1701 1392 1770 Gram-

202 1815 313 1880 matici
341 1819 463 1879 veteres
490 1832 599 1878 omnes
628 1813 774 1878 unanimi
806 1831 958 1878 consensu
985 1832 1024 1876 ex
1047 1810 1227 1878 Aristarchi
1250 1811 1393 1878 doctrina

202 1920 410 1990 Homericum
444 1920 559 1996 μείιιιεν
584 1920 831 2004 interpretentur
854 1939 910 2004 per
934 1917 1035 2001 ε’ῴκει,
1062 1955 1103 1966 -
1128 1918 1337 1984 disertissime
1359 1921 1393 1984 in

203 2030 318 2096 uostris
342 2028 382 2094 od
406 2053 427 2092 ιι
454 2025 536 2092 232:
562 2025 642 2100 σιθσκ
669 2028 685 2100 ti
714 2023 795 2100 λέξις
827 2023 969 2090 addicere
991 2033 1091 2090 κεῖσιιι
1113 2025 1199 2104 acepit
1220 2028 1261 2104 τῷ
1284 2034 1392 2108 cornei

204 2138 241 2208 ὥς
275 2136 306 2200 θν
338 2145 375 2217 τῇ
409 2135 549 2217 cornicle
580 2139 739 2213 χρονικῶν,
772 2131 847 2196 ἀλλ’
879 2131 1027 2197 ἑκιθσσσσε
1056 2132 1124 2195 ἀντὶ
1150 2138 1201 2196 τοῦ
1226 2129 1325 2210 ἐῴκει,
1356 2167 1392 2180 -

204 2244 295 2308 cuius
326 2242 380 2326 qui
409 2241 470 2306 linc
503 2240 542 2305 ad
570 2239 705 2305 Iliadem
729 2239 842 2304 docent
865 2223 951 2303 locos
975 2239 1211 2304 accuratissime
1236 2240 1394 2325 congessit

204 2346 372 2421 hebreice,
394 2346 490 2412 simul
511 2346 549 2411 de
572 2348 640 2432 ipsa
665 2345 807 2411 doctrina
830 2344 1073 2430 prudentissime
1096 2343 1277 2410 admonens.
1323 2343 1394 2410 Hoc

204 2461 312 2520 autem
344 2451 426 2535 ἐῴκει
460 2454 611 2538 quonism
641 2451 849 2539 grammatici
879 2471 954 2516 cum
978 2450 1085 2514 coristi
1106 2447 1265 2518 infinitivo
1288 2469 1396 2516 eonse-

204 2562 288 2626 oiare
311 2565 437 2643 emant,
463 2596 505 2608 -
530 2579 630 2624 unum
653 2578 692 2624 ex
717 2557 834 2624 vicinia
857 2556 964 2622 locum
989 2554 1202 2639 arcesscm‚i
1229 2555 1314 2642 274,
1339 2557 1395 2622 ubi

205 2667 301 2733 verba
324 2664 543 2743 κελευσέμεναι
568 2664 600 2730 δέ
624 2666 653 2728 c'
677 2661 809 2740 ἔμελλεν
837 2662 1013 2730 redduntur
1036 2683 1108 2749 per:
1132 2665 1302 2744 προτρέψαι
1315 2662 1346 2728 tt
1359 2687 1394 2728 σε

205 2770 289 2852 ἐῴκει
322 2773 335 2838 θ
359 2773 422 2845 θεὸς
447 2787 527 2850 κει,
556 2809 598 2820 -
621 2770 704 2836 nihil
728 2772 835 2836 verius
859 2777 907 2837 est
931 2788 1025 2854 quarn
1049 2777 1155 2835 nostro
1180 2790 1303 2855 quoque
1327 2770 1396 2838 loco

204 2879 407 2946 scribendum
424 2878 506 2944 'esse
535 2898 591 2963 pro
619 2877 726 2943 futuro
758 2879 912 2942 aoristum
945 2876 1104 2958 Φθννῆσσιι.
1152 2875 1214 2942 Sed
1244 2876 1304 2942 hoe
1326 2876 1397 2944 leve

205 2993 268 3064 est,
295 2989 461 3052 veniamus
485 2983 524 3050 ad
547 3005 616 3050 reru
636 2984 750 3070 ipsam.
775 2983 825 3050 Ad
847 2984 942 3050 verba
962 2981 1089 3048 scholii:
1113 2982 1298 3055 ieiunidici
1321 2981 1396 3064 παρ’

205 3093 328 3172 Ὁμήρῳ
353 3094 471 3156 iterum
495 3091 572 3156 haec
596 3097 670 3155 sunt
694 3087 865 3155 Dindorfii:
895 3089 994 3167 „haec
1016 3095 1048 3154 et
1069 3109 1149 3174 quae
1169 3111 1244 3155 mor
1263 3111 1398 3175 sequun-

204 3207 259 3266 tur
289 3199 374 3280 σσρθι
399 3197 471 3269 Διὸς
497 3199 568 3274 ἡμῖν
593 3199 792 3274 ἐκπλαγῆναι
816 3193 958 3283 intelligi
983 3216 1045 3261 uon
1069 3201 1212 3281 possunt.
1239 3195 1399 3262 Videntur
1444 3182 1448 3193 ¹

206 3307 275 3374 loco
307 3306 409 3372 alieno
444 3305 535 3371 illata
566 3303 664 3370 esse.”
699 3303 736 3370 ln
770 3304 820 3368 hie
852 3313 884 3368 et
913 3302 1035 3388 aliquid
1062 3306 1127 3370 veri
1149 3311 1198 3369 est
1223 3315 1254 3369 et
1277 3302 1400 3388 aliquid

207 3413 288 3480 talei.
337 3411 456 3478 Verum
491 3417 538 3478 est
572 3411 730 3497 prioribus
763 3409 845 3488 illis,
882 3430 962 3495 quae
996 3413 1063 3495 ipso
1094 3431 1218 3496 quoque
1252 3409 1399 3476 cancellis

207 3522 308 3606 sepsi,
343 3519 493 3584 orationis
524 3539 641 3584 nexum
671 3516 862 3583 conturbari.
908 3514 1030 3582 Verum
1062 3525 1128 3588 est.
1161 3517 1195 3581 in
1229 3519 1398 3603 postremis

208 3647 289 3712 quae
322 3627 447 3691 notavit
480 3622 662 3720 Dindorfius
693 3625 826 3689 verbum
859 3622 1057 3699 ἐκσκκνῆνσι
1086 3621 1214 3687 nullum
1246 3624 1397 3688 idoneum

208 3754 336 3798 sensum
367 3729 496 3797 reddere
525 3740 619 3816 atque
649 3729 725 3795 adeo
756 3734 941 3813 corruptum
965 3728 1077 3794 videri.
1125 3727 1210 3808 Quid
1232 3729 1329 3795 lateat
1356 3749 1402 3794 re-

207 3841 308 3928 perire
341 3838 424 3904 mihi
456 3858 518 3903 non
549 3839 704 3924 contigit,
736 3835 832 3900 fuisse
863 3833 985 3919 aliquid
1009 3835 1092 3920 quod
1115 3833 1289 3924 significet:
1316 3835 1401 3914 σσρθι

209 3946 281 4019 Διὸς
307 3947 379 4022 ἡμῖν
403 3943 579 4023 acuiliter,
603 3945 786 4024 χσρισθῆνκι
807 3939 859 4006 vel
879 3940 986 4006 simile
1005 3941 1099 4026 quid,
1121 3940 1400 4008 verosimillimum

209 4053 292 4118 mihi
324 4052 460 4119 videtur.
497 4049 559 4116 Sed
590 4051 650 4116 hoc
682 4057 766 4115 certe
790 4069 901 4115 verum
926 4045 1008 4112 mihi
1031 4069 1094 4113 non
1119 4048 1263 4125 videtur,
1287 4046 1404 4113 ultime

209 4160 287 4225 haec
321 4158 418 4225 verba
455 4157 543 4235 „loeo
575 4156 678 4223 alieno
708 4154 1026 4239 illataesse;'’quin
1051 4155 1189 4220 suntad
1212 4156 1403 4220 sententiam

210 4265 398 4352 explendam
430 4271 557 4330 tantum
578 4285 641 4330 non
666 4265 851 4339 necessaria,
879 4262 963 4348 quod
989 4267 1058 4327 tum
1084 4263 1181 4327 etiam
1206 4261 1322 4327 clarius
1347 4282 1403 4347 ep-

210 4371 350 4460 purebit,
380 4373 436 4438 ubi
467 4371 635 4458 aliquando
660 4371 901 4458 cognoverimus
932 4369 1008 4454 quid
1037 4389 1092 4453 pro
1117 4373 1263 4454 corrupto
1287 4369 1404 4438 ultimo

211 4481 307 4546 verbo
328 4489 406 4543 certo
429 4482 472 4544 sit
494 4477 739 4546 restituendum.
786 4475 954 4561 Superiora
977 4485 1087 4540 autem
1111 4475 1183 4542 illa:
1211 4475 1261 4542 ἐπὶ
1289 4477 1401 4554 adicus
