3278 5148
693 305 766 378 315

135 509 173 568 ut
196 522 226 570 ν.
253 523 279 568 c.
305 501 344 568 ed
370 503 388 568 δ
412 500 478 567 406
502 501 541 568 de
565 521 641 566 voce
665 501 742 578 όδμή
773 503 972 568 observetur:
1001 505 1017 578 ή
1045 497 1128 572 λέξις
1146 489 1250 577 μέση,
1274 488 1326 562 καί

136 613 280 690 σημαίνει
312 611 384 677 ποτέ
417 610 473 688 μέν
503 610 648 693 εὐοδίαν,
681 608 755 673 ποτὲ
788 609 819 673 δέ
845 609 1002 674 δυσωδίαν.
1050 607 1103 673 Sic
1126 611 1233 672 nostro
1259 605 1328 669 loco

135 719 345 785 admonemur
369 715 454 790 δόλος
479 721 510 782 et
533 717 645 787 δολίοις
671 720 703 780 et
727 718 760 779 in
783 715 1042 804 bonemfpartem
1063 710 1326 798 usurpari‚quod

136 847 220 891 nunc
244 825 389 901 obtinet,
412 829 444 888 et
463 826 501 887 ¹in
526 821 658 888 malem.

184 1065 218 1115 η,
244 1035 319 1102 333.
366 1036 529 1102 Recte-ed
553 1036 637 1101 buno
663 1055 789 1102 versum
815 1041 847 1100 et
871 1035 910 1102 ed
936 1035 1032 1102 verba
1056 1033 1117 1111 ἐγὼ
1144 1031 1176 1098 δέ
1199 1057 1234 1096 κε
1268 1053 1329 1096 πα-

137 1145 212 1226 τρίδ’
244 1145 365 1220 ίκοίμην
393 1143 590 1221 reseruntur,
624 1163 703 1227 quoe
729 1142 818 1208 nullo
842 1142 995 1207 lemmate
1018 1141 1141 1206 adiecto
1164 1139 1261 1205 babet
1282 1138 1328 1203 P:

137 1251 297 1329 δαιμονίως
322 1252 351 1315 ἐν
369 1259 440 1322 ταῖς
461 1251 636 1328 οίποκρίσεσι
654 1253 707 1313 τοῦ
721 1249 827 1327 νόμον
840 1252 926 1335 (cum
940 1250 1110 1333 Nausicaa)
1122 1249 1183 1314 οὐδ’
1198 1247 1328 1311 οἰκοῦσαι

138 1355 400 1437 προσεποιήσατο,
435 1355 522 1419 dead
554 1354 644 1432 μόνου
670 1361 732 1418 τοῦ·
748 1355 863 1420 νόστου.
911 1355 1037 1420 Ultima
1059 1354 1149 1420 nulio
1172 1359 1265 1439 pacto
1288 1353 1328 1416 ab

138 1465 270 1529 οίκοῦσαι
301 1462 434 1548 pendero
463 1467 610 1547 possunt;
642 1460 775 1526 debebat
806 1463 888 1526 enim
921 1479 1003 1528 esse:
1037 1462 1125 1526 όλλόο
1156 1461 1247 1536 μόνον
1273 1462 1327 1524 τοῦ

138 1577 250 1651 τυχεῖν
280 1573 333 1632 τοῦ
363 1567 480 1632 νόστον.
528 1567 598 1632 Non
632 1573 738 1632 temen
770 1568 829 1632 hoc
852 1567 1022 1632 desiderari
1046 1567 1248 1642 crediderim,
1274 1563 1327 1630 sed

134 1679 168 1740 in
192 1674 253 1740 fine
276 1673 505 1760 supplendum:
530 1675 618 1738 οὶλλοδ
642 1671 733 1750 μόνον
757 1678 811 1738 τοῦ
837 1673 942 1768 νόστου
966 1675 1180 1764 (ἐμνήσθη).

187 1888 219 1964 ό,
245 1885 299 1951 23.
347 1885 496 1950 Minerva
518 1883 647 1949 Ulixem
672 1883 775 1950 forma
797 1900 829 1950 et
852 1885 976 1951 viribus
1000 1891 1096 1974 auget
1120 1889 1272 1969 ornetque

320 1989 358 2064 oie
382 2015 435 2056 κεν
460 2029 500 2040 --
516 2029 533 2040 -
560 1988 749 2056 ἐκτελέσειεν
772 1991 899 2063 οόίόλσυς

319 2099 472 2181 πολλούς,
498 2097 567 2168 τοὺς
594 2098 725 2172 Φαίηκες
752 2097 947 2177 ἐπειρήσαντ’
974 2097 1134 2172 Ὀδυσῆος.

96 2209 99 2214 '
137 2206 300 2273 Ultimum
332 2225 460 2270 versum
493 2202 670 2269 Zenodotus
700 2203 874 2269 insiticium
906 2205 1086 2271 iudicabat:
1110 2205 1217 2269 οίίετεῖ
1239 2203 1330 2276 Ζηνό·

138 2315 231 2384 δοτος.
258 2313 291 2376 οὐ
317 2311 379 2390 yde
404 2310 537 2382 πολλοὺς
563 2310 703 2373 ἐτέλεσεν
727 2310 757 2372 ἐν
782 2311 936 2394 Φαιοικίρι1
958 2312 1032 2375 αλλ’
1053 2311 1208 2376 ἐδίσκευσε
1230 2308 1331 2387 μόνον.

141 2418 229 2504 (HQ)
262 2416 374 2483 Sintno
404 2417 481 2482 haec
511 2417 690 2481 Aristonico
721 2436 760 2481 an
792 2416 934 2503 Didymo
966 2420 1072 2501 potius
1107 2415 1329 2490 adscribenda,

139 2535 213 2612 post
245 2523 446 2606 videbimus,
482 2522 537 2587 ubi
568 2522 606 2587 de
637 2523 888 2609 corruptissimis
919 2520 986 2587 illie
1016 2523 1054 2588 de
1077 2522 1234 2588 industria
1257 2543 1331 2609 age·

138 2653 230 2714 mue,
254 2625 396 2716 quee'ex
420 2629 594 2694 Herleieno
618 2627 741 2714 prolate
765 2627 947 2694 Diodorfius
970 2628 1054 2694 inire
1072 2635 1198 2695 textum
1219 2628 1329 2693 detru-

138 2728 212 2805 sit.¹
239 2737 332 2804 Nunc
356 2742 482 2802 tentum
506 2735 627 2802 bellum
649 2734 731 2800 illud
757 2734 890 2805 πολλοὺς
910 2733 1052 2800 ἐτέλεσεν
1070 2735 1329 2800 animadversum

138 2843 254 2922 velim,
286 2845 370 2930 quod
400 2844 483 2909 mihi
506 2846 539 2908 in
564 2845 750 2908 memoriam
772 2846 901 2908 revocat
924 2863 986 2906 non
1010 2843 1119 2906 minus
1142 2840 1219 2907 belli
1240 2840 1330 2906 illiue

139 2949 224 3036 epod
244 2949 467 3018 Theocritum:
489 2949 506 3024 ή
528 2953 564 3030 ρὀο
578 2949 743 3014 τολύνοιό
757 2945 875 3032 έσινες;
889 2947 1057 3034 quodcum
1073 2947 1256 3014 Meinekius
1268 2949 1331 3034 ipsi

138 3060 250 3143 poetae
269 3059 504 3143 exprobrasset,
522 3055 599 3122 olim
621 3077 639 3120 e
659 3052 778 3122 Cobeto
796 3055 918 3140 optime
937 3061 1083 3122 sanetum
1096 3057 1189 3120 estin
1202 3053 1220 3130 ή
1233 3055 1331 3122 πολὺν

138 3161 213 3229 οίνον
236 3161 352 3242 ἐπινες;
378 3161 463 3229 Nam
488 3166 515 3227 si
535 3153 574 3229 ad
597 3162 692 3226 τολὺν
712 3161 882 3227 subaudire
903 3161 1011 3228 licebit
1031 3157 1123 3238 οίνον,
1144 3161 1183 3226 ad
1196 3164 1329 3236 πολλοὺς

138 3269 268 3348 δόλους,
302 3269 430 3336 difficile
463 3269 552 3335 dictu
576 3271 656 3352 erit,
681 3267 759 3354 quid
783 3267 822 3334 ed
846 3269 942 3342 σολός
968 3268 1160 3356 cogitatione
1184 3269 1331 3354 supplere

137 3397 201 3444 nou
235 3376 340 3442 liceat.
387 3375 458 3461 Ipse
493 3396 555 3442 non
589 3376 702 3440 dubito
738 3377 816 3460 quin
854 3376 1093 3441 substantivum
1132 3396 1148 3440 e
1180 3375 1257 3463 fuga
1288 3376 1331 3441 sit

138 3481 382 3550 retrahendum:
418 3485 450 3547 οὐ
484 3483 547 3561 γόορ
576 3483 708 3554 πολλοὺς
744 3480 915 3569 (δόλους)
946 3483 1085 3546 ἐτέλεσεν
1116 3482 1146 3546 ἐν
1171 3482 1326 3558 meede,

139 3589 223 3674 quod
245 3610 301 3654 our
321 3589 464 3656 excidere
483 3591 622 3674 potuerit
641 3587 746 3673 palam
767 3593 824 3652 est.
849 3586 923 3654 Non
941 3587 1082 3652 absimili
1101 3607 1205 3654 errore
1223 3589 1238 3650 ί
1254 3585 1331 3670 184,

139 3697 195 3760 ubi
229 3698 264 3760 in
298 3695 331 3760 H
365 3702 413 3761 eet
446 3695 644 3775 προδιορόοίσει
676 3695 845 3776 κέχρηται,
878 3693 927 3759 ἵνα
960 3696 1004 3770 μή
1028 3695 1099 3777 δοκῇ
1125 3693 1328 3761 νεανιεύεσθαι

138 3801 292 3877 ε’πιπηδῶν
315 3811 378 3875 τοῖς
403 3801 523 3880 οόίλοις,
548 3801 575 3867 'P
598 3803 728 3887 praebet
752 3800 972 3881 προσδιορίόισει
997 3802 1027 3866 δέ
1051 3807 1185 3882 χρῆται,
1211 3797 1328 3880 ἵναμή

138 3909 209 3992 δοκῇ
233 3917 295 3982 τοῖς
319 3907 426 3980 ἄλλοις
451 3911 615 3984 ἐπιπηδᾶν.

184 4127 216 4204 ό,
243 4123 296 4189 59.
343 4131 435 4190 τοῖσιν
460 4123 486 4187 δ’
511 4122 667 4192 ’Λλκίνοος
690 4123 874 4189 δυοκαίδεκα
898 4127 975 4201 μῆλ’
999 4125 1146 4206 ἱέρευσεν,

343 4231 418 4296 όκτιδ
443 4229 470 4294 δ’
494 4227 693 4309 ἀργιόδοντας
719 4227 795 4306 ὕας,
821 4230 871 4295 δύο
898 4231 924 4296 δ’
947 4231 1104 4303 εἰλίποδας
1128 4231 1213 4308 βοῦς.

137 4337 390 4423 Reprehenditur
418 4357 530 4413 oeene,
563 4341 599 4399 ot
622 4357 678 4421 pro
702 4339 909 4432 conuiuarum
932 4359 1066 4405 numero
1089 4359 1202 4424 perum
1227 4335 1326 4404 lauta.

138 4443 332 4528 Μέμφονταί
354 4469 433 4514 τινες
458 4447 495 4516 ὥς
516 4444 612 4520 ὀλίγα
633 4445 929 4528 παρασκευάσαντος
947 4445 1104 4511 Ἀλκινόου
1117 4454 1178 4518 τοῖς
1194 4443 1327 4534 Φαίαξι,
