3330 5144
843 343 906 414 178

276 538 358 603 mihi
390 539 620 606 restituendum
652 537 757 604 visum
783 543 848 621 eat,
871 536 907 602 ri
930 535 970 604 δέ
993 535 1167 618 ἐγαλιτέον,
1192 539 1225 602 at
1247 535 1292 602 aio
1316 533 1463 620 probasse

274 649 466 733 scripturam
489 646 531 711 τιθ
555 646 598 712 δε.
644 642 757 711 'Potius
779 643 1003 730 disputationis
1025 663 1153 710 summa
1175 645 1278 732 igitur
1299 643 1377 708 baec
1403 645 1461 708 eat.

276 753 347 818 Trio
370 752 491 819 scholia
511 751 667 818 habemus
690 753 724 815 in
742 749 794 827 Μ,
815 751 870 818 sed
888 749 982 836 paulo
1000 750 1131 818 contusa
1145 754 1178 815 et
1189 752 1236 816 sic
1247 748 1463 835 dispesoeuda.

275 859 423 924 Primum
445 858 620 925 Herodiaai
644 859 834 923 sententiam
858 858 998 926 breviter
1021 859 1161 944 exponit.
1194 855 1311 924 τώδεε
1332 841 1464 935 raptio?

271 965 426 1042 τινητέον,
451 963 500 1031 ἵνα
524 964 610 1047 sonte
635 963 742 1029 δυϊκθν.
778 962 925 1030 Alterum
957 986 995 1030 ex
1026 966 1182 1031 sententia
1207 963 1461 1030 adveneriomm

272 1073 396 1139 dictum
425 1079 491 1138 cst:
523 1072 556 1137 τὸ
580 1071 620 1136 δέ
644 1070 812 1150 ἐγνλιτέιν.
837 1071 984 1138 Tertium
1007 1073 1207 1159 exegeticum
1230 1075 1296 1146 eat,
1319 1071 1366 1136 ita
1388 1090 1462 1155 sup·

273 1179 443 1265 plandumz
477 1177 532 1264 (ri
564 1178 678 1263 τώδε)
710 1177 857 1246 δεικτικὸν
888 1179 919 1244 ὃν
949 1179 1038 1254 δηλοῖ
1064 1177 1120 1250 τέιν
1144 1175 1374 1262 (ἐγγύτητα
1399 1175 1463 1242 αθ·

272 1288 371 1372 τῶν.)
417 1285 597 1352 Secundum
628 1291 660 1350 et
683 1286 815 1350 tertium
840 1288 887 1350 est
910 1286 1008 1350 etiam
1032 1285 1067 1348 in
1089 1282 1124 1349 Η
1150 1283 1266 1360 remes.
1290 1303 1321 1368 p.
1346 1283 1393 1369 ιι)
1418 1319 1460 1331 -

273 1414 312 1459 an
335 1393 381 1458 ibi
401 1412 525 1477 quoque
545 1391 580 1456 τδ
599 1390 697 1457 τώδε
715 1390 806 1470 ἐγκλ.
831 1387 1005 1476 scriptum?
1025 1427 1070 1440 -
1090 1391 1206 1458 omisso
1226 1395 1334 1456 tamen
1346 1387 1378 1453 δέ
1390 1393 1461 1474 post

271 1499 433 1572 δεικτικθν,
468 1497 553 1564 unde
583 1497 720 1583 suspicio
749 1503 856 1564 nostra
885 1494 1110 1573 confirmatur,
1142 1517 1216 1564 cum
1240 1496 1339 1564 semel
1366 1495 1401 1560 rt
1427 1493 1460 1561 δέ

272 1609 305 1670 iu
331 1604 365 1669 ιθ
389 1605 464 1670 reite
488 1605 632 1682 abiisset,
656 1606 692 1671 ri
715 1605 791 1669 τιέδι
815 1610 887 1670 ante
909 1603 1057 1670 δεικτικὸν
1080 1609 1116 1670 ut
1140 1623 1374 1690 supervacuum
1393 1622 1460 1667 ease

272 1714 425 1778 omissum
437 1757 445 1789 ,
470 1731 602 1796 eamque
623 1717 732 1777 notem
756 1731 812 1796 per
834 1710 1025 1796 particulam
1049 1709 1081 1776 δέ
1104 1699 1178 1778 oum
1202 1709 1461 1778 antecedentibus

272 1841 424 1903 perperam
448 1837 631 1884 connexam.
655 1816 767 1883 Solum
790 1819 936 1891 tertium,
958 1823 995 1882 ut
1013 1817 1172 1902 uidimus,
1192 1818 1357 1884 autetiam
1376 1814 1460 1880 inB.

273 1925 362 1992 Ηιιι
380 1944 455 1990 mea
471 1925 628 1990 santemia
645 1927 694 1992 eet
716 1923 755 1989 de
777 1944 810 1989 re
833 1923 865 1988 in
890 1944 1017 1990 summa
1039 1923 1196 1990 brevitate
1218 1921 1416 1990 difficillima

748 2027 784 2095 Si
807 2030 883 2115 quid
906 2032 1025 2096 novisti
1047 2031 1165 2095 rectius
1188 2031 1278 2113 istis,

456 2135 617 2204 Candidus
638 2139 785 2222 imperti;
810 2138 837 2200 si
860 2156 939 2211 non,
963 2135 1014 2201 his
1036 2141 1125 2202 utere
1147 2155 1285 2202 meeum.

318 2352 407 2432 Quod
428 2355 537 2416 autem
559 2351 689 2414 tertium
707 2349 775 2414 sive
794 2349 994 2434 exegeticon
1019 2346 1166 2414 Scholion
1189 2350 1223 2414 in
1247 2347 1285 2412 M
1307 2345 1376 2413 loco
1399 2366 1460 2414 non

273 2479 331 2524 suo
354 2459 494 2542 positum
519 2475 586 2522 esse
609 2453 703 2520 modo
723 2451 995 2530 dicebam‚deea
1014 2473 1150 2520 renunc
1170 2473 1313 2542 agamus.
1337 2453 1463 2539 Nempe

273 2585 347 2629 oum
378 2563 550 2649 prosodiois
573 2563 658 2635 istis,
685 2559 801 2644 quibua
825 2559 1028 2646 adiungitur,
1056 2558 1137 2624 nihil
1160 2559 1257 2638 habet
1279 2579 1460 2634 commuue.

274 2679 308 2735 at
326 2678 411 2736 arcte
431 2665 678 2736 connectendum
699 2673 766 2732 erat
789 2687 861 2732 cum
887 2668 944 2744 iia,
966 2687 1047 2751 quae
1065 2674 1158 2734 uotae
1177 2667 1216 2732 de
1232 2669 1463 2734 accentuvooia

276 2779 351 2843 τώδε
371 2780 406 2842 in
428 2774 465 2841 Μ
486 2773 679 2860 praecedunt
694 2793 729 2838 ac
750 2772 1018 2857 praetereaetiam
1031 2773 1064 2836 in
1077 2769 1138 2852 HQ
1150 2779 1343 2858 comparent.
1367 2772 1463 2839 Lem-

275 2886 356 2950 mati
379 2885 465 2948 enim
489 2881 573 2958 ξείνω
597 2881 632 2954 δή
655 2903 718 2944 τινε
737 2881 770 2943 in
788 2879 839 2942 bis
858 2879 961 2944 tribus
980 2878 1142 2945 codicibus
1156 2877 1284 2965 (ΗΜΘ)
1303 2879 1464 2964 adscripta

273 2991 351 3055 haec
382 2994 472 3054 sunt:
500 2987 580 3067 μθνῳ
609 2987 651 3066 τῷ
682 2987 838 3076 Μενελάῳ,
867 2985 933 3062 περὶ
966 2983 1056 3060 ξένων
1079 2986 1328 3064 εἰσαγγέλλεται
1351 2985 1402 3051 διὸ
1426 2988 1463 3051 τὸ

275 3096 431 3172 ἠδικῆσθαι
457 3093 515 3158 brt
538 3092 632 3168 ξένου.
656 3091 773 3157 Eadem
794 3090 912 3156 babent
930 3089 967 3169 V,
986 3091 1041 3157 aed
1057 3090 1310 3177 ordinepaulum
1323 3097 1462 3166 mutate,

275 3203 398 3270 duobus
427 3219 550 3286 quoque
581 3197 739 3264 scribendi
769 3196 927 3263 erroribus
953 3182 1144 3284 deformata,
1172 3219 1307 3285 quorum
1330 3205 1465 3284 uterque

273 3307 501 3398 pervulgatus,
534 3305 600 3385 περὶ
631 3301 703 3384 ξένω
735 3322 792 3389 pro
818 3302 924 3381 ξένων,
958 3311 991 3370 ot
1020 3304 1071 3370 διθι
1095 3308 1129 3371 ιθ
1153 3305 1381 3384 βεβουλεῦσθαι
1405 3325 1464 3390 pro

234 3479 237 3488 ,
274 3415 564 3496 ἐπιβεβουλεῦσθαι.
588 3410 651 3477 Ηίι
670 3413 772 3500 igitur
790 3410 992 3499 adiungenda
1008 3411 1081 3479 illa:
1103 3412 1150 3497 (ιθ
1162 3412 1196 3478 δέ
1207 3413 1297 3500 τώδε)
1315 3413 1463 3480 δεικτικὸν

273 3527 302 3592 ὃν
321 3527 410 3599 δηιοῒ
425 3524 479 3594 την
500 3519 667 3598 ἐγγύτητα
691 3519 799 3584 αὐτῶν.
825 3516 876 3583 Νι
893 3539 943 3583 rea
963 3538 1020 3603 per
1038 3539 1071 3584 ιι
1090 3522 1255 3605 perspicua
1274 3521 1464 3587 auctoritate

272 3636 393 3707 emeat,
418 3627 595 3694 adscribam
615 3645 695 3710 quae
714 3623 740 3690 'I‘
759 3623 888 3709 praebet
904 3625 939 3690 iu
956 3623 1171 3711 Appendicem
1192 3628 1308 3692 reiecta
1326 3647 1357 3711 p.
1383 3623 1461 3693 755.

276 3739 365 3806 Ξεθνω
398 3735 432 3810 δή
462 3757 525 3800 τινε
557 3733 653 3798 octbr:
685 3730 935 3810 εἰσαγγέλλεται
959 3732 1062 3808 μθνω
1087 3732 1195 3811 παρὰ
1219 3731 1316 3809 ξένω
1340 3741 1464 3800 Mese·

276 3844 373 3911 λιθου
405 3842 478 3928 (ιὶι)
513 3839 564 3906 δια
587 3837 622 3903 τὸ
646 3837 945 3918 τριβεβουλεῦσθαι
970 3837 1028 3904 brt
1051 3835 1143 3915 ξένου.
1167 3839 1200 3924 [ἢ
1224 3833 1270 3904 dre
1293 3839 1465 3918 εἷσαγγέλ·

276 3967 367 4018 λεται
402 3949 452 4015 διὰ
487 3946 522 4011 τθ
557 3945 714 4023 ἠδικῆσθαι
749 3945 835 4024 ταρὰ
864 3941 975 4028 ξένοι]
1007 3943 1049 4008 ad
1074 3943 1113 4009 tt
1136 3945 1234 4012 τώδε
1258 3945 1465 4014 δεικτικὸν

278 4059 420 4133 δηλοῦν
450 4055 522 4126 την
553 4050 763 4130 ἐγγύτητα
796 4050 939 4116 αῦτῦνι
964 4087 1006 4100 ··-·
1031 4051 1172 4124 litter.
1206 4053 1275 4120 tert
1310 4057 1363 4120 τοῦ
1390 4053 1464 4135 apic

278 4165 423 4232 ἄλλων.
469 4157 629 4224 Abstersis
661 4155 852 4222 foedissimis
887 4156 1044 4222 acnbendi
1078 4157 1214 4230 maculis
1248 4158 1341 4244 (αθνω
1376 4159 1465 4241 ταρὰ

276 4272 349 4352 ξένω
372 4265 535 4336 Μενελάου
559 4282 615 4350 pro
638 4263 733 4343 μόνῳ
756 4261 843 4340 περὶ
866 4259 984 4338 ξένων
1005 4263 1214 4346 Μενελάῳ,
1237 4285 1313 4332 mox
1330 4265 1464 4346 προβεβ.

278 4398 335 4464 pro
358 4369 754 4453 ἐπιβεβουλεῦσθαι,
779 4375 851 4434 tum
869 4368 1017 4436 δεικτικὸν
1035 4369 1143 4445 δηλοῦν
1164 4370 1378 4456 ριοδεικτιιιθν
1400 4371 1466 4459 (ὃν)

277 4486 392 4564 δηλοῖ),
417 4479 554 4550 exclusis
576 4474 675 4546 simul
697 4476 714 4554 ri
738 4471 782 4546 θιι
804 4511 824 4530 ·
838 4511 857 4528 -
877 4479 964 4566 παρὰ
982 4476 1065 4562 ξένου
1084 4500 1123 4549 ex
1141 4499 1229 4552 mero
1248 4479 1467 4576 dittogropbia
