3318 5138
867 343 931 412 ldd

300 533 347 598 its
373 537 410 600 ut
433 554 513 620 quae
535 535 569 600 in
593 533 653 601 line
676 539 838 621 ponuntur
860 535 966 620 priore
987 531 1191 600 antecessisse
1214 521 1415 626 eopiteuturs
1440 527 1490 594 tl·

302 661 362 726 qne
385 643 431 706 ita
452 640 705 728 intellegendum
731 647 779 706 est
802 663 834 708 v.
848 662 874 707 c.
900 639 1050 706 Scholion
1073 639 1088 703 θ
1114 636 1179 704 403
1203 637 1243 703 ad
1267 631 1289 718 ᾧ
1313 633 1363 702 ἔτι
1388 637 1492 709 adn:

301 747 483 828 ἀναστροφὴ
514 757 569 824 τῆς
601 746 723 826 λέξεως.
755 747 868 834 Neque
892 753 999 814 tamen
1021 748 1056 812 in
1078 767 1112 811 re
1135 744 1275 832 simplici
1298 739 1494 811 vocabulum

301 851 448 920 illaesum
478 875 496 918 e
527 855 704 920 scribarum
735 839 884 921 manibus
908 857 1021 920 evasit.
1048 853 1286 931 Ἀνὲστρατται
1310 852 1353 936 (p.
1379 845 1433 933 66,
1458 847 1495 928 2)

301 960 335 1023 in
357 957 415 1024 ΕΙ)
439 959 647 1045 depravatum
666 966 714 1028 est
733 963 767 1026 in
790 961 1061 1041 οὶντθστροιπται,
1087 955 1355 1038 ἀνεστραμμὲνιρσ
1380 957 1424 1044 lp.
1438 952 1495 1034 67,

301 1062 335 1152 4)
371 1063 423 1130 vel
459 1065 575 1132 belliue
607 1069 641 1132 in
676 1066 720 1143 E,
747 1104 786 1116 -
813 1089 852 1134 ex
886 1065 916 1131 D
946 1068 1005 1132 hoc
1035 1067 1110 1133 loco
1132 1063 1216 1131 nihil
1238 1069 1424 1136 motatum,
1450 1097 1492 1110 -

300 1167 336 1233 fit
370 1172 606 1252 οἱννραμμένης,
642 1173 809 1257 utrobique
844 1172 1061 1242 Buttmannus
1093 1192 1229 1258 pravum
1266 1176 1323 1236 aut
1360 1171 1496 1235 retinuit

301 1283 357 1341 aut
396 1279 556 1363 reposuit,
593 1277 786 1344 Harlaisnus
827 1300 940 1346 verum
976 1279 1099 1346 dedisse
1135 1278 1272 1344 videtur.
1325 1275 1495 1342 Praeterea

301 1384 504 1466 ἀναστρέφειν
539 1392 571 1450 et
593 1387 773 1466 ἀναστροφή
798 1393 918 1451 certam
942 1385 1052 1454 sedem
1073 1385 1191 1451 hahent
1214 1387 1248 1450 in
1272 1405 1308 1450 re
1331 1403 1495 1470 gramma·

303 1493 381 1568 tica,
406 1492 463 1557 ubi
486 1493 524 1557 de
548 1499 679 1558 accentu
702 1493 736 1557 in
759 1495 897 1578 priorem
921 1489 1080 1579 syllabam
1100 1490 1287 1557 retrahendo
1311 1510 1414 1556 sermo
1434 1495 1493 1566 est,

302 1597 387 1683 quod
410 1617 502 1664 nemo
525 1600 642 1676 nescit,
666 1619 702 1664 ao
726 1601 909 1684 saepissime
928 1602 962 1664 in
983 1597 1183 1664 Scholiorum
1203 1597 1362 1685 farragine
1372 1595 1496 1682 legitur

301 1713 341 1769 ex
371 1703 545 1770 Herodiani
575 1705 718 1771 maxime
748 1705 890 1771 doctrina
913 1707 1087 1791 repetitum
1111 1705 1338 1784 ἀναστρεττέον
1364 1700 1418 1766 vel
1439 1703 1495 1766 οὐκ

302 1811 539 1907 οὶνασπρεσσὲον,
554 1815 608 1882 τὴν
632 1811 778 1893 πρόθεσιν.
825 1809 942 1877 Contra
966 1811 1181 1891 οὶντιστρέφειν
1204 1815 1237 1876 et
1256 1809 1496 1889 α’ντεστραριριθ·

303 1940 351 1990 νος
374 1915 560 1983 Scholiastis
582 1917 669 1983 idem
693 1938 759 1984 esse
782 1917 867 2003 quod
890 1921 1023 1984 caeteris
1045 1919 1194 1984 omnibus
1220 1916 1260 2003 ¹),
1283 1935 1397 2002 nempe
1416 1915 1497 2000 qaod

302 2024 396 2088 οἰίοιιί
419 2023 465 2088 rei
481 2046 497 2088 e
515 2029 632 2105 cepione
650 2031 693 2088 οιθ
713 2031 912 2102 eontrarium,
933 2027 1055 2110 optime
1075 2025 1199 2110 patebit
1216 2023 1268 2090 vel
1289 2044 1329 2089 ex
1347 2025 1388 2088 iis
1413 2041 1498 2108 quae

302 2130 342 2196 ad
362 2154 386 2209 y
408 2127 471 2196 311
496 2151 581 2216 seqq.
608 2131 822 2198 observentur.
870 2131 986 2197 Nestor
1008 2137 1134 2197 narmte
1158 2129 1252 2196 caede
1275 2128 1495 2218 Agamemno-

296 2239 354 2303 ·nis
384 2243 497 2304 octavo
523 2237 656 2302 demum
679 2257 760 2303 anno
782 2259 839 2325 per
860 2237 966 2304 lilium
990 2236 1135 2305 Orestem
1157 2237 1245 2321 ulte,
1268 2243 1340 2302 tum
1361 2236 1495 2302 demum

303 2347 471 2411 revertisse
503 2342 685 2410 Menelaum
717 2345 849 2422 addens,
871 2345 978 2410 πολλοὶ
1004 2345 1142 2422 κτήματ’
1166 2342 1268 2422 ἄνων,
1295 2341 1353 2410 θσα
1379 2342 1405 2407 cl
1430 2341 1494 2413 νὶετ

305 2449 401 2533 ἄχθος
426 2450 548 2531 ἄειραν,
573 2450 646 2515 inde
670 2449 898 2516 Telemachum
922 2453 1125 2518 adhortetur:
1151 2451 1202 2516 καὶ
1229 2450 1284 2536 σθ,
1308 2451 1419 2532 Φίλος,
1449 2450 1495 2527 μδ

305 2555 381 2630 δῆθα
412 2557 510 2634 δι’μοιν
537 2555 600 2621 ciero
634 2563 704 2630 τῆλ’
727 2556 881 2632 ἀλάλησο.
929 2558 978 2623 Ad
1002 2559 1079 2624 haec
1101 2557 1198 2624 verba
1222 2539 1364 2624 scholion
1389 2563 1437 2624 est
1460 2557 1495 2621 iu

305 2661 367 2742 HQ
406 2666 513 2730 versui
553 2661 619 2728 316
654 2663 866 2749 adscriptum:
902 2663 1279 2744 &susceperuntque
1314 2663 1378 2743 γὰρ
1411 2663 1495 2729 πάνυ

265 2819 268 2826 .
305 2767 440 2849 ἔπραττε
470 2770 626 2850 βραδύνων
657 2771 672 2836 c‘
703 2772 909 2850 Τηλέμαχος.
941 2773 955 2836 ὁ
987 2773 1043 2850 μὲν
1074 2772 1137 2851 γὰρ
1162 2771 1352 2857 (Menelaus)
1376 2769 1496 2836 ἔκδοτον

202 2899 208 2915 “
305 2877 456 2942 κατέλιπε
487 2877 538 2941 τὸν
561 2877 699 2957 ἀδελφὸν
722 2885 785 2950 τοῖς
810 2878 941 2958 ἐχθροῖς,
968 2875 1020 2955 ἧκε
1044 2877 1076 2943 δὲ
1100 2879 1186 2957 μετὰ
1208 2878 1381 2960 χρημάτων
1389 2925 1398 2954 ,
1423 2877 1438 2940 θ
1463 2877 1497 2943 δὲ

306 2983 357 3048 ἐπὶ
389 2985 446 3062 μὲν
466 2994 504 3067 τῇ
528 2985 619 3064 μητρὶ
645 2983 774 3065 ἕθοθρρει,
800 2985 965 3050 ἐκινδύνευε
989 2986 1020 3051 δὲ
1045 2985 1087 3049 τοὶ
1114 2984 1295 3066 ὑπάρχοντα
1321 2985 1492 3064 ἀπολέσαι,

217 3119 222 3130 ·
307 3091 468 3172 ὑποχείρια
500 3098 562 3162 τοῖς
591 3091 706 3172 ἐχθροῖς
737 3093 844 3172 οὶΦειό.
892 3091 963 3157 Hoc
996 3091 1085 3166 vult,
1114 3090 1344 3158 Telemachum
1369 3113 1498 3177 prorsus

306 3200 461 3262 contrario
491 3197 587 3262 modo
614 3199 717 3284 egisse
741 3219 777 3264 ae
799 3197 966 3264 Menelaus
990 3204 1106 3286 egerat.
1154 3197 1191 3263 In
1216 3197 1349 3265 eandem
1373 3205 1499 3265 senten·

304 3307 385 3369 tiam
416 3303 617 3369 Herodianus
649 3305 694 3391 (in
725 3303 863 3370 Scholiis
886 3305 926 3372 ad
947 3305 1042 3371 Iliad.
1069 3317 1089 3370 Β
1116 3301 1195 3391 592)
1221 3307 1255 3370 εἰι
1279 3311 1332 3372 τοῦ
1358 3307 1497 3372 ἐναντίον

254 3398 257 3406 ’
305 3409 396 3475 dixit
444 3407 492 3482 De
516 3410 653 3475 ἐΰκτιτον
677 3405 760 3476 Αἶπυ
786 3411 951 3498 disputans
976 3412 1141 3490 Φερεκύδης
1167 3411 1196 3477 δὲ
1226 3413 1239 3476 d
1268 3413 1428 3488 Ἀθηναῖοι
1453 3450 1495 3461 -

304 3519 411 3602 inquit
436 3555 476 3566 -
502 3517 536 3582 ri
568 3518 625 3594 μὲν
647 3517 807 3596 ,εἰδιιτιτονι
832 3519 928 3597 κύριον
951 3516 1044 3596 θνσμα
1070 3518 1253 3598 παρέλαβε,
1278 3518 1313 3584 πθ
1338 3517 1370 3584 δὲ
1395 3519 1495 3598 ,alst’

305 3624 451 3702 ἐπίθετον.
483 3624 525 3689 εἰι
554 3624 592 3690 δὲ
615 3629 684 3690 τοῦ
709 3625 894 3690 ἐναντίον
918 3625 994 3698 τινὲς
1020 3625 1055 3690 rt
1078 3625 1135 3702 μὲν
1158 3625 1315 3704 ,ε’θιιτιτοθ
1342 3625 1497 3711 derideres,

305 3729 340 3794 πθ
365 3733 396 3796 δὲ
421 3731 521 3810 ‚nixd’
545 3731 652 3811 κύριον.
699 3729 771 3797 Non
794 3737 903 3796 tamen
925 3733 1111 3819 negaverim
1135 3734 1220 3798 hune
1244 3733 1341 3798 fuisse
1370 3734 1498 3818 sequio-

306 3857 379 3902 rum
401 3857 516 3922 usum,
539 3843 577 3902 ut
599 3837 832 3919 ἀντιστρέφειν,
857 3826 1148 3922 οἱντεστραμμὲνος,
1169 3837 1379 3920 οὶντιστρθφιει
1405 3859 1497 3904 usur·

345 4043 367 4100 l)
391 4041 472 4091 Instar
494 4039 602 4091 omnium
621 4040 654 4088 sit
676 4041 742 4090 loona
763 4039 861 4092 unstrut
879 4037 1039 4101 (Κιτθπλννο
1054 4059 1074 4091 ο.
1095 4043 1139 4108 lli)
1157 4058 1172 4092 ε
1189 4041 1278 4093 Goheto
1295 4045 1434 4094 emendatus
1451 4044 1496 4098 ll..

308 4131 347 4180 ubi
374 4131 481 4196 Misylus
505 4133 573 4180 sutor
594 4145 618 4179 se
640 4130 719 4180 videre
735 4129 794 4180 dicit
810 4129 850 4178 ιεαδ
870 4129 905 4180 τδι
922 4128 1063 4192 πράγματα
1081 4123 1105 4188 ie
1124 4127 1265 4193 τοθμταλιν
1289 4131 1496 4198 ἀντεστραμ-

306 4219 385 4282 μθνα
402 4221 593 4286 (spudinieros).
611 4217 678 4281 nimie
696 4217 741 4280 μδν
759 4219 808 4282 γὰρ
828 4221 852 4269 οδ
866 4218 968 4280 πίνοντες
986 4227 1113 4284 γελῶμεν,
1129 4220 1240 4274 ἀνιῶνται
1256 4221 1282 4274 dl
1298 4223 1340 4273 uui
1356 4220 1498 4286 σι’μόζονσιν

306 4315 331 4360 sl
346 4307 465 4361 πλούσιαι.
501 4311 538 4360 Ibi
555 4326 649 4376 qnoque
666 4311 721 4361 libri
739 4308 942 4374 ἀνατετραμμένα
958 4299 983 4362 et
999 4310 1186 4376 ἀνεστραμμένα
1204 4313 1323 4381 praebent.
1343 4315 1397 4380 lpse
1415 4317 1497 4364 tumen

306 4403 424 4452 Lucienus
445 4401 517 4468 paulo
538 4417 611 4468 supro
632 4401 773 4466 significarit
794 4402 852 4466 quid
875 4403 956 4454 vellete
982 4398 1015 4451 ix
1041 4399 1222 4468 διαμθτρον
1247 4403 1297 4468 γαρ
1317 4399 1373 4466 ὑμῖν
1391 4403 1412 4454 si
1432 4403 1496 4466 βθει,

308 4493 389 4558 ρων.
407 4494 438 4558 (ι.
459 4494 508 4558 ιι).
