3232 5136
829 329 873 396 80

253 517 358 585 neseio
377 519 458 606 quis.
479 519 566 600 ὀρθῶς
588 517 637 586 οὖν
656 522 670 584 οΙ
691 522 841 592 Σέλευκοι
863 519 977 602 εῖριριιεν
996 515 1041 585 ῖτι
1055 519 1103 585 δεῖ
1112 519 1303 600 προσλαβεῖν
1318 521 1342 606 ¹)
1354 492 1406 600 τὸ,
1419 523 1445 588 εῖ

252 629 297 707 μή
328 629 428 708 μήτιρρ
458 626 539 709 <puin
571 631 624 694 τοῦ
657 625 801 707 ἔμμεναι.
834 626 887 693 τοι)
918 627 981 707 γὰρ
1006 627 1031 693 si
1055 625 1107 693 νοσοῖ
1131 627 1281 702 ἐτεθνήκει
1305 625 1378 706 οῖμο
1401 629 1446 710 τῷ

252 735 395 817 γενέσθαι
428 735 479 799 τὸν
511 733 632 812 saida,
663 735 806 813 ήμήτιιρ
830 732 966 800 διδάσκει
990 738 1044 800 τοῦ
1068 736 1183 813 τοιτρδο
1206 733 1361 812 τοθνομιι·
1386 733 1447 802 xer

253 851 340 924 τεριῇ
372 842 424 906 zai
453 850 534 922 τοιρῇ
560 842 577 914 ή
601 842 749 922 μήτιρρ,
774 839 921 906 δεθιιννσιν
944 835 990 906 ὅτι
1014 841 1123 906 τούτου
1147 839 1211 906 ἐστὶ
1238 849 1325 915 τοῖς.
1374 841 1447 909 Non

252 955 301 1016 est
330 947 435 1015 indies
465 947 533 1014 ullo
561 968 641 1034 opus
670 954 707 1014 ut
736 950 961 1034 perspioiutur‚
994 970 1091 1035 quem
1123 948 1260 1015 absurdo
1280 951 1347 1015 sint
1368 949 1448 1016 hose

252 1058 370 1122 omnis.
405 1053 441 1120 Si
471 1058 591 1139 muter,
615 1057 739 1140 inquit,
760 1056 898 1142 supersit
917 1061 949 1121 et
969 1054 1070 1133 adsit,
1091 1075 1189 1142 puero
1212 1056 1350 1123 ostendit
1373 1057 1447 1143 quis

251 1164 321 1230 eius
343 1166 434 1248 petor
456 1164 499 1226 sit
521 1162 763 1228 existimandus.
787 1160 904 1229 Sinon
930 1164 1067 1248 supersit
1084 1167 1116 1229 et
1135 1183 1197 1229 non
1216 1163 1310 1247 adsit,
1329 1163 1364 1230 id
1374 1183 1449 1249 pro·

250 1270 333 1362 sento
352 1268 453 1334 fusore
474 1288 536 1334 non
555 1273 670 1353 potest.
694 1265 974 1354 veremudidem,
987 1269 1042 1336 sed
1054 1271 1126 1355 quis
1136 1269 1196 1336 hoo
1208 1268 1366 1336 doeendus
1378 1267 1448 1335 est?

250 1375 419 1442 Praetereo
438 1395 542 1440 sermo
553 1374 606 1440 hie
617 1396 680 1440 non
692 1375 731 1441 de
743 1381 846 1442 mutre
858 1395 925 1442 esse
938 1375 1048 1454 debet,
1062 1375 1118 1456 sed
1129 1374 1168 1441 de
1177 1382 1275 1458 ροθιε.
1299 1375 1349 1441 Ad
1360 1375 1448 1442 hune

251 1486 358 1551 omniu
389 1481 570 1548 referuntur
601 1479 870 1548 artificiosissimis
899 1481 1158 1568 oppositionibus
1207 1482 1318 1550 Verbis
1342 1483 1368 1547 εἰ
1392 1483 1447 1548 nai

250 1591 412 1667 ἐτεθνήκει,
437 1607 552 1674 nempe
578 1589 592 1653 ὁ
616 1589 731 1669 τοτήρ,
751 1591 921 1676 opponitur
940 1588 998 1654 κθιν
1021 1597 1108 1670 τεριῇ
1128 1588 1181 1655 sui
1202 1597 1296 1672 τινρῇ,
1309 1609 1448 1677 quornm

135 1785 139 1792 ⁸
250 1718 313 1765 non
333 1699 351 1773 ή
372 1695 483 1775 μήτηρ,
498 1695 552 1760 sed
564 1694 578 1759 θ
592 1695 695 1776 τοτθιρ
707 1695 820 1762 itidem
831 1696 1012 1762 subiectum
1025 1701 1235 1783 esseoportet.
1254 1697 1350 1764 Potre
1361 1684 1448 1765 mor-

251 1811 308 1872 tuo
327 1809 401 1871 ente
422 1806 536 1868 notum
554 1799 674 1880 filium,
695 1806 798 1868 meter
817 1807 943 1869 tuntum
955 1800 1091 1870 διδθσιιει
1104 1808 1158 1870 τοῦ
1170 1803 1285 1885 τιιτρθσ
1297 1803 1447 1884 τοθνιμιι,

251 1961 398 1975 ...ι-μ

284 2053 308 2116 1)
326 2052 456 2129 verissime
474 2053 637 2104 Buttmennus
653 2071 697 2121 pro
715 2049 799 2116 λαβεῖν
815 2057 919 2106 surrexit
935 2052 1094 2120 προσλαβεῖν,
1111 2058 1182 2122 idque
1199 2057 1351 2110 eDindordo
1364 2073 1447 2126 resep·

182 2218 185 2224 Ι
248 2146 301 2194 tum
325 2141 456 2209 oportebet
493 2145 584 2210 Quodsi
610 2145 640 2195 ob
664 2147 754 2198 eodiues
779 2147 858 2199 noluit
883 2148 1001 2217 resipere,
1028 2149 1111 2216 quidni
1136 2150 1240 2200 retinent
1267 2164 1294 2211 ρν
1319 2163 1364 2215 pro
1388 2144 1447 2212 θθρν

249 2227 277 2294 ζ,
301 2235 357 2295 44),
384 2227 478 2283 eruta
502 2249 546 2301 pro
573 2231 657 2298 θρρενεε
684 2231 761 2287 τινῖδε
788 2233 831 2298 (n,
860 2239 919 2297 14),
947 2237 1010 2305 dixu
1038 2241 1139 2302 λογμσθ
1164 2255 1208 2307 pro
1239 2236 1303 2304 δθχει
1335 2235 1447 2301 διετη-

249 2324 298 2384 peu
322 2318 357 2387 (ι,
375 2319 446 2388 831),
471 2327 517 2376 τοθ
543 2327 612 2376 λεῖον
634 2343 679 2396 pro
701 2330 747 2380 τεθ
771 2331 894 2388 ττήλοοθεν
916 2327 959 2393 (μ,
984 2327 1038 2396 84),
1060 2347 1121 2398 quse
1142 2331 1250 2393 (eolluete
1266 2348 1281 2381 ε
1297 2347 1335 2382 me
1351 2331 1400 2382 iem
1417 2332 1446 2384 in

252 2406 386 2457 Obeewett.
412 2423 435 2474 p.
459 2409 499 2468 60,
523 2410 565 2471 ol)
588 2427 636 2460 non
658 2411 737 2462 minus
758 2414 866 2464 oodienm
887 2415 1029 2465 anctoritate
1051 2415 1180 2466 nituntur?
1201 2414 1249 2480 Qui
1266 2413 1326 2464 tutin
1340 2413 1446 2466 seribere

248 2505 296 2539 non
318 2489 517 2551 reformiderunt,
539 2508 579 2543 eos
601 2493 627 2543 in
651 2494 729 2544 verbis
751 2496 932 2562 nominibusque
947 2497 1084 2564 oompoeitie
1100 2495 1285 2564 praepositiones
1301 2512 1346 2563 pro
1362 2496 1446 2548 lubitu

250 2571 367 2632 omieisse,
385 2574 431 2624 etei
449 2575 591 2642 plerumque
607 2593 662 2628 eum
680 2579 811 2629 renunties
828 2580 926 2640 domno,
945 2596 993 2630 non
1010 2581 1124 2644 estquod
1140 2579 1263 2629 miremur.
1299 2579 1334 2629 h
1349 2579 1446 2644 ingenti

248 2669 323 2716 messe
331 2655 431 2722 stipulas
438 2660 552 2724 quendum
561 2660 601 2710 hio
608 2676 701 2725 qnoque
709 2661 827 2726 eolligum,
837 2663 929 2728 nequis
939 2663 1012 2712 semel
1020 2653 1115 2714 tontum
1123 2666 1195 2728 etque
1202 2662 1291 2712 iterum
1300 2661 1344 2711 hou
1352 2662 1445 2712 metum

248 2745 374 2797 existimet
398 2764 428 2808 a,
453 2750 502 2800 298
524 2767 569 2817 pro
591 2746 721 2811 θξθμοθιιν
739 2749 754 2808 ή
772 2752 1018 2816 menadinii
1033 2757 1069 2804 est
1086 2752 1101 2811 ή
1119 2751 1206 2819 τρσιτή.
1227 2775 1261 2786 ·-
1281 2768 1313 2811 α,
1331 2752 1379 2802 346
1396 2767 1444 2817 pro

249 2833 405 2898 λαμβάνεται
428 2838 470 2889 ’στὶ
497 2843 544 2889 τοῦ
570 2837 706 2891 κειλθειν
722 2847 759 2904 (ex
776 2842 902 2894 Eustntinio
919 2847 1061 2905 eorreetum)
1077 2843 1103 2893 in
1121 2844 1191 2894 nnieo
1209 2843 1295 2893 Godioe
1311 2841 1332 2891 E
1348 2843 1384 2892 est
1400 2839 1445 2890 ἐπὶ

247 2933 294 2982 τοθ
320 2930 393 2980 λθειν.
414 2954 448 2962 -
469 2932 504 2992 β,
523 2933 553 2982 ol
571 2947 616 2999 pro
641 2929 823 2996 θτνιλθμοιχος
843 2930 1104 2998 ιιιιτιισμιιιρθνει
1121 2934 1146 2984 in
1163 2935 1187 3001 Q
1203 2937 1240 2984 est
1255 2927 1383 2995 σμιερθνει.
1406 2957 1441 2966 ·-

250 3021 268 3082 β
295 3020 327 3074 ’Π
353 3019 599 3082 τπιπτοσσοθμεθιιι
628 3046 660 3056 ·-
691 3047 714 3058 ·-
741 3021 814 3082 δήλοῖ
835 3021 861 3074 dt
887 3025 918 3075 τὸ
944 3021 1133 3089 στερνιζοιῖιεθιι,
1157 3025 1276 3089 reoeptnm
1302 3025 1445 3088 oportuerat

248 3110 393 3164 Buttmenni
416 3111 589 3162 surrectionem
612 3110 862 3177 τριστερνιζοθρνεθά,
883 3117 946 3181 qnod
968 3121 1004 3166 est
1026 3117 1053 3166 in
1074 3113 1182 3166 breviore
1204 3110 1298 3162 Scholio
1315 3127 1343 3160 ex
1360 3111 1389 3160 B.
1406 3139 1444 3152 -

247 3200 266 3260 β
289 3201 339 3252 148
361 3215 406 3268 pro
431 3197 485 3250 soti
511 3197 724 3264 θτοττιγμΐρν
746 3201 867 3255 θτοτελιῖ
887 3204 956 3256 ἀλλὰ
973 3204 1084 3268 στιγμήν
1101 3205 1117 3255 S
1134 3203 1205 3254 hibet
1221 3197 1275 3250 otto
1293 3202 1445 3263 στιγμήν

248 3287 324 3340 lm
343 3287 412 3340 ἀλλὰ
431 3290 551 3354 στιγμήν.
572 3318 606 3326 -
625 3296 656 3356 β,
673 3298 722 3349 820
739 3297 766 3348 iu
782 3296 878 3348 Seleolio
895 3313 923 3348 ex
940 3295 1069 3363 Porphyrii
1087 3293 1239 3356 Ζνιτιρμεθτιεν
1255 3313 1274 3346 ο.
1289 3297 1312 3346 1.
1330 3297 1444 3362 exoerpto

246 3383 329 3430 oontre
351 3395 406 3446 pro:
432 3381 462 3432 rt
489 3381 534 3444 ἐρεθ
562 3385 596 3444 μή
626 3383 694 3451 θχειν
723 3384 784 3437 θδθον
809 3389 877 3446 νοθν,
904 3380 964 3436 ἀλλ’
986 3383 1087 3450 ’θμιτορος
1105 3381 1218 3438 τλιῖνίο
1236 3383 1444 3450 vestimus

246 3465 389 3539 ιθτιοτλεῖν,
413 3472 458 3524 hoe
479 3474 576 3539 quidem
599 3478 672 3535 mele.
697 3479 737 3528 sed
759 3479 797 3529 vel
821 3477 877 3528 hine
900 3478 938 3528 vel
955 3494 984 3528 ex
1001 3477 1133 3544 Porphyrii
1150 3478 1254 3528 editione
1270 3479 1444 3530 adsumendum

246 3563 299 3610 eret
314 3557 423 3625 ῖμτορρν.
443 3583 475 3597 -
491 3577 520 3623 γ,
538 3565 569 3615 dd
587 3583 632 3633 pru
649 3566 827 3632 τορθτετιιι
845 3583 873 3629 ρ.
884 3585 910 3617 τ.
929 3563 1029 3628 θγσθοῖο
1048 3571 1098 3619 τθν
1116 3565 1170 3619 vim
1189 3567 1367 3631 προλαμβάνειν
1381 3572 1443 3630 τοὺς

247 3651 346 3709 λιιτοθς
371 3647 427 3710 τοῖς
452 3651 622 3718 &redamate
646 3659 673 3710 in
695 3659 715 3710 'l'
737 3663 774 3710 est
794 3656 922 3709 θτετιιι.
944 3683 976 3691 -·
998 3671 1027 3718 γ,
1042 3660 1076 3709 48
1093 3675 1137 3725 pro
1161 3654 1442 3724 (mummium

189 3805 192 3826 Ι
245 3737 450 3803 trostmar
469 3747 503 3808 τῇ
523 3738 612 3814 Ἀθήνῃ
629 3749 652 3814 Q
670 3747 741 3799 hibet
758 3747 873 3810 λθρετοι.
894 3774 927 3782 -
948 3763 978 3808 ρ’,
995 3750 1027 3798 18
1044 3765 1088 3816 pro
1105 3731 1119 3796 θ
1137 3741 1163 3796 ἒν
1180 3747 1283 3813 Γερήνοιο
1302 3747 1442 3816 deeept-

183 3831 185 3836 '
246 3831 319 3894 φοΙς
341 3833 367 3884 in
389 3833 410 3883 ‘1¹
431 3833 540 3898 τροφεθο.
561 3862 594 3872 -
619 3852 648 3899 γ,
671 3838 721 3887 200
743 3853 789 3905 pro
810 3829 836 3887 ἐν
860 3833 988 3899 τοντθμοιρ
1013 3837 1029 3896 si
1053 3837 1221 3903 τροτροτή
1244 3841 1341 3908 (nomen
1357 3841 1443 3894 eoribie

244 3919 366 3982 odiosum,
392 3924 421 3972 nt
446 3923 549 3986 videtur)
575 3926 601 3977 in
627 3927 648 3976 Τ
674 3925 689 3984 ή
714 3925 810 3992 τριῖτιρ.
833 3952 866 3962 -
886 3943 916 3990 γ,
933 3929 982 3979 293
1002 3946 1046 3996 pro
1070 3924 1085 3986 ti
1105 3929 1172 3980 ιιστθι
1195 3931 1442 3994 μετιετλεετμδν

245 4005 299 4060 εῐτε
314 4011 335 4061 'P
351 4009 418 4062 ιιοιτθι
436 4015 560 4076 τλοσμθν.
582 4039 615 4050 ··-
636 4013 667 4078 δ,
682 4017 731 4072 728
748 4035 792 4086 pro
809 4016 1003 4083 θτολοφθριτοι
1020 4021 1040 4072 Τ
1057 4015 1209 4084 θλοφιῖρετιει.
1231 4045 1264 4055 -
1285 4039 1312 4082 ε,
1329 4023 1378 4077 837
1395 4039 1442 4090 pro

245 4097 273 4150 ed
298 4105 605 4168 μετοιμεμθρφιιτειν
630 4104 677 4172 ἄρα
702 4109 736 4166 eie
759 4107 850 4160 εθθθνιιιν
872 4110 892 4160 Τ
913 4107 941 4159 oo
960 4113 1126 4176 μεμθρφειτοι.
1147 4137 1180 4146 -
1201 4107 1230 4174 ζ,
1248 4111 1439 4184 116ρτοδθνμι

244 4195 279 4258 τῇ
303 4197 353 4242 τήν
378 4187 472 4244 orer-v
498 4202 628 4264 συστροφῇ
650 4200 677 4249 in
700 4202 724 4267 Q
746 4205 851 4268 στροφῇ.
872 4226 906 4234 -
927 4197 953 4264 ζ,
974 4203 1022 4256 118
1044 4220 1088 4270 pro
1105 4201 1441 4271 domnusimperator

244 4287 294 4338 τθν
316 4278 508 4348 tues-exosum
526 4283 758 4352 διοφνλθττεε
774 4294 799 4359 Q
816 4291 949 4356 φνλεθττει.
971 4319 1003 4328 -
1025 4312 1055 4353 ιρ.
1073 4297 1105 4346 18
1122 4313 1166 4364 pro
1184 4292 1223 4346 δεῖ
1238 4291 1296 4347 νοεῖν
1311 4295 1350 4348 θεν
1366 4294 1440 4350 θετέ-

246 4387 289 4436 pac
313 4372 467 4432 εθτήλθεν
494 4375 510 4432 ἦ
535 4377 668 4429 timarete
693 4381 719 4430 in
736 4381 811 4434 'I'est
829 4378 906 4439 ήλθιν.
929 4409 961 4418 -
988 4404 1015 4443 ιι,
1034 4385 1166 4452 leprosi
1186 4411 1311 4422 -··--
1336 4403 1439 4454 τροοι·

247 4459 383 4527 νονομιῖ
397 4481 424 4512 τι
444 4463 457 4512 θ
474 4467 579 4528 τονιρτής
596 4468 622 4520 in
639 4471 664 4538 Q
680 4469 802 4533 οθνονοριεῒ.
837 4473 904 4525 Ηεεο
920 4475 946 4524 in
963 4475 1097 4542 proesentis
1112 4475 1237 4528 enffleient.
