3278 5148
699 331 763 402 317

134 532 166 596 el
197 529 243 614 E,
275 549 411 616 quorum
444 529 515 593 hie:
550 527 575 592 εί
608 529 671 597 θεὸς
705 525 831 602 ίελιίσαι
849 525 875 611 ¹)
907 524 1002 590 καλὸν
1035 533 1177 602 πσιῆσαι,
1211 529 1326 597 οὐκῶν

135 635 239 710 άλλως
266 634 550 716 κατασκευάσειεν,
574 636 664 700 άλλά
688 633 732 700 rol
758 631 866 712 ίμιιιν.

181 849 215 932 ί,
241 845 317 914 186.
351 847 388 914 In
417 848 541 936 prolixo
564 849 736 936 Porphyrii
760 847 880 914 scholio
904 849 942 914 tle
967 845 985 924 ἦ
1007 851 1262 932 μσνιρραμμιίτῳ
1287 873 1327 919 ex

135 953 162 1022 ll
189 976 290 1020 unum
317 961 443 1022 tantum
467 953 662 1022 monendum
688 955 787 1021 habeo
807 975 869 1022 non
894 957 1029 1021 niaximi
1052 955 1135 1023 illud
1159 963 1325 1025 momenti.

135 1059 213 1128 Posi
246 1060 339 1149 plura
361 1065 408 1130 ite
431 1063 574 1149 disputat
599 1063 637 1128 de
661 1083 737 1130 κοτε
762 1057 798 1140 ἦ,
823 1063 880 1128 ubi
903 1064 1021 1128 Atticis
1044 1061 1204 1152 signifieat
1228 1087 1325 1132 σιαπιι

135 1175 194 1234 τῶν
218 1167 250 1234 δὲ
275 1167 426 1235 Ἀττικῶν
450 1172 475 1235 σί
500 1171 556 1247 μὲν
580 1172 708 1252 άρχαίσι
729 1169 991 1249 μσυσρράμματυν
1012 1170 1089 1235 αὐτὸ
1110 1171 1326 1252 πρσεφέρσντσ,

137 1278 162 1341 σί
187 1277 218 1341 δὲ
242 1279 374 1356 νεῶτερσι
399 1277 454 1342 σὺν
478 1279 519 1356 τῷ
545 1302 558 1339 ν
589 1275 776 1356 καθάπερ
800 1283 873 1342 τῶν
897 1276 1184 1359 πρεσβυτέρων
1207 1279 1326 1352 τινὲι.

136 1381 229 1449 Nihil
261 1387 368 1448 mutel
392 1381 530 1448 Venetus
553 1383 599 1467 Β,
625 1387 680 1469 qui
705 1383 815 1448 eedem
839 1385 948 1448 omnis
972 1385 1011 1449 ed
1035 1393 1060 1448 Ε
1087 1383 1152 1450 533
1177 1388 1326 1452 serravit.

136 1487 249 1573 Neque
280 1499 387 1554 lemen
412 1488 529 1556 ullime
551 1511 627 1556 sens
651 1491 767 1555 iudico.
816 1489 865 1555 lte
889 1493 975 1555 enim
1000 1490 1153 1556 collocate
1176 1497 1268 1570 sunt,
1291 1497 1330 1558 ut

136 1598 311 1662 neeessario
347 1596 386 1661 ed
424 1595 574 1664 Ἀττικῶν
605 1599 630 1661 ol
663 1598 720 1673 μὲν
750 1599 876 1676 άρχαίοι
903 1599 1006 1663 --ol
1041 1597 1072 1662 δὲ
1095 1599 1226 1676 νεώτεραι
1249 1599 1329 1666 refe·

136 1708 257 1780 rentur,
283 1721 345 1787 qno
370 1703 447 1788 quid
471 1705 648 1792 excogitari
672 1709 776 1788 potest
798 1700 960 1788 ineptius?
980 1701 1097 1769 Verius
1116 1707 1194 1789 erit,
1208 1705 1327 1791 opinor,

137 1808 276 1888 καθάπερ
312 1811 371 1873 τῶν
408 1812 499 1896 (νῶν)
534 1809 746 1890 πρεσβυτέρων
781 1809 869 1874 τινέσ.
910 1809 982 1876 Hoc
1017 1815 1081 1886 est,
1119 1812 1203 1896 quod
1234 1833 1330 1898 supra

136 1915 349 2000 antiquiorem
385 1917 562 2001 quendem,
595 1955 637 1965 -
675 1917 807 1981 Aelium
838 1913 1051 2002 Dionysium?
1076 1954 1117 1964 —
1151 1917 1330 1984 describens

138 2022 239 2086 dixit:
277 2029 362 2101 παρά
395 2025 427 2089 δὲ
459 2025 613 2094 Ἀττικοῖς
646 2023 712 2088 ἔστι
743 2048 773 2087 τι
798 2023 1034 2100 μονοσύλλαβον
1058 2026 1141 2102 ῥῆμα
1167 2025 1218 2088 καί
1244 2049 1330 2102 μονα·

137 2126 329 2206 γράμμασιν
354 2125 390 2208 ἦ,
414 2132 557 2206 σημαίνει
582 2130 612 2194 δὲ
638 2130 706 2195 δύο·
731 2130 765 2194 τὸ
789 2130 847 2206 μίν
871 2153 901 2193 τι
925 2131 1022 2194 ταὺτὸ
1047 2130 1088 2210 τῷ
1111 2131 1184 2210 παρ’
1205 2129 1330 2213 Ὀμιίρω

140 2267 242 2310 ·-·,
267 2237 302 2299 τὸ
327 2235 358 2300 δὲ
389 2260 418 2301 τι
442 2236 557 2302 ταύτὸν
580 2238 622 2318 τῷ
648 2239 799 2316 ὑπῆρχον,
824 2227 838 2298 l
863 2243 976 2301 πσιεῒ
997 2229 1052 2310 ἦν,
1076 2230 1173 2316 άπερ
1197 2238 1331 2303 ε’πιπσ-

137 2339 257 2422 λάζει
295 2346 372 2408 νῦν.
409 2341 577 2409 lndoelum
609 2349 717 2409 nutem
752 2343 810 2406 τῶν
841 2341 963 2406 ίδιωτῶν
994 2341 1114 2431 vulgus
1136 2345 1201 2408 iam
1226 2342 1331 2410 multe

138 2455 211 2513 ente
235 2445 452 2535 Porphyrium
477 2449 603 2517 saecule
626 2470 727 2534 neque
751 2447 768 2525 ἦ
792 2469 959 2534 usurpasse
983 2470 1083 2534 neque
1104 2445 1136 2522 ἦν
1157 2450 1213 2514 sed
1233 2450 1330 2535 ἥμην,

137 2574 200 2639 quo
220 2560 253 2620 el
271 2555 470 2643 Porphyrius
488 2557 555 2642 ipse
576 2557 671 2643 peulo
691 2558 773 2622 infru
793 2557 908 2640 ulitur,
929 2575 991 2621 non
1009 2561 1057 2621 est
1075 2555 1159 2640 quod
1171 2577 1329 2624 moneam.
1437 2568 1440 2590 '

184 2769 217 2844 ί,
251 2765 329 2833 267.
361 2770 406 2855 (p.
435 2767 500 2836 379
526 2771 626 2856 seqq.)
650 2775 687 2834 'H
713 2767 881 2851 Ἀφροδίτη
907 2770 948 2840 είς
975 2769 1081 2834 πολλά
1105 2769 1326 2850 λαμβάνεται,

138 2876 224 2951 μετά
248 2873 371 2939 πάντων
395 2881 469 2953 ρ’σῶν
493 2878 545 2941 καί
571 2878 620 2941 ἐπὶ
646 2877 793 2947 κάλλους.
814 2877 1032 2954 συμμίγνυται
1052 2877 1084 2942 δὲ
1105 2878 1148 2956 τῷ
1164 2878 1330 2961 Ἡφαίστῳ
1407 2963 1411 2971 Ι

139 2983 181 3061 τῶ
207 2982 276 3060 πυρί
302 2982 353 3046 καί
378 2985 420 3062 τῷ
441 2986 527 3063 Ἀρει
552 2986 594 3066 τῷ
620 2985 742 3063 σιδήρῳ·
767 2985 810 3048 τά
830 2984 893 3063 γάρ
912 2981 946 3061 ἐξ
964 2985 1064 3047 αὐτῶν
1082 2983 1230 3061 γινόμενα
1253 2983 1331 3064 ἔργα

138 3089 191 3154 διά
220 3093 275 3160 τῆς
308 3089 492 3170 Ἀφροδίτης
525 3089 589 3166 ἤτοι
621 3095 674 3156 τοῦ
699 3090 832 3160 κάλλους
857 3089 1016 3170 ῶράίσται.
1041 3089 1273 3173 κατεργάζεται
1300 3093 1331 3158 δὲ

140 3195 272 3275 ίίΑρνρς
298 3195 362 3269 ἤτοι
387 3199 400 3261 ί
426 3198 541 3278 anepos
567 3197 625 3264 ὑπὸ
651 3202 703 3262 rei
728 3195 831 3278 πυρίς.
859 3198 872 3260 ί
896 3197 926 3262 δὲ
948 3197 1096 3262 Ποσειδῶν
1117 3199 1180 3272 ἥτυι
1202 3202 1236 3264 τὸ
1259 3198 1333 3280 ὕδωρ

140 3309 251 3380 στσμσῖ
280 3301 391 3387 αὐτόν,
417 3303 552 3376 δκλυυίτι
578 3306 629 3370 τὸν
653 3306 781 3382 σίδηρον,
807 3305 892 3382 μετά
917 3305 972 3379 τὴν
998 3304 1054 3370 ὑπὸ
1079 3308 1132 3368 τσῶ
1157 3305 1248 3387 πυρὸς
1273 3330 1331 3370 κα-

139 3409 292 3482 τασκευῶν
327 3410 379 3473 καὶ
411 3410 687 3491 πεπυρακτωμένον
722 3412 779 3475 ὑπὸ
803 3416 856 3475 τσῦ
883 3410 1060 3488 Ἡφαίστου
1085 3411 1332 3491 κατασβέννυσι,

140 3519 174 3580 τὸ
208 3517 370 3593 Φλυγῶδες
409 3521 606 3583 καταπκῦυν.
642 3517 706 3606 (Ε.)
740 3517 812 3584 Non
845 3517 964 3600 optime
994 3517 1047 3582 hic
1071 3517 1225 3603 adsequor
1247 3521 1332 3596 μετά

140 3617 283 3700 πάντων,
315 3626 383 3689 sire
418 3626 500 3708 aprrd
529 3648 626 3688 omnes
650 3623 771 3708 velent,
796 3627 864 3689 sive
881 3646 958 3708 prae
981 3629 1121 3698 caeteris,
1144 3645 1202 3690 nee
1226 3630 1334 3692 temen

140 3731 257 3807 habeo,
285 3751 341 3794 eur
364 3733 436 3796 viiii
461 3731 656 3796 insimulem.
692 3729 753 3796 Sed
776 3731 836 3796 hoe
860 3731 953 3796 video
976 3728 1094 3795 ultime
1117 3731 1191 3797 inde
1210 3752 1229 3797 e
1247 3734 1333 3810 μετά

142 3883 316 3895 un———n-

140 3949 277 4010 κάλλος,
303 3969 347 4018 pro
372 3953 450 4002 eliens
472 3953 550 4002 minus
573 3953 684 4002 distinete
700 3949 816 4008 άλλως.
852 3953 954 4001 θυσίαισι
971 3951 1051 4000 omnis
1071 3949 1173 4002 libenter
1189 3955 1335 4020 amplecter,

141 4044 181 4092 sed
198 4040 289 4098 κάιιιισς
308 4046 332 4092 et
350 4059 419 4092 sensu
437 4043 573 4108 postulante
591 4047 615 4092 et
632 4047 780 4093 caeterorum
798 4044 904 4092 omnium
922 4041 1029 4091 melinum
1043 4057 1156 4092 consensu
1171 4060 1336 4112 nuncquuqne

141 4135 277 4183 coniectura
295 4135 457 4198 refingrndum
475 4133 499 4182 iu
518 4133 625 4181 καλόν.
647 4135 716 4184 Nihil
735 4135 798 4183 enim
816 4139 860 4183 est:
884 4131 932 4188 θεὸς
952 4125 1130 4194 κατασκευάζει
1149 4129 1336 4201 κάλλσςμριιιιιιι

142 4221 230 4273 διδόναι
255 4223 302 4274 diei
328 4229 420 4290 polest,
445 4217 637 4281 κατασκευάζειν
664 4242 711 4275 non
738 4229 822 4291 polest.
858 4225 944 4289 lteque
968 4221 1013 4272 hoe
1038 4224 1086 4272 ium
1104 4199 1223 4291 implum,
1241 4229 1281 4277 sed
1299 4230 1336 4278 vel

142 4317 246 4384 ineptius
269 4319 349 4381 forma
371 4335 425 4367 cum
449 4317 540 4366 homine
564 4321 724 4383 comparatur.
744 4313 805 4372 ίίσός
825 4312 946 4371 κάλλος
966 4311 1155 4372 κατασκευάσας
1174 4313 1216 4365 σάκ
1236 4311 1265 4365 lv
1283 4316 1336 4368 iln-

143 4419 203 4464 Αας
223 4405 431 4467 κατασκευάσειε,
450 4409 464 4458 i.
484 4423 504 4457 e.
523 4407 567 4458 tibi
585 4423 632 4458 non
650 4407 802 4472 absimilem.)

178 4499 202 4562 1)
220 4497 278 4549 eod.
296 4497 406 4560 ίιλιίσιι,
425 4499 486 4551 nude
501 4501 543 4550 nul
557 4497 619 4564 quod
636 4497 747 4566 proposui
762 4499 933 4564 effingendum,
943 4501 986 4549 ent
1000 4513 1055 4550 cum
1065 4497 1213 4551 Bersumno
1223 4495 1337 4560 ίιλιίστιι.
