3330 5144
896 317 962 382 202

330 507 451 592 capiat,
477 507 554 594 quid
577 509 620 572 sit
647 507 697 572 διᾶ
721 512 780 572 τῶν
811 503 939 586 ἄρκτων.
988 505 1212 595 Significatne,
1244 528 1334 574 ursos
1367 509 1410 575 ad
1440 515 1525 575 astra

331 635 383 680 eas
417 613 527 679 tulisse
559 614 643 680 Iovis
675 611 786 680 iussu?
815 613 862 678 At
893 614 926 679 id
955 616 1053 679 nimie
1078 614 1252 681 ridiculum
1277 622 1325 680 est
1348 637 1452 700 neque
1475 638 1526 680 us·

331 742 428 806 qnam
463 731 737 787 commemoratur.
783 719 837 785 Au
872 724 995 806 potius,
1028 743 1080 786 eas
1110 725 1145 786 in
1176 729 1278 800 astro,
1311 723 1395 808 quod
1427 722 1527 788 Ursus

332 828 467 905 dicitur,
493 829 661 894 collocatas
684 827 804 893 fuisse?
828 826 875 891 At
897 828 943 891 ibi
966 848 1028 892 non
1053 834 1144 907 sunt,
1170 850 1284 895 rerum
1308 829 1358 892 ἐστὶ
1383 839 1423 910 τῇ
1453 832 1526 914 οὐρᾷ
1600 873 1601 918 p

332 939 385 999 τοῦ
405 935 528 1014 ταύρου.
552 934 721 1000 Praeterea
740 933 792 1000 vel
805 954 904 999 unum
920 933 972 996 cat
985 940 1057 1018 post
1070 936 1201 1009 ἐλεήσας
1216 936 1317 1008 αὐτᾶς
1330 935 1448 1002 indicio
1460 957 1528 1001 esse
1600 989 1601 1002 ,

332 1042 465 1108 debebat
488 1043 675 1118 editoribus,
702 1040 823 1125 aliquid
847 1042 900 1106 hic
928 1041 1053 1126 deesse,
1074 1063 1109 1108 ac
1130 1045 1197 1108 sine
1217 1063 1305 1108 mora
1324 1043 1528 1109 adsciscenda

331 1148 412 1214 mihi
447 1150 576 1216 videtur
605 1148 700 1214 lectio
732 1145 933 1213 Scholiorum
965 1145 1179 1234 Vulgatorum
1211 1149 1308 1234 (apud
1339 1147 1527 1216 Bsklxerum
1600 1139 1601 1226 f

331 1259 423 1324 litere
450 1257 481 1322 D
511 1257 773 1343 insignitoruml:
808 1253 883 1326 Ζεὺς
916 1254 947 1318 δὲ
978 1256 1110 1328 ἐλεήσας
1142 1256 1243 1328 αὐτᾶς
1276 1253 1527 1340 (πελειάδας

332 1363 518 1450 ἐπτόησε)
545 1365 569 1442 ¹)
594 1361 645 1426 καὶ
669 1363 715 1427 δι’
741 1361 841 1425 αὐτῶν
865 1357 976 1441 ἄστρον
1000 1360 1233 1441 κατηστέρισεν,
1259 1361 1355 1428 modo
1378 1363 1426 1427 ite
1448 1362 1529 1428 leni·
1600 1369 1601 1432 ι

333 1477 381 1537 ter
406 1473 599 1558 corrigatur:
633 1469 685 1533 καὶ
720 1467 785 1532 dccl
817 1475 889 1532 τῶν
913 1466 1069 1547 ἄστρον
1094 1469 1366 1547 κατέστησεν,
1392 1472 1427 1534 in
1450 1490 1528 1554 quo·
1600 1465 1601 1550 ᾗ

331 1599 405 1644 rum
435 1577 541 1643 locum
565 1579 693 1661 irrepsit
716 1574 875 1663 glossema
899 1575 1127 1654 κατηστέρισεν.
1176 1575 1296 1642 Eadem
1320 1578 1430 1642 omnia
1453 1597 1528 1642 cum
1600 1569 1601 1630 l

332 1686 437 1749 iisdem
466 1683 624 1749 scribendi
656 1684 746 1747 vitiis
770 1679 807 1766 ⁹),
833 1684 1007 1767 -itaque
1040 1683 1087 1746 ibi
1118 1701 1244 1766 quoque
1273 1675 1337 1748 esti
1362 1682 1399 1746 δι’
1426 1685 1528 1747 αὐτῶν
1600 1707 1601 1710 ’

333 1792 444 1870 ἄστρον
465 1813 608 1865 κατηστ,
624 1788 831 1874 -leguntur
853 1790 887 1852 in
911 1779 1070 1854 Eudociae
1094 1787 1223 1855 Violeto
1249 1789 1284 1873 (s.
1300 1809 1331 1855 r.
1357 1790 1525 1874 Πλειάδες)
1600 1855 1601 1888 ς

333 1920 352 1965 a
377 1895 552 1963 Villoisono
576 1899 609 1959 in
631 1897 736 1980 primo
759 1894 991 1960 Anecdotorum
1015 1895 1180 1961 volumine
1204 1894 1297 1961 edito.
1341 1893 1429 1974 Quae
1453 1917 1527 1960 cum

333 2005 439 2071 medio
470 2003 639 2068 undecimo
663 2023 694 2087 p.
719 1999 793 2067 Chr.
818 2000 943 2067 saeculo
968 2000 1110 2066 florrrerit
1134 2007 1166 2066 et
1189 2004 1362 2087 scripserit,
1390 2004 1530 2086 antiqni—
1600 2003 1601 2006 ’

333 2115 408 2178 tatis
444 2119 528 2176 certe
563 2112 631 2174 eius
666 2106 836 2208 lectionis,
866 2128 960 2202 quem
997 2110 1153 2173 sententie
1182 2107 1261 2173 duce
1291 2107 1528 2192 praeferendam

333 2221 418 2304 dixi,
457 2217 670 2303 patrocinium
707 2217 775 2279 inre
810 2216 970 2302 suscipere
1000 2222 1113 2299 potest.
1161 2213 1223 2280 Sed
1256 2219 1293 2279 ut
1322 2215 1361 2280 ad
1386 2215 1528 2281 scholion

332 2403 507 2412 ...ιιι-...-

366 2527 393 2592 1)
414 2527 468 2574 Non
486 2529 563 2590 potest
581 2523 651 2574 huius
668 2523 702 2572 rei
719 2523 810 2572 mentio
827 2521 852 2570 in
870 2521 1007 2571 narratione
1025 2523 1054 2572 de
1071 2523 1206 2573 Pleisdibus
1224 2524 1315 2581 deltae,
1334 2539 1389 2573 cnm
1407 2524 1482 2574 etiam
1500 2524 1528 2572 ad
1600 2519 1601 2554 l

333 2607 438 2658 nominis
461 2607 578 2672 originem
601 2606 732 2672 pertineat,
756 2621 782 2653 se
805 2604 881 2653 miror
903 2604 928 2652 in
952 2605 1063 2669 plurimis
1079 2605 1244 2670 etymologiis,
1263 2622 1322 2669 quas
1339 2606 1429 2656 scholio
1447 2611 1529 2656 nostra

331 2691 496 2757 suppeditant,
519 2690 580 2738 hanc
601 2705 698 2754 prorsus
722 2704 770 2737 non
790 2703 934 2752 comparere.
969 2690 1001 2736 At
1019 2693 1140 2753 comparet
1157 2688 1182 2737 in
1200 2687 1346 2753 amplissima
1363 2689 1526 2755 disputatione

332 2791 359 2823 se
385 2774 442 2822 setis
463 2772 555 2837 loquaci
578 2772 723 2837 Asclepiadis
745 2770 868 2835 Myrleani
891 2769 919 2818 de
938 2769 1047 2818 Nestoris
1064 2771 1162 2834 poculo,
1179 2786 1250 2834 qnam
1267 2771 1405 2820 Athenaeus
1424 2774 1526 2821 serravit

333 2864 395 2913 libro
410 2864 444 2912 xl
462 2881 481 2912 c.
493 2863 600 2920 'ld-85,
619 2862 681 2910 undu
697 2877 770 2926 penes
784 2862 899 2924 quaedem
913 2875 1042 2924 excerpam.
1062 2857 1140 2907 Ὅταν
1157 2859 1207 2922 γὰρ
1224 2856 1280 2924 disp
1297 2860 1445 2925 (riunena)
1463 2858 1527 2910 ’δότε

333 2950 359 3002 δὲ
377 2951 502 3010 πελειάδες
517 2950 593 3014 duple
608 2950 712 3000 ’ἕκαστον
729 2947 842 3013 χρόσειαι
859 2944 1007 3010 νεμίόοντσ”,
1025 2948 1154 3007 πελειάδας
1171 2947 1197 2998 οὐ
1212 2950 1322 3009 σημαίνει
1331 2949 1378 3006 τᾶς
1388 2945 1526 3013 όρνιόας,ἄς

333 3059 397 3095 τινες
411 3043 517 3104 (malim
532 3041 565 3098 ἄς
577 3041 649 3099 τινες)
660 3037 784 3090 ὑπονοοῦσι
794 3040 936 3102 περιστερὰς
946 3037 1013 3099 εἶναι,
1023 3039 1213 3103 ἄμαρτάνοντες.
1225 3069 1335 3079 ---
1344 3039 1525 3098 πελειάδας

333 3131 367 3184 δδ
384 3132 549 3190 όποιητης
568 3127 665 3180 καλεῖ
679 3133 729 3179 νῦν
748 3131 809 3188 τᾶς
828 3128 995 3186 τλειάδαε-
1017 3133 1161 3198 (posse.)
1179 3133 1210 3182 st
1226 3137 1280 3198 post
1298 3135 1523 3200 paurn(p.490d):
1600 3163 1601 3172 ι

332 3223 500 3282 ἐπλανᾶόησαν
519 3217 541 3270 δ’
562 3224 585 3272 οἱ
600 3221 688 3272 πολλοὶ
705 3217 840 3283 νομίζοντες
861 3222 908 3278 τᾶς
926 3219 1044 3278 πλειάδος
1063 3224 1148 3287 (immo
1167 3219 1355 3278 πελειάδας.
1390 3224 1522 3288 Schweigh:
1600 3217 1601 3240 ³

334 3312 482 3370 »πελειάδας
499 3313 652 3379 malebnm”.)
668 3307 739 3375 ’όρνεις
757 3309 829 3370 atvar,
841 3318 933 3374 πρῶτον
943 3312 987 3372 μδν
996 3307 1023 3360 ἐκ
1032 3315 1079 3362 τοῦ
1088 3308 1213 3372 ποιητικοῦ
1223 3313 1408 3376 σχηματισμοῦ
1416 3341 1525 3350 ---

332 3404 421 3458 ’όπειτα
449 3404 472 3456 δ’
500 3404 540 3455 ότι
565 3405 596 3453 τό
618 3403 731 3466 τριὶρνινες
757 3397 826 3463 μόνον
851 3397 965 3462 ἐδέξαντο
989 3399 1046 3451 εἶναι
1066 3401 1173 3453 ἐπόόετσν
1193 3399 1334 3460 πελειάδων,
1349 3397 1405 3450 ἐπεὶ
1423 3401 1463 3450 διὰ
1481 3405 1524 3459 τὴν

332 3497 454 3548 aterio
478 3494 583 3556 εᾶλαβιῐς
609 3493 623 3547 i
647 3489 707 3556 ’όρνις
726 3492 805 3551 αὕτη·
827 3489 891 3556 τρεῖν
910 3488 931 3541 δ’
952 3489 1009 3541 ἐστὶ
1028 3495 1058 3542 πδ
1076 3491 1239 3554 εὐλαβεῖσθαι.
1261 3491 1356 3542 πιόανδν
1376 3491 1403 3542 δέ
1420 3495 1476 3542 ἐστι
1495 3493 1524 3540 τὸ

332 3583 440 3636 ἔπόόετον
466 3585 507 3634 καῖ
529 3583 571 3634 ἐπὶ
596 3591 643 3634 τῶν
669 3574 789 3633 πλειάδοιν
813 3581 941 3644 τιθέμενον.
969 3581 1167 3645 μυθεύονται
1192 3584 1254 3648 γάρ
1279 3577 1524 3633 scrutemur

334 3672 467 3741 Ὠρίωνα
485 3673 634 3738 Φεάγειν,
655 3672 854 3735 διωκομένης
874 3678 932 3730 τῆς
952 3672 1074 3737 μητρὸς
1093 3672 1196 3724 αὐτῶν
1212 3676 1376 3733 Πληιόνης
1393 3673 1453 3723 ὑπὸ
1468 3673 1525 3724 τοῦ

333 3763 493 3831 ’ΠρόαινοςΙ
527 3769 664 3831 Sequuntur
686 3765 793 3830 exempla
815 3767 940 3829 potiturum
962 3763 1163 3824 luculentissima,
1188 3763 1272 3828 quibus
1295 3764 1321 3812 hi
1339 3766 1467 3816 manifesto
1482 3781 1524 3830 pro

331 3857 445 3916 πλειάδες
462 3859 534 3908 etiarn
551 3853 675 3912 πελειάδες
693 3855 778 3904 dixisse
796 3855 960 3902 ostenduntur.
981 3854 1048 3902 luter
1065 3869 1123 3917 quos
1140 3858 1164 3902 ct
1183 3853 1279 3902 Pindari
1295 3853 1346 3902 loco
1361 3854 1522 3904 allatohuius-

332 3952 397 4002 modi
420 3951 499 4012 (Nem.
525 3949 560 4007 11,
579 3948 632 4008 16);
651 3942 708 3994 ἔστι
728 3938 750 3991 δ’
770 3940 843 3999 ἐοικός
860 3933 881 4004 ΙΙ
899 3941 973 4005 όρειᾶν
992 3957 1024 4003 γε
1043 3941 1179 3992 Πελειάδων
1199 3936 1215 4009 ΙΙ
1235 3943 1269 4003 μῆ
1288 3943 1390 4001 τηλόόεν
1411 3937 1524 4004 Ὀαρόνινα

333 4037 434 4100 νεῖσόαι,
460 4044 543 4090 anotor
561 4039 649 4104 pergit:
670 4037 793 4095 σύνεγγυς
812 4031 861 4096 γάρ
881 4034 950 4082 ἐστιν
969 4033 982 4081 ό
1001 4028 1086 4096 Ὠρίων
1105 4039 1138 4098 τῇ
1157 4032 1301 4099 άστροόεσόμ
1319 4039 1369 4082 τᾶν
1391 4031 1521 4083 πλειάδαν·

333 4129 367 4182 διδ
397 4131 437 4179 καὶ
464 4129 477 4177 δ
498 4127 552 4191 περὶ
576 4125 672 4184 ταύτας
697 4123 770 4186 μῦόσς
796 4123 834 4173 ότι
860 4121 979 4186 φεύγοντι
1002 4125 1069 4186 μετὰ
1092 4129 1137 4183 τῆς
1161 4123 1251 4187 μητρὸς
1278 4129 1325 4184 τῆς
1344 4127 1465 4184 Πληιόνης
1484 4123 1523 4172 τδν

342 4221 445 4370 Ωᾶδωᾶἄ
460 4301 599 4368 quibusdem
615 4299 731 4366 propriis,
750 4315 809 4362 qnae
826 4302 869 4348 ent
885 4298 974 4348 scribae
992 4302 1034 4348 nnt
1053 4298 1185 4349 Villoisuno
1204 4299 1265 4348 mele
1283 4299 1427 4349 describenti
1449 4299 1522 4364 impn·

334 4395 406 4443 tanda
428 4395 511 4449 erunt,
532 4395 558 4440 nt
576 4407 597 4439 r.
615 4408 633 4438 c.
653 4384 835 4450 persenseris,
858 4389 903 4447 τὴν
925 4383 997 4438 Ἰλόον
1019 4384 1148 4452 πόρόνισιν,
1167 4388 1198 4437 τδ
1218 4389 1314 4448 κτίσμα
1333 4393 1383 4438 τάν
1402 4388 1523 4450 &turim

334 4479 448 4549 prodais
468 4481 498 4530 τδ
516 4481 612 4542 κτίσμα
630 4475 709 4528 εἶναι
728 4495 754 4527 τ.
774 4477 851 4539 broy-
869 4479 964 4530 similis.
