3278 5148
845 327 911 396 274

285 517 360 602 (ie.
393 541 444 583 -κε
476 519 540 602 μὴ)
576 517 774 596 ἀμέλγεσίαι
805 519 847 583 τά
880 517 954 600 ζῷα.
989 517 1067 589 τινές
1092 517 1171 582 ἀτί
1196 521 1354 598 ἀμογῶ,
1378 517 1493 586 ὅταν·

282 624 377 696 οὐδεὶς
407 633 519 703 μογεῖ,
543 621 616 706 ὅπερ
641 625 706 690 ἔστί
731 626 920 703 κακοταίεῑ,
945 625 1035 690 ἀλλά
1058 627 1270 692 ἀναπαύεται.
1294 626 1372 698 τινές
1397 626 1475 692 ἀιιά

283 734 437 816 ἀμολά,
473 727 570 796 ὅταν
602 732 697 806 οὐδεὶς
728 733 924 812 μολάσει,
957 728 1069 798 ὅέστι
1101 732 1284 810 βαδίσει.
1315 733 1423 799 σάντα
1445 733 1477 799 δέ

282 843 388 903 ταῦτα
417 839 458 911 είς
490 841 544 914 τὴν
568 845 621 904 τοῦ
646 841 842 916 μεσονυκτίου
867 837 943 918 ὥραν
967 838 1190 920 καταστρέφει.
1239 839 1329 905 Satin
1352 847 1477 906 eertum

284 945 411 1011 videtur
442 946 526 1032 quod
548 943 637 1010 dixi?
672 945 739 1012 lem
764 945 1003 1034 intellegimus.
1032 967 1089 1010 cur
1110 952 1178 1011 tam
1202 967 1282 1032 pone
1306 952 1478 1031 sequantur

283 1050 314 1114 έν
336 1060 375 1134 τῇ
404 1087 420 1102 -
436 1087 455 1102 -
479 1049 557 1135 cipp,
583 1053 651 1116 καθ’
677 1046 711 1126 ἣν
735 1050 828 1136 ἀραν,
853 1073 966 1137 nempe
990 1053 1117 1117 omieeie
1141 1053 1328 1138 excerpendi
1352 1053 1474 1131 etudi0,

284 1178 364 1243 quae
395 1159 501 1226 media
531 1162 718 1245 interposita
750 1165 847 1226 erant.
896 1159 945 1223 Ad
977 1158 1057 1223 hanc
1089 1158 1194 1226 lucem
1227 1163 1325 1224 etiam
1355 1169 1479 1225 caetera

281 1264 465 1330 foedissime
510 1265 625 1330 menda
659 1264 771 1330 tollere
806 1285 992 1349 poseamus,
1030 1285 1111 1350 quae
1146 1268 1252 1331 nescio
1286 1286 1350 1350 quo
1382 1265 1478 1332 modo

283 1369 438 1437 Dindorlii
474 1371 677 1459 diligentiam
713 1372 910 1458 effugerunt:
945 1371 1023 1441 τινές
1054 1371 1117 1434 ἀπὸ
1142 1372 1273 1452 (trustra
1295 1370 1477 1438 Dindorfine

284 1480 397 1554 „sorio
430 1478 493 1543 ἀπὸ
526 1478 612 1560 τοῦ”)
645 1479 755 1556 ἀμογῶ
787 1475 823 1563 (l)
849 1473 924 1542 ὅταν
948 1477 1042 1549 οὐδεὶς
1067 1487 1163 1556 μογεῑ
1185 1500 1259 1564 pro:
1283 1481 1360 1550 τινὲς
1386 1479 1477 1544 ἀντί

284 1590 353 1650 τοῦ
397 1587 556 1669 ἀμογῷ,
592 1583 658 1650 ὅτε
693 1586 754 1650 οὐδ.
791 1607 866 1662 μογ.
904 1590 993 1650 tum:
1029 1585 1106 1656 τινές
1143 1586 1206 1650 ἀτί
1243 1587 1368 1662 ἀμολῶ,
1404 1583 1478 1650 ὅταν

285 1691 381 1762 οὐδείς
405 1692 551 1770 μολίσει,
584 1688 601 1755 ὅ
630 1693 694 1756 έστι
724 1691 848 1769 βαδίσει
880 1709 952 1776 pro:
988 1691 1065 1762 τινές
1096 1691 1189 1756 ἀντί
1221 1699 1290 1756 τοῦ
1321 1695 1478 1777 ἀμολῷ,

284 1794 302 1862 ἀ
308 1823 350 1863 τε
374 1800 434 1864 οὐδ.
460 1800 655 1876 μσλίσκει,
679 1795 697 1862 ἀ
719 1798 783 1862 ἐστι
807 1797 955 1880 βαδίζει.
980 1795 1241 1884 Compendifecta
1258 1799 1364 1887 glossa
1383 1797 1479 1885 paulo

285 1908 391 1994 magis
423 1906 520 1970 etiem
552 1905 803 1990 compendifacta
835 1911 882 1969 eat
912 1904 996 1988 apud
1020 1903 1172 1970 Suidam:
1196 1905 1417 1983 Ἀμολγίςε
1443 1908 1478 1970 τὸ

285 2012 493 2090 μεσονύκτιον,
519 2011 583 2086 ἤτοι
609 2012 675 2076 καθ’
699 2003 732 2084 ἣν
756 2009 832 2090 ἀραν
857 2009 919 2092 ζῷα
945 2012 1012 2075 οὐκ
1037 2011 1247 2090 ἀμέλγονται,
1272 2013 1288 2088 ἢ
1312 2013 1477 2092 ἀφαιρέσει

286 2123 340 2183 τοῦ
360 2116 396 2199 γ’,
419 2119 488 2183 καθ’
509 2116 542 2190 ἣν
561 2118 655 2192 οὐδείς
678 2127 778 2202 ponet,
796 2117 812 2192 ἢ
830 2115 992 2197 ἀφαιρέσει
1011 2122 1064 2181 τοῦ
1078 2114 1116 2196 λ,
1130 2117 1200 2182 καθ’
1215 2118 1249 2195 ἣν
1261 2118 1359 2191 οὐδεὶς
1372 2127 1478 2198 μογεΐ.

288 2224 483 2293 Brevissime
514 2225 558 2290 B:
592 2224 676 2306 μέσῳ
707 2234 762 2300 τῆς
794 2225 911 2298 νιικτίς.
944 2223 1001 2289 νίει
1025 2225 1114 2291 δὲτὸ
1139 2229 1272 2308 ἀμολγῷ
1297 2227 1360 2304 ἤτοι
1384 2227 1478 2294 ίτότε

285 2335 355 2398 οὐκ
386 2333 523 2411 ἀμέλγει
556 2356 619 2410 τις,
654 2334 671 2410 ἢ
697 2333 913 2407 itinerator}
937 2339 1044 2410 μολεῖ,
1071 2333 1189 2410 ἀμολίς
1213 2334 1265 2398 καί
1290 2335 1477 2414 πλεονασμῷ

284 2445 338 2504 τοῦ
373 2438 571 2518 γάμολγίς.
622 2437 658 2504 In
682 2440 830 2505 omnibus
854 2441 985 2505 caeteris
1008 2439 1150 2504 eiusdem
1175 2439 1298 2527 glossae
1322 2443 1478 2526 excerptis

285 2553 410 2613 servata
445 2551 492 2612 eet
523 2549 672 2634 negatio,
704 2547 812 2631 itaque
844 2565 905 2630 quo
934 2547 1003 2610 iure
1027 2565 1122 2630 supra
1144 2546 1189 2623 pi
1212 2547 1398 2612 inseruerim
1422 2567 1477 2632 ap·

284 2658 384 2739 peret.
432 2651 532 2718 Fuere
564 2659 691 2736 tumen,
724 2663 761 2717 ut
790 2654 857 2716 iam
889 2652 1051 2728 dicebam,
1082 2653 1303 2739 grammatici,
1337 2655 1475 2739 quinon

286 2761 391 2824 minue
414 2760 555 2845 ineptam
580 2759 810 2847 etymologiam
830 2757 930 2824 eecuti
951 2759 1055 2828 νυκτὸς
1077 2760 1208 2840 ἀμολγῷ
1228 2780 1337 2826 revera
1349 2765 1477 2847 tempus

284 2887 397 2951 pecore
431 2865 599 2954 mulgendi
633 2867 932 2951 interpretarentur,
969 2868 1004 2930 al
1037 2887 1100 2932 non
1129 2868 1177 2932 ita
1206 2867 1307 2944 fatui,
1342 2871 1380 2932 ut
1403 2874 1474 2933 tum

286 2973 426 3038 mediam
458 2981 582 3039 noctem
611 2969 785 3060 significari
808 2970 1040 3038 contenderent.
1087 2971 1251 3058 Explicuit
1274 2975 1321 3039 ita
1342 2972 1477 3060 Apollo-

286 3083 358 3146 nius
388 3083 422 3145 in
452 3078 582 3144 Lexiuo:
615 3079 821 3158 ’Λμολγῷτ
856 3077 919 3153 ἤτοι
955 3078 984 3141 έν
1018 3077 1114 3160 έκείνρ
1138 3088 1176 3160 τῇ
1200 3075 1260 3162 ἀρρι
1284 3080 1314 3144 έν
1338 3076 1357 3162 ᾗ
1378 3081 1477 3156 ἀμέλ-

287 3210 410 3270 γουσιν,
431 3185 448 3261 ἢ
472 3186 503 3249 έν
527 3181 545 3268 ᾖ
566 3209 613 3256 τις
639 3187 671 3250 οὐ
696 3184 849 3268 μολίσκει,
873 3181 910 3250 ἵν’
935 3181 953 3267 ἦ
977 3186 1168 3269 ἀμολγῷ,
1193 3187 1279 3251 κατά
1303 3185 1477 3268 ταρένίεσιν

287 3299 340 3360 τοῦ
364 3316 403 3372 γ·
430 3295 481 3372 ,έν
506 3292 611 3365 νυκτὸς
636 3291 813 3372 ἀμολγῷ”·
838 3285 897 3357 οἷον
920 3292 954 3357 τί
978 3291 1185 3369 μεσονύκτιον.
1211 3295 1266 3376 (τῷ
1289 3293 1477 3374 μεσονυκτίῳ

286 3402 436 3487 villole),
468 3421 549 3486 quae
578 3402 624 3465 aie
649 3397 844 3464 emendanda
867 3404 959 3463 eunt:
984 3395 1022 3464 ἵν’
1047 3395 1065 3480 ᾖ
1089 3401 1246 3485 ἀμολῷ,
1270 3402 1368 3483 (καί)
1391 3401 1477 3466 κατά

286 3509 461 3590 σαρένίεσιν
495 3511 549 3572 τοῦ
585 3505 611 3584 γ’
646 3503 698 3584 ,έν
729 3529 755 3568 ν.
790 3505 923 3584 ἀμολγῷ
932 3503 965 3581 ,”
999 3499 1056 3570 οἷον
1090 3507 1153 3592 (έν)
1187 3507 1238 3588 τῷ
1262 3509 1477 3588 μεσονυκτίῳ.

290 3616 449 3703 Explicuit
471 3617 519 3679 ita
539 3619 649 3679 auctor
668 3611 956 3697 Epimeriemorum
978 3609 1096 3696 (Onam.
1118 3615 1180 3678 An.
1202 3612 1325 3682 Oxonn.
1337 3613 1352 3679 I
1364 3636 1395 3700 p.
1409 3615 1477 3696 82),

288 3724 343 3792 eed
365 3721 470 3788 multo
494 3721 624 3786 uberiue
646 3725 679 3784 et
702 3719 844 3785 doctius:
868 3720 1074 3798 ’Λμολγῷι
1101 3717 1200 3796 ,ὥστε
1225 3720 1261 3808 (l.
1283 3718 1321 3791 ἀς
1341 3723 1388 3807 τε)
1402 3722 1479 3786 λέων

288 3829 428 3912 έφίβκσε
452 3830 552 3905 μολὼν
573 3826 602 3889 έν
622 3827 728 3896 νυκτὸς
749 3821 902 3904 ἀμολγῷ”
921 3827 964 3908 (Λ
981 3823 1057 3910 173)
1077 3826 1165 3900 ineos·
1183 3827 1234 3890 τὸν
1254 3827 1354 3908 καιρὸν
1366 3831 1434 3892 καί·
1447 3825 1478 3893 ὃν

286 3936 479 4016 ἀμέλγοντιν
497 3934 521 3998 ἀ
543 3931 693 4008 ποιμένες·
707 3932 732 3996 oi
753 3931 784 3997 δέ
805 3930 947 4010 ἀμολγὸν
964 3930 1061 3998 νύκτα
1075 3935 1129 4006 τὴν
1142 3931 1300 4010 ἀκμαίαν,
1315 3933 1367 3998 καί
1381 3935 1479 4000 Ἡσίο-

286 4047 334 4118 δος
359 4039 487 4124 ,μᾶζαν
510 4037 710 4117 ἀμολγαίκν”
732 4040 788 4113 τὴν
812 4039 955 4114 ἀκμαίαν
978 4037 1051 4119 τρίς
1073 4038 1107 4104 τὸ
1132 4045 1272 4120 φαγεῖν·
1298 4047 1416 4113 Φιλῖνος
1447 4040 1478 4105 δέ

288 4155 395 4218 ιτάσαν
427 4145 503 4230 ἀραν
538 4155 594 4222 τῆς
625 4145 731 4218 ννκτίς
755 4145 898 4224 ἀμολγὸν
922 4140 1010 4224 εἴτε,
1035 4147 1085 4211 διὰ
1111 4144 1146 4210 τὸ
1172 4143 1243 4210 τίτε
1266 4146 1322 4220 τὴν
1344 4155 1405 4225 γῆν
1427 4147 1479 4213 τὸν

286 4258 363 4340 ἀέρα
398 4254 498 4322 ἕλκειν
529 4254 581 4318 καί
614 4251 712 4335 ἀρδειν
744 4253 851 4318 τάντα
884 4253 926 4318 τά
951 4253 1041 4334 φυτά
1064 4261 1101 4334 τῦ
1127 4250 1253 4329 tapetas·
1278 4253 1331 4318 καί
1354 4255 1417 4334 γάρ
1439 4263 1478 4338 τῇ

289 4364 386 4447 ἡμέρᾳ
416 4361 610 4427 τούναντίον·
641 4360 684 4425 τά
715 4359 793 4440 γάρ
827 4355 912 4423 κάτιν
942 4357 1003 4424 ἀνω
1028 4358 1289 4437 ἀμέλγεται·
1313 4361 1479 4447 (abeurde3

285 4472 399 4538 ecrib.:
434 4469 487 4533 καί
523 4467 586 4548 γάρ
621 4491 651 4531 τ.
687 4465 786 4550 ἡμέρα
819 4465 993 4532 τούναντίον
1027 4465 1070 4532 τά
1102 4463 1186 4532 κάτον
1220 4465 1282 4532 ἀνω
1314 4465 1479 4534 ἀνέλκε-
