3242 5140
732 341 797 410 367

172 539 220 600 est
244 533 282 600 de
306 535 338 598 vi
363 554 399 600 ao
424 539 579 618 potestate
603 533 749 600 vocabuli
774 529 900 604 τοίντετ.
933 535 973 600 oi
996 535 1052 611 μὲν
1077 535 1110 600 τὸ
1135 515 1250 609 ίιιίντες
1275 535 1360 602 κατὰ

171 643 327 722 παρολκνίν
352 645 435 720 Φασι
458 642 595 706 κεῖσθαι·
622 677 662 690 --
684 642 710 706 οί
734 641 766 706 δέ
790 639 902 716 οὕτως,
926 641 1116 719 αἰσυμνῆται
1139 643 1170 708 δέ
1194 641 1310 716 τύντει
1335 643 1360 708 οί

172 747 359 828 έρερθέντες
385 745 468 812 έννέα
495 745 582 822 ἦσαν.
609 747 672 832 (Ε),
687 746 736 812 Ita
760 746 853 812 solito
877 746 932 812 sed
958 748 1093 814 ridiculo
1115 769 1218 816 errore
1242 750 1362 816 scribae

172 875 300 922 exarare
331 853 433 920 solent
466 875 523 938 pro
554 853 819 934 ἀγερθέντες,
852 856 908 938 qui
937 859 1043 920 tamen
1079 876 1164 922 error
1193 862 1362 942 utramque

172 962 343 1028 editionem
366 960 499 1026 obsidet.

219 1177 252 1259 θ,
277 1171 355 1242 267.
393 1175 463 1254 Περὶ
498 1175 649 1247 κοινωνίας
678 1174 786 1255 ’Άρεοι
819 1175 872 1240 καί
903 1176 1086 1257 Ἀφροδίτης
1117 1177 1267 1259 μακριίθεν
1290 1203 1362 1244 ται·

173 1279 252 1348 δεύει
288 1283 399 1356 αὐτούς
437 1283 481 1360 μέν
514 1282 726 1361 ἀσελγαίνειν,
755 1278 792 1352 de
825 1281 877 1347 καί
907 1284 977 1348 θεῶν
1005 1283 1055 1349 διδ
1088 1289 1194 1349 ταῦτα
1218 1287 1361 1367 οίσχνρμο·

173 1389 307 1454 νούντων.
344 1387 397 1454 Sic
432 1388 469 1454 P.
497 1387 567 1454 -Vel
603 1391 732 1474 pravius
766 1387 983 1478 Vulgatornm
1019 1396 1111 1456 vetus
1147 1392 1261 1458 editio:
1294 1392 1361 1471 τερ)

173 1495 325 1568 κοινωνίας
354 1499 425 1575 Ἄρ.
457 1501 527 1560 τοῦ
558 1491 758 1576 Ἀφροδίτνιςί
794 1494 856 1562 Sed
886 1518 926 1562 ne
953 1496 1093 1564 Palatini
1115 1497 1244 1583 quidem
1268 1499 1363 1566 lectio

173 1621 267 1680 sana,
300 1602 456 1688 siquidem
489 1623 550 1668 non
584 1608 631 1668 eet
662 1599 840 1668 Graecum:
873 1603 1030 1670 παιδεύειν
1054 1605 1124 1670 τινὰ
1149 1606 1235 1685 περὶ
1260 1630 1362 1672 κοινω·

172 1710 247 1782 νίας.
301 1712 443 1796 Apparet
478 1709 632 1794 quaedam
669 1708 775 1776 deicae
810 1712 843 1774 in
880 1711 965 1776 huno
1000 1712 1133 1777 modum
1169 1712 1361 1800 supplenda:

175 1817 253 1902 (διὰ
285 1818 369 1904 τῶν)
401 1817 468 1896 περί
501 1816 658 1887 κοινωνίας·
679 1815 786 1896 ’Ἄρεος
818 1816 870 1885 καί
904 1816 1090 1898 Ἀφροδίτας
1116 1821 1264 1899 μακρίίεν
1289 1845 1362 1886 σαι-

172 1922 267 1997 δεύεν,
299 1923 410 1996 αύτούς
446 1924 491 2001 μίι
524 1921 741 2006 ἀσελγαίνειν,
772 1925 810 1996 oc
843 1923 894 1988 καί
920 1925 990 1990 θεῶν
1015 1924 1065 1988 διὰ
1089 1929 1195 1992 ταῦτα
1219 1928 1361 2006 domno·

171 2029 309 2097 νούντων.

218 2245 271 2312 Ad
296 2245 430 2311 eundem
453 2264 580 2310 versum
602 2243 646 2309 E:
667 2252 807 2320 γυναῖκα
825 2247 878 2308 τοῦ
897 2245 1073 2326 Ἡφαίστου
1101 2247 1156 2321 τίρν
1178 2246 1362 2328 Ἀφροδίτην

171 2353 278 2436 φασί
303 2353 372 2417 καθ’
396 2347 427 2416 δν
451 2350 543 2427 λίνον
566 2349 618 2414 καί
644 2355 702 2416 τῶν
725 2351 861 2428 Χαρίτων
881 2352 967 2428 μίαν.
1004 2351 1074 2418 Non
1094 2373 1205 2438 parum
1224 2359 1363 2439 praestat

172 2459 286 2540 Φησὶ,
311 2462 331 2523 i.
359 2479 385 2524 e.
418 2457 595 2534 Homerus,
618 2458 676 2582 qui
707 2459 739 2522 in
775 2455 874 2524 lliade
908 2455 1026 2524 Charin
1062 2461 1192 2526 uxorem
1228 2460 1362 2528 Vulcani

172 2567 273 2643 dixit,
297 2564 349 2631 hic
372 2563 536 2630 Venerem.

217 2781 251 2858 θ,
277 2777 353 2846 300.
385 2777 488 2844 Marte
519 2799 554 2844 ac
579 2777 698 2844 Venere
721 2799 776 2864 per
799 2779 965 2864 compedes
988 2778 1155 2846 artificiose
1178 2801 1197 2846 a
1220 2780 1362 2856 Vulcano

172 2891 310 2952 structas
346 2885 521 2970 implicatis
552 2888 735 2970 captisque,
771 2906 790 2950 a
819 2885 892 2953 Sole
921 2886 1103 2952 admonitus
1125 2887 1306 2969 ιίρνρίμνλον
1330 2889 1361 2956 δέ

172 2995 229 3074 σφ’
257 2989 329 3065 ἦλθε
353 2991 532 3070 περικλυτὸς
556 2983 760 3072 doponatur.
808 2992 893 3058 Hinc
918 2997 1083 3079 praecepte
1106 2993 1234 3060 deducit
1256 3016 1361 3082 grem·

172 3102 311 3166 motione
341 3099 447 3164 nescio
478 3101 549 3182 quis
579 3119 751 3184 senequam
774 3101 880 3186 magis
902 3097 1096 3166 Graecorum
1120 3101 1263 3166 moribus
1287 3123 1361 3167 con-

173 3207 333 3274 venientia
363 3223 459 3289 quam
491 3206 624 3270 nostris:
649 3205 784 3269 διδοίσκει
808 3205 840 3269 δὲ
865 3206 917 3270 καί
944 3207 978 3269 ἐκ
1001 3206 1107 3272 τούτου
1131 3206 1167 3272 τὸ
1191 3207 1361 3288 χρήσιμον,

174 3320 237 3386 πῶς
270 3311 317 3376 δεῖ
348 3311 400 3376 καί
425 3313 484 3382 τὰς
509 3310 656 3383 τοιαύτας
681 3309 902 3399 σύνιτροίξεων
924 3313 1208 3394 μεταχειρίζεσθαι.
1232 3317 1276 3392 μίρ
1299 3339 1362 3392 με·

174 3418 403 3496 μκνυμέννρτ
436 3425 492 3491 τῆς
520 3419 656 3499 φθορᾶς,
679 3419 754 3482 ἀλλ’
779 3416 994 3496 ύτονοονμέννρι
1020 3419 1033 3483 ί
1056 3418 1177 3498 λίνος
1203 3415 1273 3501 εἶχε
1297 3422 1362 3487 δια-

173 3527 298 3592 κωλύειν
323 3522 392 3590 ίίνια
406 3571 552 3589 .......
577 3523 808 3610 τετολμημένης
832 3527 931 3598 αὐτῆς
955 3549 1039 3590 κατα
1054 3573 1198 3592 .......
1223 3527 1282 3593 ἔδει
1306 3537 1360 3602 τῆς

173 3635 288 3716 φθορᾶς
303 3679 490 3698 .........
515 3629 578 3718 (Τ).
616 3631 803 3718 Quicunque
826 3632 904 3698 haec
923 3633 1065 3717 primum
1085 3633 1274 3721 perlegerit,
1287 3635 1362 3702 huic

58 3749 61 3754 '
174 3747 223 3808 snt
252 3743 316 3805 scio
347 3739 433 3804 idem
461 3739 600 3822 accidet,
625 3760 661 3804 ac
685 3739 768 3804 mihi
790 3738 942 3805 eccidisse
965 3738 1115 3804 audacter
1136 3737 1303 3817 confiteor,
1328 3753 1364 3808 ut

175 3849 214 3913 de
238 3847 394 3912 sententia
417 3843 629 3930 qualicunque
653 3846 727 3910 hinc
746 3843 915 3921 elicienda,
937 3863 1017 3929 quae
1036 3865 1097 3910 non
1116 3865 1243 3930 prorsus
1257 3846 1364 3934 inepto

175 3957 232 4031 sit,
267 3951 360 4038 plane
390 3951 541 4036 desperet.
590 3950 680 4016 Adeo
714 3953 821 4015 omnia
854 3957 930 4016 sunt
957 3970 1018 4015 non
1043 3951 1154 4026 rerba,
1180 3952 1234 4018 sed
1257 3957 1364 4042 aenig-

176 4065 281 4136 mate,
306 4078 369 4124 non
394 4059 585 4132 sententiae,
610 4055 665 4121 sed
689 4053 830 4122 laciniae.
880 4056 990 4140 Neque
1014 4061 1141 4124 tantum
1164 4061 1364 4144 superiorum

176 4167 335 4234 editorum
367 4183 461 4249 opera
494 4161 576 4226 nihil
600 4162 721 4227 confert
744 4161 783 4228 ad
807 4161 952 4228 tenebras
974 4160 1036 4228 loci
1059 4162 1285 4248 dispellendae,
1310 4168 1364 4234 aad

176 4276 300 4360 potius,
327 4309 368 4321 -
399 4269 482 4356 quod
512 4267 657 4353 inprimis
688 4267 726 4332 do
757 4267 897 4334 Prellero
927 4267 1029 4346 valet,
1061 4289 1134 4334 nem
1166 4269 1364 4351 Dindorlius‚

178 4381 346 4464 desperans
377 4384 414 4441 ut
444 4375 589 4458 videtur,
621 4395 734 4440 manus
765 4376 939 4456 abstinuit,
973 4413 1012 4422 —
1039 4395 1057 4440 a
1088 4379 1154 4441 veri
1185 4379 1366 4446 inveniendi

178 4488 233 4553 via
256 4505 313 4550 nos
337 4483 475 4548 abducit.
524 4483 610 4560 Quae
634 4483 718 4546 enim
743 4480 820 4546 haec
840 4483 996 4567 oppositio
1020 4487 1083 4548 est:
1108 4491 1164 4557 τῆς
1184 4485 1299 4566 Φθορνῖι
1322 4490 1365 4566 μὴ
