<?xml version="1.0" encoding="UTF-8"?>
<!DOCTYPE html PUBLIC "-//W3C//DTD XHTML 1.0 Transitional//EN"
    "http://www.w3.org/TR/xhtml1/DTD/xhtml1-transitional.dtd">
<html xmlns="http://www.w3.org/1999/xhtml" xml:lang="en" lang="en">
 <head>
  <title>
</title>
<meta http-equiv="Content-Type" content="text/html;charset=utf-8" />
  <meta name='ocr-system' content='tesseract 3.04.00' />
  <meta name='ocr-capabilities' content='ocr_page ocr_carea ocr_par ocr_line ocrx_word'/>
</head>
<body>
  <div class='ocr_page' id='page_1' title='image "./adodysseameiusq01polagoog_0293.png"; bbox 0 0 3278 5148; ppageno 0'>
   <div class='ocr_carea' id='block_1_1' title="bbox 834 285 900 361">
    <p class='ocr_par' dir='ltr' id='par_1_1' title="bbox 834 285 900 361">
     <span class='ocr_line' id='line_1_1' title="bbox 834 285 900 361; baseline 0 -3"><span class='ocrx_word' id='word_1_1' title='bbox 834 285 900 361; x_wconf 81' lang='lat'><strong><em>278</em></strong></span> 
     </span>
    </p>
   </div>
   <div class='ocr_carea' id='block_1_2' title="bbox 270 477 1461 572">
    <p class='ocr_par' dir='ltr' id='par_1_2' title="bbox 270 477 1461 572">
     <span class='ocr_line' id='line_1_2' title="bbox 270 477 1461 572; baseline -0.003 -22"><span class='ocrx_word' id='word_1_2' title='bbox 270 501 309 550; x_wconf 85' lang='lat' dir='ltr'><strong>ex</strong></span> <span class='ocrx_word' id='word_1_3' title='bbox 336 501 483 570; x_wconf 82' lang='lat' dir='ltr'><strong>perverso</strong></span> <span class='ocrx_word' id='word_1_4' title='bbox 506 482 730 564; x_wconf 78' lang='grc' dir='ltr'><strong><em>παρανομίνας</em></strong></span> <span class='ocrx_word' id='word_1_5' title='bbox 753 486 933 572; x_wconf 83' lang='lat' dir='ltr'><strong>perversius</strong></span> <span class='ocrx_word' id='word_1_6' title='bbox 956 479 1213 564; x_wconf 69' lang='grc' dir='ltr'><strong><em>παραγενομένας</em></strong></span> <span class='ocrx_word' id='word_1_7' title='bbox 1238 477 1461 570; x_wconf 80' lang='lat' dir='ltr'><strong>procederent.</strong></span> 
     </span>
    </p>
   </div>
   <div class='ocr_carea' id='block_1_3' title="bbox 264 695 1490 2281">
    <p class='ocr_par' dir='ltr' id='par_1_3' title="bbox 264 695 1490 2281">
     <span class='ocr_line' id='line_1_3' title="bbox 314 695 1462 785; baseline 0.001 -21"><span class='ocrx_word' id='word_1_8' title='bbox 314 723 347 777; x_wconf 86' lang='grc' dir='ltr'><strong><em>ε,</em></strong></span> <span class='ocrx_word' id='word_1_9' title='bbox 372 697 426 764; x_wconf 83' lang='grc'><strong><em>51.</em></strong></span> <span class='ocrx_word' id='word_1_10' title='bbox 474 697 729 785; x_wconf 70' lang='lat' dir='ltr'><strong>Praecipitatus</strong></span> <span class='ocrx_word' id='word_1_11' title='bbox 761 696 942 766; x_wconf 82' lang='lat' dir='ltr'><strong>Mercurius</strong></span> <span class='ocrx_word' id='word_1_12' title='bbox 965 698 1000 764; x_wconf 92' lang='lat' dir='ltr'><strong><em>in</em></strong></span> <span class='ocrx_word' id='word_1_13' title='bbox 1024 695 1462 780; x_wconf 56' lang='lat' dir='ltr'><strong>marcianensibus..</strong></span> 
     </span>
     <span class='ocr_line' id='line_1_4' title="bbox 270 802 1462 894; baseline -0.001 -24"><span class='ocrx_word' id='word_1_14' title='bbox 270 802 487 894; x_wconf 74' lang='lat' dir='ltr'><strong>Investigatur</strong></span> <span class='ocrx_word' id='word_1_15' title='bbox 509 825 620 872; x_wconf 81' lang='lat' dir='ltr'><strong>censa:</strong></span> <span class='ocrx_word' id='word_1_16' title='bbox 645 803 697 871; x_wconf 76' lang='grc' dir='ltr'><strong><em>δια</em></strong></span> <span class='ocrx_word' id='word_1_17' title='bbox 720 805 753 872; x_wconf 91' lang='grc' dir='ltr'><strong><em>τί</em></strong></span> <span class='ocrx_word' id='word_1_18' title='bbox 775 803 857 887; x_wconf 81' lang='grc' dir='ltr'><strong><em>λοίριρ</em></strong></span> <span class='ocrx_word' id='word_1_19' title='bbox 881 805 934 872; x_wconf 79' lang='grc' dir='ltr'><strong><em>καί</em></strong></span> <span class='ocrx_word' id='word_1_20' title='bbox 958 807 1002 885; x_wconf 76' lang='grc' dir='ltr'><strong><em>μη</em></strong></span> <span class='ocrx_word' id='word_1_21' title='bbox 1027 806 1108 887; x_wconf 76' lang='grc' dir='ltr'><strong><em>οίετῷ</em></strong></span> <span class='ocrx_word' id='word_1_22' title='bbox 1132 807 1232 878; x_wconf 74' lang='grc' dir='ltr'><strong><em>ἐοικὼς</em></strong></span> <span class='ocrx_word' id='word_1_23' title='bbox 1258 803 1385 888; x_wconf 78' lang='grc' dir='ltr'><strong><em>ύηύλλῳ</em></strong></span> <span class='ocrx_word' id='word_1_24' title='bbox 1405 804 1462 871; x_wconf 82' lang='grc' dir='ltr'><strong><em>τινί</em></strong></span> 
     </span>
     <span class='ocr_line' id='line_1_5' title="bbox 270 909 1490 996; baseline 0.001 -20"><span class='ocrx_word' id='word_1_25' title='bbox 270 911 412 993; x_wconf 72' lang='grc' dir='ltr'><strong><em>τοιούτοις</em></strong></span> <span class='ocrx_word' id='word_1_26' title='bbox 450 911 524 978; x_wconf 89' lang='grc' dir='ltr'><strong><em>διύτι</em></strong></span> <span class='ocrx_word' id='word_1_27' title='bbox 552 910 616 978; x_wconf 86' lang='grc' dir='ltr'><strong><em>οὔτ’</em></strong></span> <span class='ocrx_word' id='word_1_28' title='bbox 643 914 736 985; x_wconf 82' lang='grc' dir='ltr'><strong><em>οίετίς</em></strong></span> <span class='ocrx_word' id='word_1_29' title='bbox 765 911 829 978; x_wconf 78' lang='grc' dir='ltr'><strong><em>οὔτ’</em></strong></span> <span class='ocrx_word' id='word_1_30' title='bbox 862 909 943 978; x_wconf 74' lang='grc' dir='ltr'><strong><em>ἄλλο</em></strong></span> <span class='ocrx_word' id='word_1_31' title='bbox 973 936 1002 979; x_wconf 94' lang='grc' dir='ltr'><strong><em>τι</em></strong></span> <span class='ocrx_word' id='word_1_32' title='bbox 1034 921 1181 996; x_wconf 79' lang='grc' dir='ltr'><strong><em>χερσαῖον</em></strong></span> <span class='ocrx_word' id='word_1_33' title='bbox 1213 911 1308 995; x_wconf 87' lang='grc' dir='ltr'><strong><em>ύρνεον</em></strong></span> <span class='ocrx_word' id='word_1_34' title='bbox 1332 911 1490 980; x_wconf 83' lang='grc' dir='ltr'><strong><em>δύναταιΙ</em></strong></span> 
     </span>
     <span class='ocr_line' id='line_1_6' title="bbox 269 1017 1463 1102; baseline 0 -18"><span class='ocrx_word' id='word_1_35' title='bbox 269 1018 402 1084; x_wconf 82' lang='grc' dir='ltr'><strong><em>πλέειν</em></strong></span> <span class='ocrx_word' id='word_1_36' title='bbox 425 1019 464 1092; x_wconf 82' lang='grc' dir='ltr'><strong><em>ὦς</em></strong></span> <span class='ocrx_word' id='word_1_37' title='bbox 488 1023 547 1084; x_wconf 82' lang='grc' dir='ltr'><strong><em>τῶν</em></strong></span> <span class='ocrx_word' id='word_1_38' title='bbox 571 1024 686 1100; x_wconf 80' lang='grc' dir='ltr'><strong><em>πτερῶν</em></strong></span> <span class='ocrx_word' id='word_1_39' title='bbox 711 1019 901 1099; x_wconf 78' lang='grc' dir='ltr'><strong><em>ύραιονριίνοιν</em></strong></span> <span class='ocrx_word' id='word_1_40' title='bbox 924 1017 1025 1099; x_wconf 82' lang='grc' dir='ltr'><strong><em>ύντοιν,</em></strong></span> <span class='ocrx_word' id='word_1_41' title='bbox 1049 1018 1113 1085; x_wconf 71' lang='lat' dir='ltr'><strong>etc</strong></span> <span class='ocrx_word' id='word_1_42' title='bbox 1130 1018 1223 1102; x_wconf 87' lang='grc' dir='ltr'><strong><em>λοίρος</em></strong></span> <span class='ocrx_word' id='word_1_43' title='bbox 1249 1019 1463 1090; x_wconf 85' lang='grc' dir='ltr'><strong><em>ύαλιίτσιος</em></strong></span> 
     </span>
     <span class='ocr_line' id='line_1_7' title="bbox 269 1107 1460 1208; baseline 0.002 -18"><span class='ocrx_word' id='word_1_44' title='bbox 269 1125 321 1190; x_wconf 84' lang='grc' dir='ltr'><strong><em>καί</em></strong></span> <span class='ocrx_word' id='word_1_45' title='bbox 353 1124 544 1206; x_wconf 84' lang='grc' dir='ltr'><strong><em>ποκνίτερος.</em></strong></span> <span class='ocrx_word' id='word_1_46' title='bbox 569 1125 620 1192; x_wconf 86' lang='grc' dir='ltr'><strong><em>καί</em></strong></span> <span class='ocrx_word' id='word_1_47' title='bbox 644 1129 699 1194; x_wconf 89' lang='grc' dir='ltr'><strong><em>ούκ</em></strong></span> <span class='ocrx_word' id='word_1_48' title='bbox 723 1124 758 1204; x_wconf 76' lang='grc' dir='ltr'><strong><em>ἦν</em></strong></span> <span class='ocrx_word' id='word_1_49' title='bbox 781 1125 959 1204; x_wconf 79' lang='grc' dir='ltr'><strong><em>ίμοιοιίιῑναι</em></strong></span> <span class='ocrx_word' id='word_1_50' title='bbox 982 1123 1070 1208; x_wconf 74' lang='grc' dir='ltr'><strong><em>ἄλλοι</em></strong></span> <span class='ocrx_word' id='word_1_51' title='bbox 1093 1107 1151 1195; x_wconf 73' lang='grc' dir='ltr'><strong><em>τινί</em></strong></span> <span class='ocrx_word' id='word_1_52' title='bbox 1174 1125 1335 1206; x_wconf 88' lang='grc' dir='ltr'><strong><em>ίαλαστίιρ</em></strong></span> <span class='ocrx_word' id='word_1_53' title='bbox 1358 1123 1395 1192; x_wconf 83' lang='grc' dir='ltr'><strong><em>δι’</em></strong></span> <span class='ocrx_word' id='word_1_54' title='bbox 1420 1121 1460 1192; x_wconf 91' lang='grc' dir='ltr'><strong><em>εί·</em></strong></span> 
     </span>
     <span class='ocr_line' id='line_1_8' title="bbox 270 1231 1462 1314; baseline 0.002 -18"><span class='ocrx_word' id='word_1_55' title='bbox 270 1231 335 1310; x_wconf 85' lang='grc' dir='ltr'><strong><em>δος,</em></strong></span> <span class='ocrx_word' id='word_1_56' title='bbox 368 1232 473 1298; x_wconf 77' lang='grc' dir='ltr'><strong><em>ύλλοὶ</em></strong></span> <span class='ocrx_word' id='word_1_57' title='bbox 504 1231 555 1299; x_wconf 82' lang='grc' dir='ltr'><strong><em>δἰοὶ</em></strong></span> <span class='ocrx_word' id='word_1_58' title='bbox 585 1233 621 1298; x_wconf 85' lang='grc' dir='ltr'><strong><em>τδ</em></strong></span> <span class='ocrx_word' id='word_1_59' title='bbox 650 1234 795 1314; x_wconf 82' lang='grc' dir='ltr'><strong><em>λαμπρὸν</em></strong></span> <span class='ocrx_word' id='word_1_60' title='bbox 825 1233 878 1298; x_wconf 78' lang='grc' dir='ltr'><strong><em>καί</em></strong></span> <span class='ocrx_word' id='word_1_61' title='bbox 910 1236 1018 1300; x_wconf 62' lang='lat' dir='ltr'><strong>aevae</strong></span> <span class='ocrx_word' id='word_1_62' title='bbox 1046 1239 1100 1300; x_wconf 83' lang='grc' dir='ltr'><strong><em>τοῦ</em></strong></span> <span class='ocrx_word' id='word_1_63' title='bbox 1126 1236 1211 1301; x_wconf 78' lang='grc' dir='ltr'><strong><em>θεοῦ·</em></strong></span> <span class='ocrx_word' id='word_1_64' title='bbox 1238 1237 1373 1308; x_wconf 81' lang='grc' dir='ltr'><strong><em>τοιοῦτος</em></strong></span> <span class='ocrx_word' id='word_1_65' title='bbox 1398 1235 1462 1314; x_wconf 69' lang='grc' dir='ltr'><strong><em>γὰρ</em></strong></span> 
     </span>
     <span class='ocr_line' id='line_1_9' title="bbox 269 1337 1463 1429; baseline 0.002 -25"><span class='ocrx_word' id='word_1_66' title='bbox 269 1338 321 1404; x_wconf 77' lang='grc' dir='ltr'><strong><em>καί</em></strong></span> <span class='ocrx_word' id='word_1_67' title='bbox 346 1337 360 1402; x_wconf 86' lang='grc' dir='ltr'><strong><em>ύ</em></strong></span> <span class='ocrx_word' id='word_1_68' title='bbox 384 1337 489 1420; x_wconf 85' lang='grc' dir='ltr'><strong><em>λοίρος·</em></strong></span> <span class='ocrx_word' id='word_1_69' title='bbox 512 1342 551 1412; x_wconf 77' lang='grc' dir='ltr'><strong><em>ὡς</em></strong></span> <span class='ocrx_word' id='word_1_70' title='bbox 575 1341 617 1422; x_wconf 80' lang='grc' dir='ltr'><strong><em>τῷ</em></strong></span> <span class='ocrx_word' id='word_1_71' title='bbox 642 1341 717 1420; x_wconf 79' lang='grc' dir='ltr'><strong><em>ηλίιρ</em></strong></span> <span class='ocrx_word' id='word_1_72' title='bbox 741 1340 755 1405; x_wconf 79' lang='lat' dir='ltr'><strong><em>i</em></strong></span> <span class='ocrx_word' id='word_1_73' title='bbox 779 1341 885 1414; x_wconf 90' lang='grc' dir='ltr'><strong><em>κύκνος</em></strong></span> <span class='ocrx_word' id='word_1_74' title='bbox 908 1341 1101 1407; x_wconf 71' lang='grc' dir='ltr'><strong><em>ἀνατίθεται.</em></strong></span> <span class='ocrx_word' id='word_1_75' title='bbox 1122 1341 1174 1429; x_wconf 81' lang='grc' dir='ltr'><strong><em>(Ε)</em></strong></span> <span class='ocrx_word' id='word_1_76' title='bbox 1195 1339 1346 1406; x_wconf 90' lang='lat' dir='ltr'><strong>Primum</strong></span> <span class='ocrx_word' id='word_1_77' title='bbox 1366 1341 1463 1407; x_wconf 81' lang='lat' dir='ltr'><strong>scribi</strong></span> 
     </span>
     <span class='ocr_line' id='line_1_10' title="bbox 268 1445 1462 1534; baseline 0 -22"><span class='ocrx_word' id='word_1_78' title='bbox 268 1451 410 1532; x_wconf 82' lang='lat' dir='ltr'><strong>oportet,</strong></span> <span class='ocrx_word' id='word_1_79' title='bbox 447 1445 558 1531; x_wconf 83' lang='lat' dir='ltr'><strong>credo,</strong></span> <span class='ocrx_word' id='word_1_80' title='bbox 593 1465 655 1512; x_wconf 89' lang='lat' dir='ltr'><strong><em>non</em></strong></span> <span class='ocrx_word' id='word_1_81' title='bbox 690 1445 795 1514; x_wconf 81' lang='lat' dir='ltr'><strong>solum</strong></span> <span class='ocrx_word' id='word_1_82' title='bbox 828 1456 931 1526; x_wconf 84' lang='grc' dir='ltr'><strong><em>πλεῖν,</em></strong></span> <span class='ocrx_word' id='word_1_83' title='bbox 956 1447 1008 1514; x_wconf 85' lang='lat' dir='ltr'><strong>sed</strong></span> <span class='ocrx_word' id='word_1_84' title='bbox 1037 1450 1154 1513; x_wconf 85' lang='lat' dir='ltr'><strong>etiam:</strong></span> <span class='ocrx_word' id='word_1_85' title='bbox 1178 1448 1192 1513; x_wconf 81' lang='grc' dir='ltr'><strong><em>ὁ</em></strong></span> <span class='ocrx_word' id='word_1_86' title='bbox 1217 1447 1248 1512; x_wconf 78' lang='lat' dir='ltr'><strong>u</strong></span> <span class='ocrx_word' id='word_1_87' title='bbox 1271 1445 1364 1529; x_wconf 81' lang='grc' dir='ltr'><strong><em>λύρας</em></strong></span> <span class='ocrx_word' id='word_1_88' title='bbox 1390 1447 1462 1534; x_wconf 81' lang='grc' dir='ltr'><strong><em>(ὥς)</em></strong></span> 
     </span>
     <span class='ocr_line' id='line_1_11' title="bbox 268 1552 1458 1642; baseline 0.002 -24"><span class='ocrx_word' id='word_1_89' title='bbox 268 1554 434 1623; x_wconf 83' lang='grc' dir='ltr'><strong><em>ύαλοίστιος</em></strong></span> <span class='ocrx_word' id='word_1_90' title='bbox 465 1553 519 1618; x_wconf 79' lang='grc' dir='ltr'><strong><em>καί</em></strong></span> <span class='ocrx_word' id='word_1_91' title='bbox 550 1553 742 1634; x_wconf 84' lang='grc' dir='ltr'><strong><em>πυκνύτερος.</em></strong></span> <span class='ocrx_word' id='word_1_92' title='bbox 789 1552 851 1620; x_wconf 78' lang='lat' dir='ltr'><strong>Sed</strong></span> <span class='ocrx_word' id='word_1_93' title='bbox 883 1556 1012 1620; x_wconf 85' lang='lat' dir='ltr'><strong>maioris</strong></span> <span class='ocrx_word' id='word_1_94' title='bbox 1043 1553 1140 1642; x_wconf 85' lang='lat' dir='ltr'><strong>paulo</strong></span> <span class='ocrx_word' id='word_1_95' title='bbox 1162 1557 1320 1621; x_wconf 80' lang='lat' dir='ltr'><strong>momenti</strong></span> <span class='ocrx_word' id='word_1_96' title='bbox 1343 1559 1391 1620; x_wconf 86' lang='lat' dir='ltr'><strong>est</strong></span> <span class='ocrx_word' id='word_1_97' title='bbox 1413 1557 1458 1620; x_wconf 91' lang='lat' dir='ltr'><strong><em>in·</em></strong></span> 
     </span>
     <span class='ocr_line' id='line_1_12' title="bbox 267 1657 1460 1746; baseline -0.001 -21"><span class='ocrx_word' id='word_1_98' title='bbox 267 1661 432 1745; x_wconf 85' lang='lat' dir='ltr'><strong>aptissima</strong></span> <span class='ocrx_word' id='word_1_99' title='bbox 461 1661 494 1724; x_wconf 92' lang='lat' dir='ltr'><strong><em>in</em></strong></span> <span class='ocrx_word' id='word_1_100' title='bbox 522 1659 727 1746; x_wconf 79' lang='lat' dir='ltr'><strong>sequentibus</strong></span> <span class='ocrx_word' id='word_1_101' title='bbox 751 1663 908 1746; x_wconf 80' lang='lat' dir='ltr'><strong>oppositio</strong></span> <span class='ocrx_word' id='word_1_102' title='bbox 933 1663 1074 1728; x_wconf 75' lang='lat' dir='ltr'><strong>inierat</strong></span> <span class='ocrx_word' id='word_1_103' title='bbox 1098 1657 1177 1736; x_wconf 87' lang='grc' dir='ltr'><strong><em>είδος</em></strong></span> <span class='ocrx_word' id='word_1_104' title='bbox 1201 1668 1235 1728; x_wconf 90' lang='lat' dir='ltr'><strong>et</strong></span> <span class='ocrx_word' id='word_1_105' title='bbox 1258 1660 1293 1725; x_wconf 84' lang='grc' dir='ltr'><strong><em>τδ</em></strong></span> <span class='ocrx_word' id='word_1_106' title='bbox 1316 1661 1460 1742; x_wconf 81' lang='grc' dir='ltr'><strong><em>λαμπρὸν</em></strong></span> 
     </span>
     <span class='ocr_line' id='line_1_13' title="bbox 266 1764 1459 1854; baseline 0.002 -25"><span class='ocrx_word' id='word_1_107' title='bbox 266 1765 319 1829; x_wconf 78' lang='grc' dir='ltr'><strong><em>καί</em></strong></span> <span class='ocrx_word' id='word_1_108' title='bbox 343 1764 452 1832; x_wconf 78' lang='grc' dir='ltr'><strong><em>λευκὸν</em></strong></span> <span class='ocrx_word' id='word_1_109' title='bbox 474 1771 528 1831; x_wconf 85' lang='grc' dir='ltr'><strong><em>τοῦ</em></strong></span> <span class='ocrx_word' id='word_1_110' title='bbox 553 1767 629 1844; x_wconf 77' lang='grc' dir='ltr'><strong><em>θεοῦ,</em></strong></span> <span class='ocrx_word' id='word_1_111' title='bbox 654 1769 744 1852; x_wconf 86' lang='lat' dir='ltr'><strong>qnasi</strong></span> <span class='ocrx_word' id='word_1_112' title='bbox 767 1788 830 1833; x_wconf 87' lang='lat' dir='ltr'><strong><em>non</em></strong></span> <span class='ocrx_word' id='word_1_113' title='bbox 853 1767 904 1833; x_wconf 88' lang='lat' dir='ltr'><strong><em>his</em></strong></span> <span class='ocrx_word' id='word_1_114' title='bbox 927 1766 1005 1854; x_wconf 82' lang='lat' dir='ltr'><strong>ipsis</strong></span> <span class='ocrx_word' id='word_1_115' title='bbox 1027 1769 1062 1833; x_wconf 80' lang='grc' dir='ltr'><strong><em>τὸ</em></strong></span> <span class='ocrx_word' id='word_1_116' title='bbox 1085 1764 1165 1837; x_wconf 84' lang='grc' dir='ltr'><strong><em>εἶδος</em></strong></span> <span class='ocrx_word' id='word_1_117' title='bbox 1188 1771 1321 1834; x_wconf 84' lang='lat' dir='ltr'><strong>constet.</strong></span> <span class='ocrx_word' id='word_1_118' title='bbox 1369 1765 1459 1848; x_wconf 80' lang='lat' dir='ltr'><strong>Quod</strong></span> 
     </span>
     <span class='ocr_line' id='line_1_14' title="bbox 266 1869 1459 1960; baseline 0.001 -24"><span class='ocrx_word' id='word_1_119' title='bbox 266 1874 294 1936; x_wconf 89' lang='lat' dir='ltr'><strong><em>ei</em></strong></span> <span class='ocrx_word' id='word_1_120' title='bbox 323 1875 370 1938; x_wconf 85' lang='lat' dir='ltr'><strong><em>ita</em></strong></span> <span class='ocrx_word' id='word_1_121' title='bbox 401 1877 467 1950; x_wconf 82' lang='lat' dir='ltr'><strong>eet,</strong></span> <span class='ocrx_word' id='word_1_122' title='bbox 492 1871 683 1960; x_wconf 77' lang='lat' dir='ltr'><strong>effugiemus</strong></span> <span class='ocrx_word' id='word_1_123' title='bbox 705 1875 840 1958; x_wconf 86' lang='lat' dir='ltr'><strong>ineptias</strong></span> <span class='ocrx_word' id='word_1_124' title='bbox 864 1873 1044 1940; x_wconf 86' lang='lat' dir='ltr'><strong>scribendo:</strong></span> <span class='ocrx_word' id='word_1_125' title='bbox 1069 1875 1122 1940; x_wconf 83' lang='grc' dir='ltr'><strong><em>καί</em></strong></span> <span class='ocrx_word' id='word_1_126' title='bbox 1147 1875 1200 1942; x_wconf 89' lang='grc' dir='ltr'><strong><em>ούιο</em></strong></span> <span class='ocrx_word' id='word_1_127' title='bbox 1225 1869 1257 1946; x_wconf 65' lang='lat' dir='ltr'><strong>»iv</strong></span> <span class='ocrx_word' id='word_1_128' title='bbox 1282 1873 1459 1951; x_wconf 66' lang='lat' dir='ltr'><strong>imicitiam</strong></span> 
     </span>
     <span class='ocr_line' id='line_1_15' title="bbox 267 1975 1460 2061; baseline 0.002 -19"><span class='ocrx_word' id='word_1_129' title='bbox 267 1978 355 2060; x_wconf 78' lang='grc' dir='ltr'><strong><em>ἄλλῳ</em></strong></span> <span class='ocrx_word' id='word_1_130' title='bbox 386 1980 442 2043; x_wconf 76' lang='grc' dir='ltr'><strong><em>τινί</em></strong></span> <span class='ocrx_word' id='word_1_131' title='bbox 475 1975 643 2060; x_wconf 67' lang='grc' dir='ltr'><strong><em>θαλαττίῳ</em></strong></span> <span class='ocrx_word' id='word_1_132' title='bbox 675 1980 712 2046; x_wconf 83' lang='grc' dir='ltr'><strong><em>δι’</em></strong></span> <span class='ocrx_word' id='word_1_133' title='bbox 741 1975 841 2058; x_wconf 81' lang='grc' dir='ltr'><strong><em>εἶδος,</em></strong></span> <span class='ocrx_word' id='word_1_134' title='bbox 864 1978 951 2056; x_wconf 74' lang='grc' dir='ltr'><strong><em>ἅμα</em></strong></span> <span class='ocrx_word' id='word_1_135' title='bbox 973 1980 1025 2046; x_wconf 77' lang='grc' dir='ltr'><strong><em>διοὶ</em></strong></span> <span class='ocrx_word' id='word_1_136' title='bbox 1048 1980 1084 2045; x_wconf 81' lang='grc' dir='ltr'><strong><em>τὸ</em></strong></span> <span class='ocrx_word' id='word_1_137' title='bbox 1108 1981 1251 2061; x_wconf 78' lang='grc' dir='ltr'><strong><em>λαμπρὸν</em></strong></span> <span class='ocrx_word' id='word_1_138' title='bbox 1275 1979 1328 2045; x_wconf 79' lang='grc' dir='ltr'><strong><em>καὶ</em></strong></span> <span class='ocrx_word' id='word_1_139' title='bbox 1352 1980 1460 2045; x_wconf 82' lang='grc' dir='ltr'><strong><em>λευκὸν</em></strong></span> 
     </span>
     <span class='ocr_line' id='line_1_16' title="bbox 265 2085 1461 2171; baseline 0.001 -21"><span class='ocrx_word' id='word_1_140' title='bbox 265 2091 319 2150; x_wconf 85' lang='grc' dir='ltr'><strong><em>τοῦ</em></strong></span> <span class='ocrx_word' id='word_1_141' title='bbox 344 2086 427 2151; x_wconf 79' lang='grc' dir='ltr'><strong><em>θεοῦ·</em></strong></span> <span class='ocrx_word' id='word_1_142' title='bbox 450 2122 470 2135; x_wconf 91' lang='grc'><strong>-</strong></span> <span class='ocrx_word' id='word_1_143' title='bbox 484 2121 503 2136; x_wconf 90' lang='grc'>-</span> <span class='ocrx_word' id='word_1_144' title='bbox 517 2122 537 2135; x_wconf 91' lang='grc'><strong>-</strong></span> <span class='ocrx_word' id='word_1_145' title='bbox 560 2089 599 2158; x_wconf 80' lang='grc' dir='ltr'><strong><em>ὡς</em></strong></span> <span class='ocrx_word' id='word_1_146' title='bbox 624 2087 665 2167; x_wconf 78' lang='grc' dir='ltr'><strong><em>τῷ</em></strong></span> <span class='ocrx_word' id='word_1_147' title='bbox 690 2087 764 2169; x_wconf 77' lang='grc' dir='ltr'><strong><em>ἡλίῳ</em></strong></span> <span class='ocrx_word' id='word_1_148' title='bbox 790 2087 802 2152; x_wconf 83' lang='grc' dir='ltr'><strong><em>ι’</em></strong></span> <span class='ocrx_word' id='word_1_149' title='bbox 828 2087 933 2159; x_wconf 83' lang='grc' dir='ltr'><strong><em>κύκνος</em></strong></span> <span class='ocrx_word' id='word_1_150' title='bbox 954 2085 1166 2165; x_wconf 56' lang='lat' dir='ltr'><strong>ascriberet,</strong></span> <span class='ocrx_word' id='word_1_151' title='bbox 1195 2086 1354 2171; x_wconf 86' lang='lat' dir='ltr'><strong>simulque</strong></span> <span class='ocrx_word' id='word_1_152' title='bbox 1375 2105 1461 2152; x_wconf 89' lang='lat' dir='ltr'><strong>com·</strong></span> 
     </span>
     <span class='ocr_line' id='line_1_17' title="bbox 264 2191 1458 2281; baseline 0 -23"><span class='ocrx_word' id='word_1_153' title='bbox 264 2192 438 2278; x_wconf 75' lang='lat' dir='ltr'><strong>putationis</strong></span> <span class='ocrx_word' id='word_1_154' title='bbox 468 2214 541 2260; x_wconf 87' lang='lat' dir='ltr'><strong>enm</strong></span> <span class='ocrx_word' id='word_1_155' title='bbox 574 2191 639 2258; x_wconf 88' lang='lat' dir='ltr'><strong>soie</strong></span> <span class='ocrx_word' id='word_1_156' title='bbox 670 2200 703 2258; x_wconf 91' lang='lat' dir='ltr'><strong>et</strong></span> <span class='ocrx_word' id='word_1_157' title='bbox 726 2214 824 2281; x_wconf 86' lang='lat' dir='ltr'><strong>cycno</strong></span> <span class='ocrx_word' id='word_1_158' title='bbox 848 2197 1013 2260; x_wconf 85' lang='lat' dir='ltr'><strong>institutae</strong></span> <span class='ocrx_word' id='word_1_159' title='bbox 1036 2195 1118 2260; x_wconf 89' lang='lat' dir='ltr'><strong>ratio</strong></span> <span class='ocrx_word' id='word_1_160' title='bbox 1141 2193 1259 2260; x_wconf 82' lang='lat' dir='ltr'><strong>clarius</strong></span> <span class='ocrx_word' id='word_1_161' title='bbox 1284 2192 1458 2280; x_wconf 73' lang='lat' dir='ltr'><strong>apparebit.</strong></span> 
     </span>
    </p>
   </div>
   <div class='ocr_carea' id='block_1_4' title="bbox 261 2407 1460 4204">
    <p class='ocr_par' dir='ltr' id='par_1_4' title="bbox 261 2407 1460 3550">
     <span class='ocr_line' id='line_1_18' title="bbox 312 2407 1457 2492; baseline -0.001 -16"><span class='ocrx_word' id='word_1_162' title='bbox 312 2435 343 2490; x_wconf 83' lang='grc' dir='ltr'><strong><em>ε,</em></strong></span> <span class='ocrx_word' id='word_1_163' title='bbox 370 2410 424 2477; x_wconf 82' lang='grc'><strong><em>54.</em></strong></span> <span class='ocrx_word' id='word_1_164' title='bbox 458 2410 512 2478; x_wconf 81' lang='lat' dir='ltr'><strong><em>Ad</em></strong></span> <span class='ocrx_word' id='word_1_165' title='bbox 534 2411 619 2477; x_wconf 87' lang='lat' dir='ltr'><strong>hunc</strong></span> <span class='ocrx_word' id='word_1_166' title='bbox 643 2431 771 2477; x_wconf 83' lang='lat' dir='ltr'><strong>versum</strong></span> <span class='ocrx_word' id='word_1_167' title='bbox 796 2409 908 2476; x_wconf 86' lang='lat' dir='ltr'><strong>retulit</strong></span> <span class='ocrx_word' id='word_1_168' title='bbox 931 2407 1114 2475; x_wconf 87' lang='lat' dir='ltr'><strong>Dindortius</strong></span> <span class='ocrx_word' id='word_1_169' title='bbox 1137 2409 1294 2475; x_wconf 82' lang='lat' dir='ltr'><strong>ethetesin</strong></span> <span class='ocrx_word' id='word_1_170' title='bbox 1313 2412 1346 2475; x_wconf 91' lang='lat' dir='ltr'><strong><em>in</em></strong></span> <span class='ocrx_word' id='word_1_171' title='bbox 1367 2409 1457 2492; x_wconf 75' lang='lat' dir='ltr'><strong>Heu</strong></span> 
     </span>
     <span class='ocr_line' id='line_1_19' title="bbox 266 2515 1458 2598; baseline -0.006 -12"><span class='ocrx_word' id='word_1_172' title='bbox 266 2527 425 2586; x_wconf 83' lang='lat' dir='ltr'><strong>servatam</strong></span> <span class='ocrx_word' id='word_1_173' title='bbox 455 2519 554 2584; x_wconf 88' lang='lat' dir='ltr'><strong>hanc:</strong></span> <span class='ocrx_word' id='word_1_174' title='bbox 585 2517 747 2598; x_wconf 80' lang='grc' dir='ltr'><strong><em>προσίίηκέ</em></strong></span> <span class='ocrx_word' id='word_1_175' title='bbox 778 2540 823 2589; x_wconf 90' lang='grc' dir='ltr'><strong><em>τις</em></strong></span> <span class='ocrx_word' id='word_1_176' title='bbox 854 2518 886 2582; x_wconf 91' lang='grc' dir='ltr'><strong><em>ού</em></strong></span> <span class='ocrx_word' id='word_1_177' title='bbox 913 2516 1036 2584; x_wconf 86' lang='grc' dir='ltr'><strong><em>δείντοιο</em></strong></span> <span class='ocrx_word' id='word_1_178' title='bbox 1059 2517 1110 2581; x_wconf 79' lang='grc' dir='ltr'><strong><em>τὸν</em></strong></span> <span class='ocrx_word' id='word_1_179' title='bbox 1134 2516 1253 2597; x_wconf 78' lang='grc' dir='ltr'><strong><em>στίχον.</em></strong></span> <span class='ocrx_word' id='word_1_180' title='bbox 1278 2515 1330 2580; x_wconf 79' lang='grc' dir='ltr'><strong><em>καί</em></strong></span> <span class='ocrx_word' id='word_1_181' title='bbox 1355 2517 1458 2594; x_wconf 76' lang='grc' dir='ltr'><strong><em>μέντοι</em></strong></span> 
     </span>
     <span class='ocr_line' id='line_1_20' title="bbox 266 2621 1458 2706; baseline -0.003 -15"><span class='ocrx_word' id='word_1_182' title='bbox 266 2625 318 2691; x_wconf 86' lang='grc' dir='ltr'><strong><em>καί</em></strong></span> <span class='ocrx_word' id='word_1_183' title='bbox 350 2624 535 2706; x_wconf 78' lang='grc' dir='ltr'><strong><em>βραδύτερον</em></strong></span> <span class='ocrx_word' id='word_1_184' title='bbox 557 2625 718 2704; x_wconf 81' lang='grc' dir='ltr'><strong><em>πορεύεται</em></strong></span> <span class='ocrx_word' id='word_1_185' title='bbox 741 2625 785 2700; x_wconf 77' lang='grc' dir='ltr'><strong><em>μη</em></strong></span> <span class='ocrx_word' id='word_1_186' title='bbox 810 2624 965 2704; x_wconf 79' lang='grc' dir='ltr'><strong><em>χρώμενος</em></strong></span> <span class='ocrx_word' id='word_1_187' title='bbox 988 2625 1029 2702; x_wconf 74' lang='grc' dir='ltr'><strong><em>τῷ</em></strong></span> <span class='ocrx_word' id='word_1_188' title='bbox 1055 2623 1117 2704; x_wconf 78' lang='grc' dir='ltr'><strong><em>ἰδίῳ</em></strong></span> <span class='ocrx_word' id='word_1_189' title='bbox 1140 2621 1258 2704; x_wconf 80' lang='grc' dir='ltr'><strong><em>τιίχει,</em></strong></span> <span class='ocrx_word' id='word_1_190' title='bbox 1283 2621 1359 2688; x_wconf 70' lang='grc' dir='ltr'><strong><em>ἀλλ’</em></strong></span> <span class='ocrx_word' id='word_1_191' title='bbox 1385 2624 1458 2688; x_wconf 83' lang='grc' dir='ltr'><strong><em>ε’το-</em></strong></span> 
     </span>
     <span class='ocr_line' id='line_1_21' title="bbox 262 2729 1457 2814; baseline -0.001 -18"><span class='ocrx_word' id='word_1_192' title='bbox 262 2733 413 2814; x_wconf 82' lang='grc' dir='ltr'><strong><em>χούρςενος</em></strong></span> <span class='ocrx_word' id='word_1_193' title='bbox 445 2731 562 2808; x_wconf 82' lang='grc' dir='ltr'><strong><em>κύματι</em></strong></span> <span class='ocrx_word' id='word_1_194' title='bbox 596 2733 648 2795; x_wconf 76' lang='grc' dir='ltr'><strong><em>καί</em></strong></span> <span class='ocrx_word' id='word_1_195' title='bbox 679 2733 868 2809; x_wconf 81' lang='grc' dir='ltr'><strong><em>μιμούμενος</em></strong></span> <span class='ocrx_word' id='word_1_196' title='bbox 892 2729 983 2811; x_wconf 85' lang='grc' dir='ltr'><strong><em>λιίρον</em></strong></span> <span class='ocrx_word' id='word_1_197' title='bbox 1007 2730 1092 2794; x_wconf 85' lang='grc' dir='ltr'><strong><em>κατύι</em></strong></span> <span class='ocrx_word' id='word_1_198' title='bbox 1115 2729 1151 2794; x_wconf 81' lang='grc' dir='ltr'><strong><em>τὸ</em></strong></span> <span class='ocrx_word' id='word_1_199' title='bbox 1176 2729 1259 2804; x_wconf 79' lang='grc' dir='ltr'><strong><em>ἔτος,</em></strong></span> <span class='ocrx_word' id='word_1_200' title='bbox 1283 2729 1400 2795; x_wconf 88' lang='lat' dir='ltr'><strong>lectore</strong></span> <span class='ocrx_word' id='word_1_201' title='bbox 1424 2733 1457 2795; x_wconf 91' lang='lat' dir='ltr'><strong><em>in</em></strong></span> 
     </span>
     <span class='ocr_line' id='line_1_22' title="bbox 261 2836 1460 2917; baseline -0.002 -13"><span class='ocrx_word' id='word_1_202' title='bbox 261 2845 337 2904; x_wconf 85' lang='lat' dir='ltr'><strong>nota</strong></span> <span class='ocrx_word' id='word_1_203' title='bbox 367 2842 507 2904; x_wconf 88' lang='lat' dir='ltr'><strong>monito:</strong></span> <span class='ocrx_word' id='word_1_204' title='bbox 538 2838 702 2916; x_wconf 85' lang='lat' dir='ltr'><strong>„scholion</strong></span> <span class='ocrx_word' id='word_1_205' title='bbox 725 2840 759 2902; x_wconf 89' lang='lat' dir='ltr'><strong><em>in</em></strong></span> <span class='ocrx_word' id='word_1_206' title='bbox 783 2836 895 2917; x_wconf 83' lang='lat' dir='ltr'>HPQ&#39;’</span> <span class='ocrx_word' id='word_1_207' title='bbox 923 2875 963 2886; x_wconf 94' lang='grc'>-</span> <span class='ocrx_word' id='word_1_208' title='bbox 990 2837 1070 2902; x_wconf 88' lang='lat' dir='ltr'><strong>addo</strong></span> <span class='ocrx_word' id='word_1_209' title='bbox 1093 2836 1148 2914; x_wconf 83' lang='lat' dir='ltr'><strong><em>M,</em></strong></span> <span class='ocrx_word' id='word_1_210' title='bbox 1173 2837 1230 2902; x_wconf 91' lang='lat' dir='ltr'><strong><em>ubi</em></strong></span> <span class='ocrx_word' id='word_1_211' title='bbox 1254 2857 1328 2902; x_wconf 90' lang='lat' dir='ltr'><strong><em>cum</em></strong></span> <span class='ocrx_word' id='word_1_212' title='bbox 1353 2838 1460 2902; x_wconf 88' lang='lat' dir='ltr'><strong>obser·</strong></span> 
     </span>
     <span class='ocr_line' id='line_1_23' title="bbox 263 2943 1459 3030; baseline -0.004 -17"><span class='ocrx_word' id='word_1_213' title='bbox 263 2949 389 3024; x_wconf 83' lang='lat' dir='ltr'><strong>vatione</strong></span> <span class='ocrx_word' id='word_1_214' title='bbox 420 2945 660 3023; x_wconf 68' lang='lat' dir='ltr'><strong>simillimam,</strong></span> <span class='ocrx_word' id='word_1_215' title='bbox 686 2965 766 3030; x_wconf 87' lang='lat' dir='ltr'><strong>quae</strong></span> <span class='ocrx_word' id='word_1_216' title='bbox 790 2965 820 3030; x_wconf 90' lang='lat' dir='ltr'><strong><em>p.</em></strong></span> <span class='ocrx_word' id='word_1_217' title='bbox 846 2943 922 3020; x_wconf 77' lang='lat'><strong><em>246,</em></strong></span> <span class='ocrx_word' id='word_1_218' title='bbox 948 2943 968 3008; x_wconf 85' lang='lat'>9</span> <span class='ocrx_word' id='word_1_219' title='bbox 992 2964 1031 3009; x_wconf 80' lang='lat' dir='ltr'><strong>ex</strong></span> <span class='ocrx_word' id='word_1_220' title='bbox 1054 2943 1081 3008; x_wconf 94' lang='lat' dir='ltr'>P</span> <span class='ocrx_word' id='word_1_221' title='bbox 1104 2943 1242 3030; x_wconf 84' lang='lat' dir='ltr'><strong>legitur,</strong></span> <span class='ocrx_word' id='word_1_222' title='bbox 1268 2943 1388 3010; x_wconf 78' lang='lat' dir='ltr'><strong>coaluit</strong></span> <span class='ocrx_word' id='word_1_223' title='bbox 1414 2981 1459 2993; x_wconf 97' lang='lat'><strong>—</strong></span> 
     </span>
     <span class='ocr_line' id='line_1_24' title="bbox 267 3049 1459 3138; baseline -0.002 -22"><span class='ocrx_word' id='word_1_224' title='bbox 267 3054 385 3137; x_wconf 67' lang='lat' dir='ltr'><strong>„vesci</strong></span> <span class='ocrx_word' id='word_1_225' title='bbox 410 3051 450 3117; x_wconf 85' lang='lat'><strong><em>51</em></strong></span> <span class='ocrx_word' id='word_1_226' title='bbox 476 3052 670 3138; x_wconf 85' lang='lat' dir='ltr'><strong>adscriptum</strong></span> <span class='ocrx_word' id='word_1_227' title='bbox 695 3052 758 3116; x_wconf 93' lang='lat' dir='ltr'><strong><em>hnc</em></strong></span> <span class='ocrx_word' id='word_1_228' title='bbox 782 3050 932 3116; x_wconf 83' lang='lat' dir='ltr'><strong>transtuli</strong></span> <span class='ocrx_word' id='word_1_229' title='bbox 957 3071 1031 3116; x_wconf 91' lang='lat' dir='ltr'><strong><em>cum</em></strong></span> <span class='ocrx_word' id='word_1_230' title='bbox 1050 3049 1220 3116; x_wconf 81' lang='lat' dir='ltr'><strong>Eustathio</strong></span> <span class='ocrx_word' id='word_1_231' title='bbox 1239 3073 1271 3136; x_wconf 91' lang='lat' dir='ltr'><strong><em>p.</em></strong></span> <span class='ocrx_word' id='word_1_232' title='bbox 1286 3049 1459 3135; x_wconf 80' lang='lat'>1522,62”,</span> 
     </span>
     <span class='ocr_line' id='line_1_25' title="bbox 264 3156 1458 3246; baseline -0.003 -20"><span class='ocrx_word' id='word_1_233' title='bbox 264 3181 365 3246; x_wconf 88' lang='lat' dir='ltr'><strong>neque</strong></span> <span class='ocrx_word' id='word_1_234' title='bbox 388 3159 481 3226; x_wconf 87' lang='lat' dir='ltr'><strong>aliter</strong></span> <span class='ocrx_word' id='word_1_235' title='bbox 504 3159 675 3225; x_wconf 81' lang='lat' dir='ltr'><strong>barochius</strong></span> <span class='ocrx_word' id='word_1_236' title='bbox 695 3162 728 3222; x_wconf 90' lang='lat' dir='ltr'><strong><em>in</em></strong></span> <span class='ocrx_word' id='word_1_237' title='bbox 749 3159 886 3224; x_wconf 88' lang='lat' dir='ltr'><strong>editione</strong></span> <span class='ocrx_word' id='word_1_238' title='bbox 899 3156 1257 3224; x_wconf 82' lang='lat' dir='ltr'><strong>suacritioaiudicavit.</strong></span> <span class='ocrx_word' id='word_1_239' title='bbox 1281 3157 1458 3235; x_wconf 76' lang='lat' dir='ltr'><strong>Attamen,</strong></span> 
     </span>
     <span class='ocr_line' id='line_1_26' title="bbox 264 3263 1458 3350; baseline -0.002 -18"><span class='ocrx_word' id='word_1_240' title='bbox 264 3268 327 3332; x_wconf 88' lang='lat' dir='ltr'><strong>nisi</strong></span> <span class='ocrx_word' id='word_1_241' title='bbox 345 3287 397 3332; x_wconf 91' lang='lat' dir='ltr'><strong>me</strong></span> <span class='ocrx_word' id='word_1_242' title='bbox 417 3267 524 3332; x_wconf 88' lang='lat' dir='ltr'><strong>omnia</strong></span> <span class='ocrx_word' id='word_1_243' title='bbox 542 3265 676 3349; x_wconf 85' lang='lat' dir='ltr'><strong>fallunt,</strong></span> <span class='ocrx_word' id='word_1_244' title='bbox 696 3264 885 3331; x_wconf 79' lang='lat' dir='ltr'><strong>Enstnthins</strong></span> <span class='ocrx_word' id='word_1_245' title='bbox 897 3263 1097 3330; x_wconf 89' lang='lat' dir='ltr'><strong>Dindorfinm</strong></span> <span class='ocrx_word' id='word_1_246' title='bbox 1111 3265 1251 3350; x_wconf 83' lang='lat' dir='ltr'><strong>decepit,</strong></span> <span class='ocrx_word' id='word_1_247' title='bbox 1265 3263 1458 3330; x_wconf 81' lang='lat' dir='ltr'><strong>barochium</strong></span> 
     </span>
     <span class='ocr_line' id='line_1_27' title="bbox 263 3369 1459 3457; baseline -0.003 -18"><span class='ocrx_word' id='word_1_248' title='bbox 263 3371 456 3440; x_wconf 86' lang='lat' dir='ltr'><strong>Dindorfins.</strong></span> <span class='ocrx_word' id='word_1_249' title='bbox 482 3369 507 3456; x_wconf 88' lang='lat'><strong><em>¹)</em></strong></span> <span class='ocrx_word' id='word_1_250' title='bbox 539 3371 629 3452; x_wconf 80' lang='lat' dir='ltr'><strong>Quod</strong></span> <span class='ocrx_word' id='word_1_251' title='bbox 661 3393 722 3457; x_wconf 90' lang='lat' dir='ltr'><strong><em>qno</em></strong></span> <span class='ocrx_word' id='word_1_252' title='bbox 752 3370 868 3436; x_wconf 85' lang='lat' dir='ltr'><strong>clarius</strong></span> <span class='ocrx_word' id='word_1_253' title='bbox 899 3376 1066 3457; x_wconf 87' lang='lat' dir='ltr'><strong>appareat,</strong></span> <span class='ocrx_word' id='word_1_254' title='bbox 1101 3375 1187 3435; x_wconf 86' lang='lat' dir='ltr'><strong>totus</strong></span> <span class='ocrx_word' id='word_1_255' title='bbox 1211 3369 1346 3436; x_wconf 88' lang='lat' dir='ltr'><strong>Homeri</strong></span> <span class='ocrx_word' id='word_1_256' title='bbox 1369 3371 1459 3438; x_wconf 87' lang='lat' dir='ltr'><strong>locus</strong></span> 
     </span>
     <span class='ocr_line' id='line_1_28' title="bbox 264 3479 875 3550; baseline -0.011 0"><span class='ocrx_word' id='word_1_257' title='bbox 264 3482 421 3550; x_wconf 89' lang='lat' dir='ltr'><strong>lectorum</strong></span> <span class='ocrx_word' id='word_1_258' title='bbox 444 3480 544 3547; x_wconf 90' lang='lat' dir='ltr'><strong>oculis</strong></span> <span class='ocrx_word' id='word_1_259' title='bbox 567 3479 782 3545; x_wconf 87' lang='lat' dir='ltr'><strong>subiiciendus</strong></span> <span class='ocrx_word' id='word_1_260' title='bbox 806 3481 875 3543; x_wconf 88' lang='lat' dir='ltr'><strong>erit.</strong></span> 
     </span>
    </p>

    <p class='ocr_par' dir='ltr' id='par_1_5' title="bbox 354 3577 1325 3671">
     <span class='ocr_line' id='line_1_29' title="bbox 354 3577 1325 3671; baseline -0.004 -17"><span class='ocrx_word' id='word_1_261' title='bbox 354 3577 422 3654; x_wconf 84' lang='grc' dir='ltr'><strong><em>43.Ι</em></strong></span> <span class='ocrx_word' id='word_1_262' title='bbox 441 3585 509 3660; x_wconf 81' lang='grc' dir='ltr'><strong><em>Ὣς</em></strong></span> <span class='ocrx_word' id='word_1_263' title='bbox 534 3587 641 3671; x_wconf 80' lang='grc' dir='ltr'><strong><em>ἔφατ’,</em></strong></span> <span class='ocrx_word' id='word_1_264' title='bbox 666 3586 727 3652; x_wconf 84' lang='grc' dir='ltr'><strong><em>τύδ’</em></strong></span> <span class='ocrx_word' id='word_1_265' title='bbox 752 3585 884 3659; x_wconf 84' lang='grc' dir='ltr'><strong><em>οίπίύηαε</em></strong></span> <span class='ocrx_word' id='word_1_266' title='bbox 907 3583 1062 3663; x_wconf 71' lang='grc' dir='ltr'><strong><em>διάκτορος</em></strong></span> <span class='ocrx_word' id='word_1_267' title='bbox 1088 3583 1325 3665; x_wconf 72' lang='grc' dir='ltr'><strong><em>Ἀργεϊφόντης.</em></strong></span> 
     </span>
    </p>

    <p class='ocr_par' dir='ltr' id='par_1_6' title="bbox 354 3691 1411 3883">
     <span class='ocr_line' id='line_1_30' title="bbox 354 3691 1411 3772; baseline -0.004 -11"><span class='ocrx_word' id='word_1_268' title='bbox 354 3696 409 3762; x_wconf 91' lang='grc'><strong><em>44.</em></strong></span> <span class='ocrx_word' id='word_1_269' title='bbox 445 3693 550 3760; x_wconf 90' lang='grc' dir='ltr'><strong><em>αύτίκ’</em></strong></span> <span class='ocrx_word' id='word_1_270' title='bbox 577 3691 677 3759; x_wconf 71' lang='grc' dir='ltr'><strong><em>ἔπειθ’</em></strong></span> <span class='ocrx_word' id='word_1_271' title='bbox 702 3693 759 3758; x_wconf 80' lang='grc' dir='ltr'><strong><em>ὑπὸ</em></strong></span> <span class='ocrx_word' id='word_1_272' title='bbox 784 3693 891 3758; x_wconf 76' lang='grc' dir='ltr'><strong><em>ποσσίν</em></strong></span> <span class='ocrx_word' id='word_1_273' title='bbox 917 3691 1047 3766; x_wconf 78' lang='grc' dir='ltr'><strong><em>ἐδύσατο</em></strong></span> <span class='ocrx_word' id='word_1_274' title='bbox 1071 3693 1158 3756; x_wconf 75' lang='grc' dir='ltr'><strong><em>καλοὶ</em></strong></span> <span class='ocrx_word' id='word_1_275' title='bbox 1182 3693 1306 3772; x_wconf 78' lang='grc' dir='ltr'><strong><em>πέδιλα,</em></strong></span> <span class='ocrx_word' id='word_1_276' title='bbox 1322 3727 1376 3742; x_wconf 90' lang='grc'><strong><em>--</em></strong></span> <span class='ocrx_word' id='word_1_277' title='bbox 1391 3727 1411 3742; x_wconf 92' lang='grc'><strong>-</strong></span> 
     </span>
     <span class='ocr_line' id='line_1_31' title="bbox 354 3797 1286 3883; baseline -0.004 -15"><span class='ocrx_word' id='word_1_278' title='bbox 354 3801 408 3869; x_wconf 87' lang='grc'><strong><em>47.</em></strong></span> <span class='ocrx_word' id='word_1_279' title='bbox 444 3797 541 3867; x_wconf 80' lang='grc' dir='ltr'><strong><em>είλετο</em></strong></span> <span class='ocrx_word' id='word_1_280' title='bbox 565 3803 596 3867; x_wconf 80' lang='grc' dir='ltr'><strong><em>δὲ</em></strong></span> <span class='ocrx_word' id='word_1_281' title='bbox 620 3801 748 3883; x_wconf 74' lang='grc' dir='ltr'><strong><em>ῥάβδον,</em></strong></span> <span class='ocrx_word' id='word_1_282' title='bbox 773 3809 811 3880; x_wconf 71' lang='grc' dir='ltr'><strong><em>τῇ</em></strong></span> <span class='ocrx_word' id='word_1_283' title='bbox 836 3801 865 3863; x_wconf 92' lang='grc' dir='ltr'><strong><em>τ’</em></strong></span> <span class='ocrx_word' id='word_1_284' title='bbox 889 3799 998 3878; x_wconf 76' lang='grc' dir='ltr'><strong><em>οίνδρῶν</em></strong></span> <span class='ocrx_word' id='word_1_285' title='bbox 1022 3797 1155 3875; x_wconf 79' lang='grc' dir='ltr'><strong><em>ὄμματα</em></strong></span> <span class='ocrx_word' id='word_1_286' title='bbox 1180 3800 1286 3876; x_wconf 65' lang='lat' dir='ltr'><strong><em>crayae</em></strong></span> 
     </span>
    </p>

    <p class='ocr_par' dir='ltr' id='par_1_7' title="bbox 354 3899 1295 3987">
     <span class='ocr_line' id='line_1_32' title="bbox 354 3899 1295 3987; baseline -0.006 -11"><span class='ocrx_word' id='word_1_287' title='bbox 354 3910 408 3976; x_wconf 87' lang='grc'><strong><em>48.</em></strong></span> <span class='ocrx_word' id='word_1_288' title='bbox 445 3906 482 3974; x_wconf 76' lang='grc' dir='ltr'><strong><em>ὧν</em></strong></span> <span class='ocrx_word' id='word_1_289' title='bbox 507 3908 619 3983; x_wconf 77' lang='grc' dir='ltr'><strong><em>ἒύέλει,</em></strong></span> <span class='ocrx_word' id='word_1_290' title='bbox 645 3910 713 3981; x_wconf 83' lang='grc' dir='ltr'><strong><em>τοὺς</em></strong></span> <span class='ocrx_word' id='word_1_291' title='bbox 739 3907 764 3973; x_wconf 87' lang='grc' dir='ltr'><strong><em>δ’</em></strong></span> <span class='ocrx_word' id='word_1_292' title='bbox 789 3899 864 3970; x_wconf 87' lang='grc' dir='ltr'><strong><em>αύτε</em></strong></span> <span class='ocrx_word' id='word_1_293' title='bbox 889 3905 941 3971; x_wconf 83' lang='grc' dir='ltr'><strong><em>καί</em></strong></span> <span class='ocrx_word' id='word_1_294' title='bbox 968 3905 1140 3978; x_wconf 85' lang='grc' dir='ltr'><strong><em>ύτνιύοντας</em></strong></span> <span class='ocrx_word' id='word_1_295' title='bbox 1166 3907 1295 3987; x_wconf 75' lang='grc' dir='ltr'><strong><em>ἐγείρει·</em></strong></span> 
     </span>
    </p>

    <p class='ocr_par' dir='ltr' id='par_1_8' title="bbox 353 4011 1377 4204">
     <span class='ocr_line' id='line_1_33' title="bbox 353 4011 1377 4096; baseline 0 -16"><span class='ocrx_word' id='word_1_296' title='bbox 353 4015 407 4083; x_wconf 89' lang='grc'><strong><em>49.</em></strong></span> <span class='ocrx_word' id='word_1_297' title='bbox 442 4017 497 4090; x_wconf 74' lang='grc' dir='ltr'><strong><em>την</em></strong></span> <span class='ocrx_word' id='word_1_298' title='bbox 520 4015 605 4094; x_wconf 77' lang='grc' dir='ltr'><strong><em>μετα</em></strong></span> <span class='ocrx_word' id='word_1_299' title='bbox 628 4015 734 4096; x_wconf 78' lang='grc' dir='ltr'><strong><em>χερσίν</em></strong></span> <span class='ocrx_word' id='word_1_300' title='bbox 757 4011 838 4096; x_wconf 77' lang='grc' dir='ltr'><strong><em>ἔχειν</em></strong></span> <span class='ocrx_word' id='word_1_301' title='bbox 863 4011 973 4078; x_wconf 78' lang='grc' dir='ltr'><strong><em>πέτετο</em></strong></span> <span class='ocrx_word' id='word_1_302' title='bbox 998 4014 1111 4092; x_wconf 86' lang='grc' dir='ltr'><strong><em>κρατὺς</em></strong></span> <span class='ocrx_word' id='word_1_303' title='bbox 1138 4011 1377 4096; x_wconf 72' lang='grc' dir='ltr'><strong><em>Ἀργεϊφόντης.</em></strong></span> 
     </span>
     <span class='ocr_line' id='line_1_34' title="bbox 354 4116 1238 4204; baseline -0.005 -14"><span class='ocrx_word' id='word_1_304' title='bbox 354 4123 407 4190; x_wconf 79' lang='lat'><strong><em>50.</em></strong></span> <span class='ocrx_word' id='word_1_305' title='bbox 443 4129 562 4204; x_wconf 77' lang='grc' dir='ltr'><strong><em>Πιερίην</em></strong></span> <span class='ocrx_word' id='word_1_306' title='bbox 586 4122 613 4188; x_wconf 89' lang='grc' dir='ltr'><strong><em>δ’</em></strong></span> <span class='ocrx_word' id='word_1_307' title='bbox 638 4121 754 4200; x_wconf 72' lang='grc' dir='ltr'><strong><em>ἐπιβὰς</em></strong></span> <span class='ocrx_word' id='word_1_308' title='bbox 780 4121 813 4199; x_wconf 79' lang='grc' dir='ltr'><strong><em>ἐξ</em></strong></span> <span class='ocrx_word' id='word_1_309' title='bbox 837 4121 951 4202; x_wconf 84' lang='grc' dir='ltr'><strong><em>αίύίρος</em></strong></span> <span class='ocrx_word' id='word_1_310' title='bbox 974 4116 1095 4199; x_wconf 73' lang='grc' dir='ltr'><strong><em>ἔμπεσε</em></strong></span> <span class='ocrx_word' id='word_1_311' title='bbox 1119 4119 1238 4203; x_wconf 84' lang='grc' dir='ltr'><strong><em>πίντῳ·</em></strong></span> 
     </span>
    </p>
   </div>
   <div class='ocr_carea' id='block_1_5' title="bbox 261 4364 1459 4527">
    <p class='ocr_par' dir='ltr' id='par_1_9' title="bbox 261 4364 1459 4527">
     <span class='ocr_line' id='line_1_35' title="bbox 295 4364 1459 4440; baseline -0.001 -16"><span class='ocrx_word' id='word_1_312' title='bbox 295 4375 321 4440; x_wconf 92' lang='lat' dir='ltr'><strong><em>l)</em></strong></span> <span class='ocrx_word' id='word_1_313' title='bbox 345 4373 464 4426; x_wconf 67' lang='lat' dir='ltr'><strong>centhii</strong></span> <span class='ocrx_word' id='word_1_314' title='bbox 487 4371 558 4422; x_wconf 78' lang='lat' dir='ltr'><strong>verbs</strong></span> <span class='ocrx_word' id='word_1_315' title='bbox 584 4371 707 4438; x_wconf 78' lang='lat' dir='ltr'><strong>adscripsit</strong></span> <span class='ocrx_word' id='word_1_316' title='bbox 730 4371 871 4423; x_wconf 81' lang='lat' dir='ltr'><strong>Inrnchins:</strong></span> <span class='ocrx_word' id='word_1_317' title='bbox 886 4369 1029 4436; x_wconf 81' lang='grc' dir='ltr'><strong><em>παρίνίιτον</em></strong></span> <span class='ocrx_word' id='word_1_318' title='bbox 1048 4364 1139 4421; x_wconf 70' lang='lat' dir='ltr'><strong>cimai</strong></span> <span class='ocrx_word' id='word_1_319' title='bbox 1159 4387 1223 4428; x_wconf 78' lang='grc' dir='ltr'><strong><em>τινες</em></strong></span> <span class='ocrx_word' id='word_1_320' title='bbox 1240 4370 1283 4421; x_wconf 84' lang='grc' dir='ltr'><strong><em>πδν</em></strong></span> <span class='ocrx_word' id='word_1_321' title='bbox 1301 4372 1394 4436; x_wconf 71' lang='grc' dir='ltr'><strong><em>στίχοι</em></strong></span> <span class='ocrx_word' id='word_1_322' title='bbox 1414 4371 1459 4423; x_wconf 74' lang='lat' dir='ltr'><strong>arti</strong></span> 
     </span>
     <span class='ocr_line' id='line_1_36' title="bbox 261 4459 634 4527; baseline -0.011 -15"><span class='ocrx_word' id='word_1_323' title='bbox 261 4460 408 4527; x_wconf 79' lang='grc' dir='ltr'><strong><em>ίβτλιζσοτιν</em></strong></span> <span class='ocrx_word' id='word_1_324' title='bbox 428 4461 481 4520; x_wconf 81' lang='grc' dir='ltr'><strong><em>ίίτσι</em></strong></span> <span class='ocrx_word' id='word_1_325' title='bbox 500 4459 634 4512; x_wconf 55' lang='lat' dir='ltr'><strong>Mucia</strong></span> 
     </span>
    </p>
   </div>
   <div class='ocr_carea' id='block_1_6' title="bbox 0 0 1644 5148">
    <p class='ocr_par' dir='ltr' id='par_1_10' title="bbox 0 0 1644 5148">
     <span class='ocr_line' id='line_1_37' title="bbox 0 0 1644 5148; baseline 0 2"><span class='ocrx_word' id='word_1_326' title='bbox 0 0 1644 5148; x_wconf 95' lang='lat' dir='ltr'><strong><em> </em></strong></span> 
     </span>
    </p>
   </div>
  </div>
 </body>
</html>
