3242 5140
849 328 913 396 422

287 527 443 591 sententie
478 527 538 590 erit
575 526 621 589 sio
657 525 793 610 scripte:
832 523 984 602 εὐδαίμων
1019 525 1081 604 νίορ
1116 526 1157 605 τῷ
1188 525 1232 600 μέν
1264 524 1323 590 brt
1350 525 1383 610 (1.
1409 527 1474 612 ὑπ’)

286 634 418 700 ἄλλων
443 617 631 708 ἐξουσίαν
656 631 756 695 δοῦναι
780 633 840 702 τοὶς
860 629 1050 716 θυγατέρας,
1071 634 1154 716 quod
1175 633 1333 717 quomodo
1353 635 1475 718 eapien-

285 740 363 805 dum
395 741 437 804 sit
460 737 607 823 exemplo
631 737 744 802 domus
767 735 888 802 Priami
912 739 1153 823 comprobetur,
1179 730 1239 802 etsi
1260 759 1325 804 non
1346 739 1474 805 esthon

286 847 325 912 eb
354 847 442 911 omni
465 851 554 930 purte
576 841 692 908 simile.
739 842 804 908 Hie
828 845 912 909 enim
937 863 1069 932 generos
1092 846 1126 910 in
1149 865 1206 909 sua
1229 845 1325 912 domo
1348 845 1473 912 hebitu-

285 959 356 1016 tum
380 953 530 1028 retinuit,
555 947 676 1015 Aeolus
699 949 826 1013 eosdem
851 955 883 1013 et
906 947 988 1014 tilios
1011 949 1126 1015 hebuit
1147 959 1180 1014 et
1202 968 1344 1038 generos.
1409 943 1415 956 ’

328 1166 377 1231 De
410 1164 521 1231 eadem
552 1139 585 1230 re
617 1163 716 1230 elius:
749 1163 944 1242 εὐδαιμονίας
968 1172 1109 1242 σημείου,
1135 1161 1227 1230 ἔατε
1251 1171 1309 1229 τῶν
1334 1165 1474 1232 ἐναντίαν

284 1270 347 1340 ὅτι
370 1275 564 1352 Τηλέμαχος
588 1257 725 1352 ὀδύρεται
749 1272 804 1346 νην
827 1269 1021 1349 μονογίνειιιν
1045 1277 1098 1336 σοῦ
1119 1273 1211 1337 οίκου.
1234 1270 1386 1357 (τ.118.)
1420 1272 1473 1358 (Τ)

283 1381 430 1468 Oportet:
465 1377 499 1445 ἔκ
529 1381 646 1444 τετῶν
671 1379 812 1444 ἐναντίων
843 1381 880 1443 '0
905 1377 1101 1460 Τηλέμαχος
1126 1378 1284 1460 ίδύρεται,
1309 1387 1405 1466 atque
1427 1377 1475 1446 ίσι

284 1474 331 1555 ex'
347 1487 565 1574 dittographiu
587 1495 698 1552 netum
722 1485 895 1550 habuerim.

331 1728 365 1778 κ,
398 1701 427 1768 't
476 1701 517 1766 ut
548 1701 625 1766 hseo
657 1700 787 1766 eundem
817 1721 885 1766 rem
916 1706 1075 1786 spectant:
1111 1698 1165 1767 ἔνθ’
1198 1699 1277 1781 ὅγε
1302 1703 1477 1793 θυγατέρας

285 1811 372 1894 τύρεν
398 1807 513 1874 υίιίσιν·
540 1809 671 1888 οίρχαίον
693 1805 775 1882 ἕίος,
800 1808 839 1880 ύς
863 1809 1005 1888 Ἀρχῖνος
1030 1809 1059 1873 ὲν
1084 1819 1306 1884 Θεσσαλικσῒς·
1336 1819 1477 1892 πρῶτα

286 1919 317 1983 δὲ
343 1917 451 1983 Αἴολον
474 1915 663 1996 ὁμομητρίας
683 1913 771 1995 κύρας
790 1913 939 1995 ἀδελφοῖς
961 1916 1134 1981 συνοικίσαι.
1148 1915 1201 2002 (Τ)
1237 1915 1478 1986 Grammatieue

284 2027 337 2092 lex
360 2029 508 2104 πρῶτον
532 2023 683 2108 postulet.

315 2267 365 2320 .κ,
399 2241 453 2306 20.
508 2237 576 2304 Ism
608 2238 648 2304 sd
678 2225 883 2324 impeditiora
912 2259 970 2304 nos
1001 2243 1230 2305 convertamus.
1280 2237 1402 2305 Aeolus
1434 2275 1475 2290 —-

284 2351 390 2434 inquit
413 2383 457 2396 -

445 2452 529 2517 Διδκὲ
554 2475 604 2529 μοι
630 2451 765 2532 ἐκδείρας
789 2451 883 2517 doado
906 2451 979 2531 βοδς
1003 2454 1160 2534 ἐννεώροιο,

442 2559 511 2626 ἔνθα
535 2559 567 2625 δὲ
589 2559 735 2636 βυκτοίυν
760 2558 879 2636 ύνέμιον
903 2559 1053 2631 κατέδησε
1077 2559 1226 2625 κέλευθα·
1253 2595 1272 2610 -
1286 2595 1305 2610 -

444 2667 544 2745 αύτοδρ
568 2665 633 2741 ἐμοί
658 2668 759 2740 ντνοιίην
784 2665 922 2745 Ζεφύρου
946 2667 1088 2741 προέηκεν
1111 2669 1215 2740 οίηνιιι.

283 2777 468 2857 Quaeritur:
495 2774 544 2838 διίι
570 2775 600 2837 τί
624 2775 676 2838 ούκ
701 2774 793 2844 αύτδς
813 2775 943 2852 κατέχει
963 2776 1033 2844 τοὺς
1053 2773 1198 2852 οὶνέμους,
1221 2773 1309 2851 μίνον
1322 2775 1474 2848 κελεύσας

277 2883 419 2963 ,Ζέφυρον
450 2887 550 2953 nasio:
583 2878 647 2945 ἐπεί
680 2879 732 2944 καί
758 2863 836 2960 δίρρα
860 2887 912 2945 τού
938 2887 1061 2944 κλεῖσαι
1084 2881 1134 2944 τὸν
1159 2882 1253 2946 οίσκὸν
1273 2881 1403 2947 ,έδύνοιτο
1427 2907 1475 2947 κε-

283 2993 393 3054 λεῦσαι
424 2989 466 3067 τῷ
498 2988 625 3069 Ζεφύρῳ
659 2983 716 3052 ι’ίτε
749 2985 784 3060 δίη
816 2987 869 3058 την
903 2985 1040 3062 ἐξουσίαν
1065 2987 1171 3063 λαβὼν
1195 2989 1282 3069 παροδ
1307 2995 1360 3054 τοῦ
1386 2989 1473 3062 Διός.

285 3101 365 3166 τῶς
389 3094 415 3159 δ’
440 3094 563 3164 αὐτὸς
589 3093 657 3157 καί
683 3093 719 3156 ἐν
745 3091 889 3157 Ἰλιιίδι
915 3093 1253 3170 ύποστησιίμενις
1276 3094 1370 3166 τοὺς
1393 3097 1475 3161 ἀνέ-

285 3224 378 3280 μους
411 3201 448 3264 ἐν
481 3201 612 3283 Θρρύκη
643 3199 766 3263 οἰκεῖν
800 3202 887 3279 παρ’
920 3199 1051 3278 ntiae
1075 3201 1218 3281 φησίν;
1244 3202 1472 3290 Frugmentum

283 3307 476 3395 quaestionis
511 3307 588 3370 satis
623 3303 784 3390 emplum,
821 3306 953 3372 adieetis
986 3308 1085 3372 etism
1118 3309 1151 3370 in
1181 3305 1243 3372 fine
1274 3327 1354 3393 quae
1384 3308 1474 3395 piane

284 3416 386 3482 eliens
410 3417 498 3487 sunt,
525 3411 573 3474 bis
594 3411 722 3495 quidem
743 3410 864 3499 legitur
886 3414 919 3476 in
943 3407 1009 3478 solo
1031 3411 1057 3478 Τ
1083 3419 1261 3490 servatum,
1286 3415 1341 3480 sed
1366 3415 1414 3480 bis
1436 3415 1473 3480 ds

281 3543 369 3588 more
383 3517 588 3585 vitiosissime
600 3519 764 3602 seriptum,
776 3521 866 3584 ouius
879 3539 962 3582 nuno
972 3521 1104 3584 initium
1119 3520 1365 3586 consideremus.
1375 3521 1473 3604 Duse,

281 3635 319 3696 ut
336 3633 482 3713 apparet,
505 3621 706 3688 diffioultstes
726 3631 911 3702 moventur,
929 3643 1065 3709 quarum
1085 3629 1171 3710 prior
1182 3625 1263 3690 nihil
1275 3629 1309 3690 in
1320 3630 1475 3713 seriptum

282 3737 395 3806 hebet,
427 3731 510 3816 quod
533 3751 590 3794 nos
613 3751 806 3816 magnopere
829 3734 973 3798 retinent.
1023 3729 1105 3815 Cur,
1130 3738 1241 3819 roget,
1264 3731 1386 3798 Aeolus
1407 3735 1473 3820 ipse

211 3821 213 3826 ⁸
283 3847 421 3906 caeteros
453 3845 564 3902 ventos
588 3843 711 3922 praeter
733 3836 918 3924 Zephyrum
942 3857 1004 3904 non
1028 3838 1191 3915 cohibuit,
1218 3859 1291 3903 eum
1316 3843 1346 3904 ei
1369 3847 1475 3905 tumen

286 3955 318 4013 et
353 3963 480 4011 movere
514 3941 630 4009 fluetus
661 3951 693 4010 et
723 3943 833 4009 tollere
867 3953 962 4010 vento
994 3965 1013 4010 n
1046 3943 1121 4009 Iove
1145 3945 1255 4010 datum
1280 3943 1344 4010 sit?
1365 3945 1475 4010 Altero

285 4055 427 4138 quaestio
451 4052 558 4114 minus
582 4057 690 4135 aperta
713 4071 779 4116 esse
801 4051 945 4134 ridetur,
969 4071 1044 4116 eum
1070 4059 1102 4116 et
1125 4053 1179 4116 καί
1200 4053 1306 4136 inepte
1326 4051 1475 4136 abundet,

285 4167 317 4224 st
340 4159 553 4242 interpunctio
577 4157 710 4221 obseura
731 4157 791 4232 sit,
817 4194 857 4205 -
882 4157 959 4222 adeo
982 4163 1019 4222 ut
1043 4159 1147 4242 primo
1165 4157 1279 4222 obtutu
1300 4157 1473 4232 dubitetur,

284 4265 480 4352 pertineetne
511 4265 600 4327 οίκείν
626 4261 672 4338 ,ud
705 4261 956 4338 ὑποστησάμενος
981 4283 1020 4327 en
1045 4263 1085 4328 ad
1109 4264 1222 4344 φησίν,
1250 4301 1290 4311 -
1316 4269 1349 4328 eb
1371 4285 1475 4330 neees-
1589 4315 1590 4354 ;

285 4373 367 4436 seris
388 4372 544 4454 oppositio
569 4369 706 4452 perierit
756 4368 879 4447 Quibus
903 4370 1052 4434 omnibus
1076 4371 1257 4434 medebitur
1280 4369 1357 4436 hese
1377 4375 1474 4455 serip-

286 4485 374 4542 ture:
411 4479 473 4546 ιιιῖις
508 4474 534 4541 δ’
571 4476 665 4546 αὐτὸς
696 4479 734 4538 ‘O
768 4477 804 4538 ἐν
838 4477 980 4540 ’ίιιιιίδι
1017 4475 1358 4554 ὑποστησάμενος
1385 4480 1474 4550 τούς
