3232 5136
858 321 898 388 lo

327 513 390 582 His
410 517 476 582 iam
500 515 657 600 expeditis
679 515 846 587 vidmmus
870 518 1002 582 caetera.
1049 513 1108 581 Est
1130 515 1257 604 itaque,
1280 515 1471 582 Antisthene

282 630 314 689 et
329 621 508 709 Porphyrio
527 621 725 705 auctoribus,
746 621 934 700 πολύτροπος
955 623 983 686 is
995 640 1137 707 quoqne,
1151 625 1206 708 qui
1218 622 1258 688 ds
1270 623 1473 709 οούοοοοοςυ-
1589 669 1590 682 ,

283 735 391 796 mento
421 727 596 794 seeundum
620 730 743 794 vadam
768 728 951 794 auditorum
975 727 1117 794 indolem
1141 729 1237 794 variis
1260 728 1353 794 sodo
1376 727 1473 794 disse·

283 855 351 902 rare
367 839 481 921 potest.
507 836 542 900 61
561 834 593 899 δὲ
613 836 645 900 oi
666 834 782 916 σοφοὶ
803 836 891 900 lervel
909 835 968 900 sicr
987 833 1199 914 δοοολύγεπύου,
1218 834 1271 901 κού
1286 835 1473 900 dulcesceret

283 941 423 1021 (Buttm.
446 942 629 1006 ἐπύοποοντοιο
650 943 720 1018 κού,
743 962 805 1026 quo
824 942 956 1008 fortasse
976 962 1054 1027 opus
1072 961 1136 1008 non
1155 941 1217 1030 est)
1236 942 1271 1008 cd
1284 941 1360 1008 οούτὸ
1373 940 1474 1020 ulnus

285 1049 371 1114 κοντοὶ
407 1048 540 1120 πολλοὺς
576 1049 681 1126 λέγειν
716 1048 860 1128 τρόπους·
904 1049 1179 1126 ἒποοτύριενοο
1219 1048 1258 1113 δὲ
1294 1047 1474 1121 πολλοὺς

285 1155 461 1235 τρύπους
492 1156 623 1234 λύγων
654 1155 743 1234 περὶ
776 1160 844 1221 τοῦ
876 1157 1002 1220 οςύτοῦ
1034 1153 1285 1234 πολύτροποι
1308 1154 1353 1221 ἂν
1377 1150 1473 1220 εἷεν.

285 1262 310 1327 si
343 1261 373 1327 δὲ
401 1263 427 1326 οἱ
451 1261 569 1341 σοφοὶ
594 1263 646 1328 κού
671 1263 822 1340 opstat
845 1263 920 1339 sicr,
947 1261 997 1327 δούς
1021 1261 1113 1328 τοῦτύ
1134 1270 1211 1343 φησι
1237 1263 1287 1327 τὸν
1318 1260 1475 1328 Ὀδυσσέος

284 1365 421 1448 Ὅμηρος
459 1371 580 1449 σοφὸν
616 1367 689 1434 ύντοι
725 1368 913 1448 πολύτροπον
944 1365 1041 1446 εἶναι,
1073 1365 1120 1434 dcc
1151 1369 1186 1446 δὴ
1218 1378 1282 1442 τοῖς
1313 1370 1475 1448 οὶνύρύποος

287 1475 440 1551 ν’ρπύοτοοτο
484 1485 610 1548 πολλοῖς
653 1476 773 1556 τρύποος
814 1483 954 1541 ουνεῖνοοο.
1002 1475 1067 1542 Res
1100 1478 1170 1561 ipsa
1204 1474 1323 1542 clamat
1358 1475 1477 1542 dixisse

285 1581 529 1647 Antisthenem:
555 1620 595 1630 -
622 1581 672 1647 δούς
695 1582 787 1647 ποῦπύ
809 1593 887 1664 φησι
911 1582 961 1648 τὸν
982 1582 1139 1648 Ὀδυσσέος
1156 1583 1295 1662 Ὀμνρος
1319 1583 1477 1662 dyadis

285 1687 359 1754 ύντοο
384 1688 573 1768 πολύτροπον
596 1685 691 1768 eluet,
716 1685 762 1754 ύτο
785 1705 868 1766 κτλ..
893 1697 925 1756 et
943 1690 1039 1772 σοφὸν
1061 1689 1143 1756 nihil
1163 1711 1230 1756 esse
1250 1690 1394 1768 videtur,
1412 1693 1478 1758 nisi

287 1795 442 1878 γροφοκύν
472 1796 613 1877 οφύλμοο
646 1797 854 1863 librariorum.
901 1797 1156 1885 Argumentandi
1175 1798 1261 1863 enim
1285 1799 1386 1875 ratio,
1411 1797 1478 1885 syl·

287 1903 437 1992 logistica
478 1903 582 1969 formo
616 1903 757 1980 incluse,
794 1904 872 1970 haec
907 1910 963 1970 est.
1010 1903 1113 1970 Nemo
1146 1909 1252 1989 potest
1285 1904 1477 1985 πολύτροπος

288 2031 372 2096 esse,
406 2013 483 2097 quin
517 2010 603 2076 idem
638 2013 732 2092 σοφὸς
768 2013 827 2088 sit;
863 2011 877 2076 l
913 2012 1008 2092 σοφὸς
1044 2015 1153 2077 antem
1183 2029 1247 2076 non
1277 2017 1381 2096 potest
1414 2033 1479 2078 non

288 2117 407 2197 ούροούύς
440 2137 523 2183 esse:
556 2119 665 2202 itaque
688 2119 744 2203 qui
766 2117 974 2196 πολύτροπος,
999 2117 1084 2184 idem
1109 2115 1228 2195 tyuttr
1252 2123 1308 2182 est
1345 2117 1403 2184 Est
1426 2117 1480 2184 hio
1593 2177 1594 2196 ,

291 2222 537 2313 argumentandi
555 2223 670 2289 modus
689 2244 762 2290 cum
787 2225 931 2290 omnium
956 2223 1237 2310 philosophorum,
1262 2226 1317 2309 qui
1341 2223 1481 2291 Socratis

174 2393 176 2396 .
289 2341 408 2398 sectam
432 2331 535 2396 secuti
558 2335 650 2406 sunt,
675 2338 745 2395 tum
770 2332 918 2416 inprimis
937 2331 1125 2396 Antisthene
1145 2329 1278 2417 dignus,
1296 2328 1478 2398 Stoicorum

288 2445 487 2504 antecursore
523 2443 555 2502 et
585 2439 675 2522 qussi
706 2457 776 2503 avo.
823 2436 875 2502 Sic
907 2439 1009 2524 igitur
1040 2441 1161 2504 crimen
1193 2438 1277 2523 qnod
1307 2437 1340 2502 in
1363 2439 1480 2523 ύπορύρο

288 2551 434 2632 posuerat
464 2541 610 2632 dilutum
638 2550 687 2610 est
716 2543 882 2622 videlicet,
916 2565 973 2610 nec
1004 2544 1142 2630 amplius
1173 2542 1284 2610 Ulixes
1308 2545 1480 2622 πονηρὸς
1594 2573 1595 2588 2

287 2651 451 2718 habendus
486 2645 530 2714 ύτο
568 2653 756 2730 πολύτροπος
793 2651 913 2728 detritu.
971 2647 1224 2736 Comprehentur
1258 2649 1335 2716 haec
1370 2653 1480 2717 omnis

289 2757 435 2843 exemplo
466 2756 670 2845 Pythagorae
701 2778 758 2843 pro
789 2760 886 2823 variis
918 2757 1087 2824 hominum
1110 2759 1281 2846 generibus
1305 2761 1393 2826 vario
1416 2778 1480 2824 ser-

260 2951 263 2958 .
288 2866 394 2930 monis
423 2883 537 2950 genere
568 2865 617 2928 uti
640 2862 729 2929 soliti
752 2864 1023 2940 armenicorum,
1047 2873 1119 2951 qui,
1144 2873 1181 2931 ut
1203 2867 1342 2950 corporis
1365 2867 1482 2930 eonsti-

289 2974 371 3038 tutio
393 2991 456 3036 non
479 2977 528 3035 est
550 2970 658 3035 eadem
684 2973 717 3036 in
741 2970 895 3058 singulis,
922 2975 967 3036 ita
990 2975 1023 3036 in
1047 2971 1147 3038 simili
1170 2973 1281 3038 morbo
1309 2971 1482 3040 dissimilia

289 3078 521 3144 medicamenta
549 3075 699 3141 adhibere
730 3093 962 3144 consueverunt
1004 3077 1117 3163 ltaque
1141 3115 1181 3127 ·-
1210 3081 1317 3157 τρύπος
1348 3078 1405 3156 μὲν
1428 3073 1481 3144 οὖν

286 3187 322 3252 τὸ
354 3181 574 3259 παλίμβολον,
600 3183 711 3247 τὸτοῦ
736 3183 819 3258 ἤθους
844 3181 1119 3262 πολυμετοὶβολονύ
1145 3182 1242 3250 Haud
1264 3184 1332 3248 vidi
1356 3181 1479 3270 magisl

287 3291 330 3358 Et
361 3295 428 3356 tota
458 3288 671 3373 disputatione
702 3289 763 3355 hoe
793 3311 893 3355 unum
926 3294 1034 3378 egitur
1064 3298 1101 3355 ut
1131 3291 1378 3378 demonstretur,
1401 3289 1482 3356 haec

288 3420 346 3462 νοοπ
377 3397 423 3461 itc
455 3397 540 3459 erce!
561 3394 608 3460 At
632 3415 706 3461 vero
730 3398 792 3460 ista
815 3397 911 3462 verba
933 3417 994 3462 110n
1018 3397 1218 3462 Antisthenis
1240 3417 1307 3462 esse
1331 3405 1482 3481 possunt,

288 3525 349 3570 non
381 3501 573 3588 Porphyrii,
604 3501 659 3566 sed
682 3504 783 3588 inepti
807 3503 972 3569 cuiusdam
998 3504 1204 3591 grammatici
1228 3505 1331 3570 dicam
1355 3524 1395 3568 an
1419 3501 1483 3568 lee-

289 3616 382 3682 toris.
415 3613 470 3696 qui
504 3630 559 3694 per
589 3611 791 3676 notissimam
823 3609 995 3676 formulam
1027 3613 1083 3687 μὲν
1109 3607 1157 3676 cdv
1182 3610 1372 3678 stultissime
1393 3609 1482 3677 chlo

289 3722 399 3806 quitur
438 3718 497 3792 iis,
532 3736 611 3801 quoe
646 3735 764 3804 magno
800 3714 967 3781 molimine
1002 3716 1166 3804 hucusque
1201 3721 1346 3783 extructa
1378 3725 1483 3784 orant.

289 3824 489 3909 lnterstrepit
513 3843 603 3888 anser
626 3821 737 3888 olores.
765 3823 858 3888 lstud
881 3822 1136 3890 additamentum
1160 3827 1262 3912 igitur
1284 3845 1323 3890 ne
1344 3825 1378 3888 in
1396 3845 1483 3890 mar·

289 3935 365 4019 gine
387 3929 517 4016 quidem
541 3928 720 4014 ponendum
745 3935 821 4014 est,.
835 3929 890 3996 sed
913 3951 975 3994 una
998 3929 1097 3996 litura
1113 3929 1281 3997 delendum
1302 3935 1340 3995 ut
1359 3937 1485 3998 caetera

290 4045 373 4104 stare
397 4039 529 4122 possint.

336 4143 511 4229 Hucusque
543 4141 770 4229 philosophus,
801 4144 835 4208 in
866 4140 1051 4228 explicanda
1081 4149 1196 4209 natura
1228 4152 1280 4218 τῆς
1306 4149 1359 4209 τοῦ
1385 4145 1484 4226 λύγου

293 4250 500 4328 πολυπροπύοος
525 4258 713 4334 occupatus.
740 4269 802 4313 non
826 4251 893 4315 sine
917 4249 1089 4334 sophistica
1113 4255 1179 4315 arte
1203 4249 1333 4336 probare
1356 4252 1485 4340 adgres-

291 4379 346 4424 sus
368 4363 435 4433 est,
461 4377 498 4422 ea
520 4376 581 4422 non
605 4358 723 4422 vitium
747 4356 851 4420 notari
874 4355 928 4422 sel
953 4354 1128 4423 sollertiam
1153 4357 1292 4444 adeoque
1317 4360 1485 4428 virtutem.

292 4463 379 4548 Quae
401 4467 578 4548 sequuntur
602 4461 775 4549 sophistice
797 4469 891 4538 snut,
917 4469 953 4528 ut
976 4462 1058 4529 nihil
1079 4484 1184 4550 supra.
1204 4463 1335 4531 lltenim
1357 4464 1485 4546 λύγου
