3318 5138
782 341 848 408 189

212 529 434 598 doctissimam
477 534 791 620 copiosissimamque
826 535 866 600 ad
901 533 986 597 hrrnc
1020 532 1128 598 locum
1165 529 1408 598 Monadicorum

210 645 338 716 nomm,
375 639 432 704 ubi
471 645 618 704 veterum
644 644 925 726 recentiorumque
955 641 1242 727 grammaticorum
1275 639 1336 704 hac
1370 637 1409 702 de

211 765 249 810 rc
270 747 432 830 opiniones
447 733 604 832 'collegit
625 746 724 811 simul
743 767 853 812 eorum
871 749 904 811 in
925 745 1031 811 vorbis
1051 746 1201 822 σύνίετις,
1226 746 1407 820 παριίίεσις,

214 851 361 924 σύνταξις
383 851 570 916 adhibendis
591 873 683 917 usum
701 856 822 938 optime
835 855 978 938 apericus
995 858 1027 932 ¹).
1054 850 1177 916 Lchrsii
1197 852 1295 937 copiis
1307 871 1409 916 unum

213 957 352 1032 addam,
376 957 471 1023 breve
494 967 679 1043 excerptum
703 981 741 1024 ax
758 959 980 1044 Epimerismis
1001 958 1085 1022 κατα
1107 965 1278 1038 στοιχεῖον,
1300 953 1406 1035 doci:

215 1062 325 1128 πιίντα
349 1065 390 1128 τὰ
415 1065 457 1135 είς
484 1063 526 1140 αξ
550 1065 745 1142 ἐπιρρήματα
767 1065 942 1148 ίξύνονται,
964 1067 1044 1137 πλὴν
1065 1069 1118 1127 τοῦ
1139 1060 1239 1139 ἅπαξ.
1256 1061 1409 1150 (Cramer.

214 1170 355 1236 Aueedd.
388 1169 510 1236 Osann.
541 1177 563 1235 t.
598 1170 638 1236 ll.
671 1193 701 1256 p.
736 1171 839 1255 aaa),
872 1171 945 1248 sed,
970 1171 1054 1256 quod
1079 1173 1184 1258 magis
1209 1192 1261 1236 ma
1284 1175 1409 1242 movet.

216 1277 342 1342 duabus
376 1279 410 1342 in
446 1279 539 1342 rebus
573 1279 612 1342 ab
647 1281 717 1342 eius
752 1280 942 1343 auctoritate
976 1277 1057 1342 mibi
1087 1277 1311 1342 discedendum
1342 1297 1410 1344 esse

216 1383 323 1448 video.
369 1383 516 1448 Primum
544 1386 578 1448 in
602 1383 783 1450 Herodiano
806 1387 1005 1469 scripserim,
1030 1403 1091 1448 nou
1116 1379 1187 1461 ὅπερ
1211 1387 1242 1448 ἐν
1265 1382 1409 1460 συντάξει

217 1495 274 1556 τοῦ
294 1485 434 1562 ἅπαντες
456 1489 473 1565 ἢ
493 1495 546 1554 τοῦ
568 1491 675 1560 ἁπλῶς
698 1492 877 1556 ἐκκλίνει
899 1493 949 1555 τὸν
971 1489 1069 1566 πίνον,
1091 1510 1203 1555 verum
1225 1491 1338 1567 tyasi
1347 1513 1411 1573 νει,

218 1597 305 1681 quod
336 1599 453 1680 requiri
485 1597 623 1662 ostendit
649 1603 681 1662 et
705 1617 838 1681 sequeus
860 1597 930 1660 ὡσεὶ
957 1595 1141 1673 ίξύνοιπο
1172 1598 1206 1659 τί
1240 1592 1348 1673 ἅπαξ,
1381 1601 1414 1660 ot

218 1703 506 1788 Epimerismorum
537 1703 678 1769 imitatio
710 1702 754 1768 διὸ
788 1706 817 1767 ἐν
848 1713 886 1785 τῇ
911 1699 1054 1778 συντάξει
1080 1703 1409 1780 μεταλαμβάνει

218 1811 274 1874 τὸν
297 1809 366 1875 lisca
391 1810 492 1893 πίνον,
516 1831 630 1895 nempe
646 1816 690 1874 ·ut
713 1811 870 1876 scribatur
894 1809 1210 1884 κεκοιμισμίνου
1237 1815 1289 1873 τοῦ
1314 1809 1413 1875 πίνου.

219 1915 306 1997 Quid
338 1916 381 1982 sit
407 1917 467 1982 boc
490 1915 662 2000 ultimum,
687 1919 806 2002 optima
830 1918 994 2002 apparebit
1017 1936 1055 1984 ex
1081 1914 1209 1982 Scholia
1232 1916 1272 1982 ad
1295 1914 1411 2003 Odysa.

219 2026 239 2090 δ
269 2023 334 2090 372
364 2023 403 2089 da
432 2032 563 2089 accentu
591 2025 680 2088 vocis
704 2023 737 2097 ι’ςὲ
760 2026 794 2087 iu
818 2025 859 2099 sit
893 2024 991 2089 ἑκὼν
1021 2025 1196 2097 μείίειςτ
1222 2020 1345 2100 ἄμεινον
1369 2061 1412 2074 -

219 2131 328 2216 inquit
362 2129 628 2204 Herodianus-
661 2127 866 2210 κοιμίζειν
902 2133 956 2194 τοῦ
992 2128 1025 2204 ἠέ
1061 2131 1130 2204 τὴν
1166 2131 1233 2194 ἐπί
1268 2132 1414 2201 πίλους

221 2237 378 2315 ὀξεῖαν,
411 2234 460 2300 ἵνα
491 2235 621 2312 γίνηται
654 2235 870 2317 διαζευκτικίς.
904 2233 954 2301 ὅτε
987 2235 1052 2315 aar
1075 2237 1140 2301 ἐστι
1165 2236 1374 2316 διαπορητικὸς
1399 2236 1414 2300 ί

222 2350 259 2421 ν’τ,
294 2347 551 2420 περιστᾶσαι
575 2343 729 2427 (immod
761 2341 817 2418 ἦέ,
842 2347 1213 2427 πμοπεριοπῖιται),
1236 2346 1275 2415 ὥς
1300 2345 1335 2408 τὸ
1360 2339 1415 2421 ,ἦε

223 2452 322 2531 χίλου
353 2449 500 2514 παύσειεν
531 2449 685 2529 ἐρητύσειέ
708 2473 744 2514 τε
768 2449 888 2526 tondat
916 2450 958 2536 (A
986 2445 1082 2535 192),
1107 2450 1128 2514 i.
1154 2471 1195 2533 a,
1220 2449 1416 2516 Buttmanuo

223 2560 413 2641 interprete,
448 2557 528 2632 „boc
558 2557 648 2632 dicit,
682 2557 882 2622 scribendum
915 2577 999 2640 essa,
1031 2576 1094 2622 non
1119 2553 1171 2632 ἦε,
1195 2556 1249 2622 sed
1275 2557 1307 2629 rt
1330 2567 1417 2620 cesto

224 2662 402 2747 consopito”.
435 2662 527 2728 Idem
555 2661 746 2728 vocabulum
780 2663 899 2751 legitur
928 2663 968 2727 ad
996 2688 1017 2727 α
1056 2661 1120 2734 lto
1152 2665 1185 2728 iu
1216 2662 1286 2728 loco
1317 2662 1418 2728 simili

221 2775 303 2837 itam
339 2768 532 2846 Herodiani,
569 2769 609 2834 de
644 2789 707 2854 quo
742 2772 774 2834 in
804 2768 905 2835 altera
935 2777 1024 2854 parte
1054 2769 1157 2835 fusius
1188 2769 1414 2855 disputabitur.

224 2875 297 2942 Hoc
329 2878 436 2960 ipsum
468 2874 614 2955 κοιμίζειν
644 2876 728 2961 apud
752 2876 981 2963 grammaticos
1004 2895 1230 2961 nonnunquam
1253 2875 1419 2941 dicebatur

225 2990 258 3049 ot
288 2982 459 3064 ίγκλίιειν,
483 2990 520 3046 ut
544 3003 575 3046 v.
600 3003 626 3047 c.
650 2985 684 3047 iu
707 2981 844 3048 Scholiis
868 2983 907 3048 ad
932 2980 1047 3069 Odyss.
1072 2981 1092 3064 ζ
1117 2981 1197 3054 149.
1223 2984 1286 3055 tede
1313 2985 1346 3047 νιί
1371 3005 1418 3054 τις

226 3089 376 3167 ἣβρυτίς
401 3091 484 3164 ίσσι;
507 3088 692 3154 adnotatur:
717 3090 768 3153 τίν
793 3116 810 3163 υ
834 3090 848 3153 ὃ
871 3092 1103 3162 Ἀσκαλωνίτης
1129 3097 1285 3173 περισπᾷ,
1311 3091 1419 3170 ipsisn-

230 3265 378 3274 ....-—--—·
389 3265 398 3270 -

264 3348 292 3416 l)
316 3347 406 3398 Attulit
428 3347 540 3398 lsehrsina
560 3351 655 3413 practer
681 3351 773 3398 caetera
795 3347 872 3398 multa
894 3348 968 3400 ctiam
985 3349 1135 3401 Scholioruru
1151 3351 1181 3401 sd
1199 3349 1306 3416 Dionysii
1324 3351 1422 3402 'l'lrraeis

228 3431 407 3496 grammaticam
431 3430 522 3488 locum,
545 3430 585 3480 ubi
608 3446 679 3480 unam
696 3431 857 3497 corruptelam
873 3437 939 3481 certa
956 3433 1120 3482 emendatione
1137 3433 1246 3492 sustulit,
1264 3439 1290 3483 at
1309 3435 1421 3495 alteram,

229 3515 254 3564 ui
277 3514 360 3572 lsllor,
383 3513 498 3564 intactam
522 3513 695 3578 praetermisit,
719 3514 790 3564 simul
816 3515 966 3580 imprudens,
994 3515 1112 3566 incertum
1133 3517 1218 3566 calami
1236 3533 1267 3568 su
1285 3518 1422 3583 typothetae

226 3603 311 3668 lapsu,
334 3601 414 3654 locum
435 3601 612 3666 impeditiorem
635 3602 745 3654 reddidit.
780 3603 880 3668 legitur
902 3603 968 3653 locus
987 3619 1010 3668 p.
1029 3601 1092 3661 aas,
1112 3602 1144 3654 dl
1164 3605 1253 3656 balab:
1272 3603 1377 3670 διυῷίρτι
1395 3604 1423 3656 dl

230 3687 344 3754 σύνταξις
369 3689 505 3766 assiduasse.
532 3688 678 3748 σύνθεσις
697 3689 740 3752 μίν
762 3693 818 3741 ἐστι
838 3687 924 3752 λέξεσιν
943 3691 1072 3753 audisses
1093 3691 1152 3753 ίμοῡ
1170 3693 1215 3755 μίν
1232 3695 1423 3759 γεγραμμένην,

230 3785 264 3844 μὴ
293 3777 351 3842 ίμοῖι
379 3779 406 3831 di
435 3779 568 3842 νοουμίνοιν.
590 3779 736 3839 τίνίισις
755 3779 782 3830 bl
801 3785 877 3843 μιᾶς
895 3777 909 3839 li
928 3779 971 3832 too
990 3777 1004 3838 li
1024 3787 1095 3844 τριίίν
1115 3779 1202 3843 λε’ξτιιν
1219 3785 1301 3844 ’ίνιισις
1320 3781 1361 3850 ὑφ’
1381 3787 1423 3837 loa

230 3877 298 3924 πίνον
323 3873 366 3921 καί
389 3865 431 3935 ὑφ’
455 3873 481 3921 aa
505 3875 607 3932 πνεῦμα.
634 3873 696 3922 Vere
722 3873 856 3922 emendavit
882 3872 1005 3923 Iobreiua:
1035 3874 1073 3932 μι)
1093 3869 1152 3934 ίμοῖι
1173 3875 1216 3936 μίν
1234 3876 1423 3940 γεγραμμίννιν,

230 3960 290 4026 ίμοῑι
317 3955 346 4014 δὲ
373 3961 506 4023 νοουμίννιν.
536 3961 613 4011 Possis
637 3965 731 4020 tamea,
755 3977 809 4011 curu
827 3961 890 4011 alter
906 3963 964 4012 ordo
982 3968 1082 4012 naturae
1102 3965 1176 4030 magis
1193 3977 1361 4018 consentaneus
1378 3970 1422 4030 ait,

230 4055 303 4105 etiam
319 4054 365 4104 sic:
384 4053 444 4114 ίμυῦ
462 4052 507 4113 μίν
532 4049 721 4111 νοουμένων,
739 4052 774 4112 assi
794 4050 854 4112 ίμυίί
871 4049 898 4101 dl
918 4050 1160 4115 γεγραμμίνιιν.
1183 4057 1216 4104 At
1232 4061 1296 4106 certe
1312 4057 1425 4110 Irsbrsius

231 4148 334 4194 autnon
347 4143 442 4210 scripsit
456 4147 498 4192 aut
512 4141 614 4192 scribere
629 4141 706 4191 noluit
724 4138 831 4200 σύνθεσις
859 4140 903 4203 μίν
931 4138 987 4191 ἔστι
1020 4139 1106 4204 λε’ξενιν
1133 4143 1262 4208 subirara
1290 4156 1357 4204 κτλ..
1384 4148 1425 4198 aad

232 4229 391 4294 σύνταξις
411 4231 455 4292 μίν
472 4234 543 4291 ἐστι,
562 4241 632 4298 atquc
649 4232 685 4282 ita
702 4233 773 4282 rtianr
790 4235 852 4299 apud
868 4233 1005 4284 Bakkerum
1021 4239 1064 4285 est.
1090 4235 1171 4285 Unum
1185 4237 1328 4300 monendum
1343 4240 1425 4288 restat

233 4325 345 4373 Potestne
369 4321 476 4379 τιίνίοσις
506 4323 569 4371 recte
594 4321 640 4370 dici
666 4325 740 4380 μιίίς
766 4317 781 4378 ll
806 4319 849 4371 διίο
874 4317 888 4378 li
911 4328 983 4386 πριῦν
1009 4319 1095 4384 λε’ξευυ
1112 4317 1213 4382 ίνιισιςί
1232 4324 1352 4390 Quoniam
1368 4329 1425 4388 μιΙς

234 4409 319 4474 λίξοοις
339 4413 421 4471 iacere
437 4429 497 4479 quae
514 4412 546 4462 sit
563 4427 593 4461 ne
609 4412 708 4476 cogitari
726 4413 822 4477 quidem
838 4419 930 4480 potest,
949 4413 1077 4466 videndum
1095 4429 1173 4464 suuou
1192 4420 1307 4480 praestet:
1317 4413 1425 4476 σίνίοπις

234 4504 260 4554 ll
278 4505 323 4562 τίς
343 4505 418 4567 μίαν
437 4499 454 4560 tt
471 4500 513 4552 δύο
531 4497 546 4556 li
566 4507 636 4562 πιιοίν
655 4497 741 4561 aibas
759 4503 840 4559 ’ίνιισις
861 4499 902 4564 ὑφ’
923 4505 965 4552 ’ίνιι
983 4501 1051 4555 πίνον
1070 4505 1111 4552 καί
1126 4501 1171 4566 ὑφ’
1186 4507 1212 4554 aa
1231 4517 1333 4570 τνιυμα.
