3318 5138
870 345 932 414 112

305 544 469 625 excerpts,
505 537 544 604 sd
580 534 827 604 confirmandum
857 537 1013 604 sthetesin
1045 558 1198 604 vemuum
1237 537 1302 606 316
1343 546 1376 608 et
1411 539 1497 620 317,

304 666 367 731 quo
398 651 506 711 tomen
535 643 622 728 loco,
654 649 738 709 recte
767 643 931 711 Dindorfio
962 650 1126 722 monente,
1151 649 1227 712 noto
1249 646 1313 714 huo
1335 649 1497 734 pertinens

304 755 421 820 omisso
449 758 507 818 est.
556 750 751 830 Βεβαιωτιιιόι
783 757 889 816 ταῦτα
916 751 958 826 τόι
991 749 1049 827 ἔπή
1081 751 1208 841 (nempe
1240 749 1258 828 ή
1287 751 1379 831 μόλοι
1409 757 1496 838 κτλ.)

304 863 357 925 τοῦ
380 863 425 937 μή
450 860 581 938 εόρήσόοιι
607 859 663 924 ὑπό
687 857 885 938 Τηλεμάχου
907 857 978 932 τοὺς
1003 859 1259 941 προνόετήμένουσ
1283 861 1409 942 στόχονε
1434 860 1495 948 (vs.

304 966 369 1034 316
402 973 434 1032 et
466 965 547 1050 317)
580 965 733 1046 „scepsius
764 962 800 1038 όόε
825 967 856 1031 κ’
881 965 961 1045 όροριι
985 969 1087 1039 κακόιε
1111 968 1162 1034 ἐπὶ
1186 974 1280 1050 κῆρας
1305 968 1397 1052 όήλει,
1420 983 1438 1056 Η
1462 969 1495 1044 ήὲ

303 1073 433 1142 Πύλονδ’
470 1073 562 1140 ἕλόόον
593 1077 610 1150 ή
642 1073 739 1138 αὐτοῦ
762 1071 832 1153 τῷδ’
858 1072 897 1138 ε’νὶ
923 1059 1037 1156 δήμῳ.”
1060 1077 1243 1156 οόποροῦντεε
1269 1075 1330 1156 γὰρ
1353 1075 1496 1152 λέγουσιν

305 1179 346 1262 ,,ή
379 1181 473 1260 μόλοι
509 1178 741 1261 Τήλέμαχος,”
776 1181 829 1245 οόκ
862 1179 901 1247 όιν
937 1182 1147 1263 ἀπαρύσαντες
1186 1183 1221 1247 οἱ
1263 1181 1494 1263 προακηκοότες.

304 1289 442 1376 (ΕΜΗ.)
469 1287 514 1354 Ut
537 1288 615 1354 haec
638 1286 884 1376 intellegantur,
910 1288 1111 1355 scribendum
1136 1295 1201 1354 est:
1227 1290 1407 1370 decretores
1430 1289 1495 1372 γὰρ

300 1399 443 1480 λέγουσιν
470 1431 521 1446 --
549 1395 613 1474 ,οὐκ
639 1393 677 1460 όν
701 1395 910 1475 ἀπαρύσαντες
936 1395 968 1460 ei
993 1394 1225 1478 προακηκοότες.
1254 1393 1279 1482 ¹)

345 1609 371 1688 β
381 1656 390 1686 ,
416 1605 493 1676 337.
512 1607 581 1680 Ὣς
601 1603 683 1687 φόν·
703 1605 716 1671 ό
736 1604 764 1669 δ’
785 1604 937 1689 ὑψόροφον
954 1603 1096 1684 όόλαριον
1113 1606 1307 1686 κατεβήσετο
1320 1603 1446 1687 πατρός,
1472 1617 1489 1698 Η

301 1716 395 1798 εόρόν.
428 1711 482 1780 Ad
503 1714 580 1779 hoec
604 1712 647 1778 E:
672 1713 710 1784 sc
735 1710 834 1796 ἔφανε
859 1711 1021 1793 γράφεται
1045 1713 1097 1778 καὶ
1122 1713 1207 1795 φόν*
1231 1713 1357 1796 ἔφασαν
1383 1712 1435 1778 καὶ
1461 1714 1493 1778 ἐν

300 1831 443 1904 cursore
479 1819 561 1899 ἔφαν
595 1818 647 1884 καὶ
683 1817 761 1900 φόν.
798 1819 881 1907 (Non
912 1825 1016 1906 potest
1045 1821 1098 1886 hic
1130 1821 1223 1887 oliter
1249 1820 1369 1907 scribi)
1401 1821 1437 1887 τό
1461 1819 1493 1886 δὲ

303 1928 463 2014 „dotianus
498 1925 711 2006 κατεβήσετο”
742 1927 944 2012 (-εβήσατο
976 1927 1061 1994 mule
1094 1925 1224 2013 oodexl)
1258 1925 1337 1993 νόει
1369 1929 1402 1991 ἐκ
1435 1935 1491 2004 τῆς

299 2034 410 2113 λέξεως
434 2033 469 2100 τό
493 2042 601 2100 κοῖλον.
636 2033 710 2100 Nou
733 2035 854 2119 optime
877 2054 1041 2120 assequor,
1065 2055 1123 2101 nec
1143 2033 1220 2120 quid
1243 2035 1306 2100 sibi
1328 2033 1407 2102 velit
1430 2036 1493 2102 im·

299 2144 476 2230 putativus,
499 2161 600 2226 neque
618 2142 725 2229 mugio
745 2161 807 2226 quo
826 2140 921 2207 modo
940 2161 979 2208 ex
1001 2142 1104 2206 verbis
1127 2141 1268 2218 όοόλιιμον
1294 2141 1490 2220 κατεβήσετο

298 2247 489 2339 significatio
518 2249 679 2314 vastitatis
703 2267 738 2313 uc
762 2249 970 2313 concavitatis
995 2247 1068 2314 clici
1091 2247 1199 2334 possit.
1247 2247 1383 2334 Utrique
1406 2248 1492 2316 mulo

297 2356 500 2424 medebimur
523 2354 704 2421 scribendo:
729 2353 764 2419 τό
788 2354 819 2419 δὲ
846 2353 1494 2441 1,(όφόροφονΗοόλαροονκοιτεβήσετο”

298 2470 382 2530 νοεῖ
403 2463 438 2527 ἐκ
460 2469 514 2539 τήι
540 2459 653 2540 λέξεως
678 2461 712 2527 τό
736 2467 846 2528 κοῖλον.
1370 2479 1376 2498 ·

342 2646 386 2726 β,
413 2644 489 2712 340.
514 2645 685 2713 Descendit
708 2643 918 2710 Telemachus
941 2647 975 2711 in
997 2645 1178 2712 thulhmnm

651 2747 692 2816 όόι
717 2750 804 2825 νητὸς
827 2751 940 2833 χρυσός
966 2751 1018 2817 καὶ
1042 2753 1165 2832 χαλκός
1191 2751 1288 2818 ἔκειτο

475 2858 562 2933 όσόήε
589 2859 619 2924 τ’
643 2859 674 2924 ἐν
696 2867 839 2940 χηλοῖσιν
863 2855 935 2929 όόλιο
958 2857 988 2924 τ’
1014 2860 1120 2933 εὐῶδες
1145 2857 1266 2925 ἔλαιον·

475 2965 504 3031 όν
528 2965 560 3031 δὲ
584 2966 663 3032 πόόοι
686 2966 769 3031 οἴνοιο
792 2971 930 3032 παλαιοῦ
956 2965 1112 3044 ήόνπότοιο
1136 2979 1207 3031 κτλ.

295 3075 422 3161 Itaque,
464 3079 502 3138 ut
542 3073 636 3139 choos
677 3072 957 3160 philosophorum,
999 3073 1103 3138 πόντοι
1140 3073 1224 3151 ὁμοῦ.
1274 3075 1321 3140 oi
1353 3076 1419 3157 γὰρ
1446 3115 1490 3128 -

295 3183 472 3250 Scholiasta
494 3180 632 3266 quodem
655 3180 759 3246 indice
785 3217 825 3228 -
851 3177 885 3254 ήν
907 3179 1043 3253 τοσαότν
1067 3185 1126 3243 τῶν
1149 3185 1292 3245 παλαιῶν
1316 3183 1492 3263 περιεργόα,

295 3291 333 3364 ὡς
370 3287 525 3370 exsors
561 3284 681 3351 τόπον
716 3285 949 3364 ἀπονέμειν.
996 3286 1040 3351 Ac
1075 3306 1138 3352 non
1169 3293 1273 3374 potest
1305 3287 1398 3354 aliter
1432 3311 1490 3376 per

294 3417 401 3464 rerum
432 3400 596 3478 notorum,
621 3395 696 3480 quin
718 3395 890 3477 uuicuique
913 3395 959 3458 rei
981 3393 1089 3458 locum
1113 3393 1270 3482 adsignes.
1318 3393 1379 3460 Sed
1403 3397 1490 3461 exci-

294 3505 342 3570 dit
372 3499 565 3571 vooobulum
589 3499 779 3564 adsensum
801 3501 1033 3565 necessarium:
1059 3499 1091 3564 οὐ
1115 3500 1179 3578 γὰρ
1205 3495 1239 3573 ήι
1262 3499 1400 3575 τοσαότή
1426 3501 1489 3566 τόν

294 3615 435 3678 παλαιῶν
449 3606 624 3688 περιεργία,
649 3607 686 3678 cic
709 3605 864 3684 ἑκόστιρ
890 3603 1018 3690 (ἴδιον)
1040 3606 1161 3670 τόπον
1181 3605 1355 3684 ἀπονέμειν.
1380 3605 1487 3674 Omis-

294 3721 341 3785 sio
373 3721 499 3792 sutem,
528 3711 612 3800 quod
644 3714 785 3796 mireris,
816 3714 849 3777 in
881 3711 1030 3778 omnibus
1053 3711 1215 3779 codicibus
1241 3719 1288 3780 est
1311 3711 1487 3804 (EMQH),

293 3825 378 3892 unde
400 3821 549 3888 Scholion
572 3824 620 3886 est
642 3819 780 3885 editum.

337 4009 381 4089 β,
407 4005 483 4071 350.
509 4003 648 4090 lmpsrot
670 4001 882 4069 Telemachus
905 3997 1097 4090 Euryclese:

429 4115 521 4188 Μαΐ,
548 4108 610 4188 ἄγε
634 4111 670 4185 δή
695 4131 745 4186 μοι
770 4104 843 4174 οἶνον
867 4108 898 4173 ἐν
922 4111 1153 4190 ἀμφιφορεῦσιν
1176 4103 1320 4189 ἄφυσσον

429 4217 520 4296 ήδόν,
545 4211 607 4290 ότιε
631 4214 716 4295 μετόν
741 4214 793 4280 τόν
816 4215 995 4296 λαρώτατος
1021 4211 1052 4280 όν
1076 4215 1113 4281 σὺ
1137 4213 1324 4298 φνλοόσσειι.

327 4433 350 4492 1)
370 4433 529 4491 Cornuthius,
552 4432 616 4496 qnod
638 4445 702 4480 nnuc
718 4428 795 4480 obiter
812 4445 910 4489 moneo,
929 4429 993 4478 inter
1010 4428 1142 4480 Aristonici
1161 4431 1296 4497 irsgmentu
1314 4431 1415 4499 recepit,
1435 4447 1489 4485 cse-

292 4517 373 4566 ternu
389 4515 472 4568 eudem
488 4514 664 4576 emendatione,
682 4513 723 4564 sed
739 4527 794 4566 cuin
811 4511 935 4566 dnhitsndi
952 4511 1032 4580 signo,
1049 4513 1177 4583 propheto
