3318 5138
707 353 773 433 133

188 571 224 634 y,
239 551 313 620 103.
326 551 347 620 ὦ
360 555 442 636 Φίλ’,
459 556 528 622 ίπεί
537 554 575 636 μ’
591 554 727 632 ἔμνησας
748 556 860 638 diditur:
873 558 927 621 οὐκ
940 555 1105 620 οίποδίδοιοι
1117 554 1160 619 τί
1179 551 1255 620 teret

141 663 308 742 Ὁμηρικὸν
329 662 360 727 δέ
386 665 451 728 ἐστι
475 663 509 727 τὸ
534 660 608 736 ἔθος.
634 662 728 749 (ΗΜ)
754 663 923 728 Aristonici
943 683 982 728 ex
993 661 1180 728 Aristarcho
1191 681 1335 746 praecep-

141 775 234 852 tum,
254 772 288 834 in
307 789 369 854 quo
387 775 494 834 tamen
515 770 754 858 corrigendum:
775 773 829 835 οὐκ
846 770 1009 835 οίποδίδωοι
1030 777 1157 854 (nempe
1176 768 1190 833 θ
1207 769 1334 842 notariae

142 876 228 961 quod
258 877 323 942 fere
354 878 530 960 omittitur)
559 878 608 958 τῷ
632 877 717 951 ἐπεί,
742 897 815 942 nam
840 877 983 942 multum
1007 896 1116 941 vereor
1139 883 1176 940 ut
1200 875 1242 939 τί
1266 872 1336 938 ἐπεί

142 987 197 1048 οὐκ
221 984 386 1048 ἀποδιδοοι
410 982 530 1048 Graece
554 981 733 1072 significare
756 984 1022 1068 poeaitentiam
1045 985 1098 1046 οὐκ
1122 979 1208 1066 ἔχει,
1232 983 1265 1046 οὐ
1290 980 1334 1044 δί-

142 1113 252 1171 χεται.
287 1089 386 1155 Pleno
416 1099 449 1155 ot
479 1097 564 1155 recte
592 1093 745 1175 scripturn
779 1099 828 1156 est
851 1089 890 1155 od
915 1088 936 1170 ζ
959 1088 1038 1156 187:
1064 1090 1147 1154 οὐδὲν
1171 1090 1335 1154 ἀποδίδωσι

142 1198 186 1276 τῷ
211 1197 281 1261 ἐπεί
305 1197 318 1260 θ
344 1196 481 1270 ποιητής.
507 1195 586 1280 (Po)
612 1195 671 1260 Vei
690 1200 781 1282 peine
806 1197 901 1262 habet
924 1199 958 1260 in
982 1196 1123 1261 eiusdem
1147 1192 1338 1261 Homericae

96 1297 107 1320 ⁹
143 1302 383 1368 consuetudinis
414 1303 574 1368 notatione
605 1303 645 1368 ad
675 1303 759 1368 hunc
791 1311 934 1368 nostrum
967 1321 1095 1367 versum
1123 1299 1168 1366 B:
1201 1301 1236 1367 τί
1268 1303 1338 1367 ἐπεί

143 1411 279 1474 ἐνταῦθα
307 1407 515 1486 βεβαιωτικὸν
546 1409 599 1474 καὶ
631 1409 734 1487 οίργθν.
768 1411 952 1494 (repetitum
989 1408 1029 1474 ad
1061 1406 1193 1493 3204.)
1216 1410 1249 1473 οὐ
1273 1412 1346 1488 γὰρ’

143 1515 396 1581 οίποδίδοται
432 1517 584 1595 'Oresteion
619 1515 687 1579 ἔθει.
734 1513 819 1595 Quid
849 1512 973 1602 igitur?
1004 1521 1091 1581 estne
1122 1517 1156 1578 τὸ
1188 1516 1256 1580 ἐπεί
1286 1519 1338 1581 οὐκ

142 1622 326 1687 οίποδίδοται
350 1641 390 1686 an
413 1623 465 1686 οὐκ
490 1618 676 1686 θποδίδοοιί
699 1621 823 1706 Nempe
845 1629 1017 1707 utrumqne
1040 1640 1242 1706 perversum:
1255 1643 1337 1686 nun·

139 1749 242 1816 quarn
279 1731 365 1793 enim
400 1730 469 1793 ἐπεί
499 1731 532 1793 in
563 1729 692 1814 apodosi
722 1727 869 1793 collocari
892 1736 1007 1814 potest.
1056 1726 1254 1814 Quapropter
1276 1731 1336 1794 sit:

139 1837 174 1901 οὐ
200 1836 265 1916 γὰρ
288 1834 540 1900 ἀποδίδοται
563 1837 627 1922 (τι)
652 1834 809 1915 Ὀμιιρείῳ
834 1837 903 1899 ἔθει.

185 2071 229 2125 p,
259 2043 334 2110 113.
348 2044 500 2111 Eiusdem
525 2048 651 2134 generis
675 2049 791 2113 uitium
819 2047 1027 2111 commissum
1049 2051 1097 2110 eet
1117 2046 1338 2111 inindicendis

137 2156 182 2220 iis
205 2153 330 2230 verbis,
355 2173 454 2237 quae,
479 2156 540 2218 etei
564 2154 633 2218 ἐπεί
655 2152 954 2239 proprie·apodosin
979 2172 1041 2216 non
1060 2155 1208 2237 recipiet,
1229 2161 1336 2220 tamen

137 2265 269 2327 munta
289 2262 533 2325 constructionis
544 2261 646 2326 forma
657 2271 730 2346 poet
742 2262 880 2345 protasia
895 2280 951 2344 per
964 2259 1032 2324 ἐπεί
1043 2262 1246 2345 incipientem
1261 2281 1337 2345 quo-

139 2366 316 2434 dammodo
337 2386 395 2450 pro
419 2366 546 2451 apodoei
571 2368 714 2433 habenda
738 2373 819 2431 sunt.
858 2366 1006 2432 Eduntur
1025 2367 1058 2431 in
1077 2367 1162 2432 huno
1184 2367 1334 2432 modum:

137 2477 191 2547 τίς
214 2497 266 2538 κεν
288 2474 408 2537 ἐκεῖναι
428 2473 606 2538 ἀποδίδοται
628 2475 670 2536 τὸ
692 2475 782 2550 ,,ὲπεί
800 2476 835 2549 μ’
849 2472 1010 2548 {auncurt
1037 2474 1142 2560 Igitur
1161 2475 1228 2538 ἐπεί
1241 2494 1336 2559 supro

137 2585 176 2648 in
198 2581 329 2667 epodosi
354 2578 459 2644 locum
484 2600 544 2644 non
569 2581 710 2662 obtinet,
735 2580 787 2644 hic
811 2575 948 2644 obtinet!
970 2577 1082 2667 Apage
1098 2576 1252 2664 ineptiasi
1267 2583 1335 2657 „cir

138 2714 193 2755 κεν
217 2684 352 2751 ἐκείνο”;
380 2685 559 2750 οίποδίδοται
583 2689 630 2766 τῷ
657 2687 745 2750 “darei
769 2692 804 2764 μ’
829 2684 999 2762 {concert

186 2923 230 2983 γ,
256 2897 331 2962 151.

302 3003 415 3069 Νύκτα
440 3003 497 3078 μὲν
520 3003 660 3080 οίίτοιμεν
683 3003 820 3085 χαλεποὶ
845 3003 952 3083 <operia
976 3005 1166 3083 ὁρμαίνοντες

304 3110 470 3184 οίλλιίλοις·
496 3111 547 3174 ἐπί
571 3111 634 3191 γὰρ
660 3113 734 3181 Ζεὺς
759 3111 848 3191 ἤρτυε
872 3117 964 3189 πῆμα
990 3119 1105 3176 κακοῖο.
1215 3102 1219 3110 ’

303 3218 391 3291 ιἰῶθεν
419 3219 445 3281 δ’
469 3219 494 3281 ot
518 3217 576 3295 μὲν
599 3219 669 3290 νέας
692 3217 823 3295 ἕλκομεν
847 3219 889 3291 είς
914 3216 981 3283 ἅλα
1006 3221 1074 3283 δίαν
1099 3233 1169 3282 κτλ.
1278 3281 1286 3290 ,

186 3327 239 3393 Ad
274 3327 352 3391 haoa
383 3331 431 3390 est
461 3326 495 3388 in
525 3323 725 3404 EHMQRT:
751 3325 986 3401 οίνεπνεύοαμεν
1010 3333 1065 3399 τῆς
1089 3326 1245 3403 cratetur,
1272 3327 1335 3392 οίπὸ

137 3441 195 3502 τοῦ
229 3435 284 3499 θοι.
316 3434 342 3496 εί
368 3433 431 3512 γὰρ
455 3433 672 3510 ἐκοιμήθημεν,
698 3425 760 3520 πολ
786 3433 997 3512 θρμαίνοντες;
1021 3434 1051 3496 ἐν
1076 3433 1107 3498 δὲ
1130 3441 1200 3504 ταῖς
1226 3456 1336 3514 χαριε-

138 3543 265 3622 cripere
298 3539 482 3619 γέγραπται
515 3539 715 3618 ,μίοίοαμενᾞ
748 3537 820 3619 ὅπερ
854 3541 936 3604 ἐστίν
964 3538 1121 3621 ἄπρακτον
1147 3543 1335 3624 οίφιίκαμεν,

140 3651 256 3728 ,ἠῶθεν
288 3648 319 3712 δὲ
342 3649 369 3712 oi
393 3649 509 3733 (immo
533 3647 561 3709 δ’
585 3649 624 3734 τί)
650 3647 706 3723 μὲν
732 3647 835 3719 νέας”.
857 3647 999 3711 οίνοίκειον
1024 3649 1087 3724 γὰρ
1111 3649 1146 3711 τὸ
1171 3648 1335 3722 κοιμᾶσθαι

140 3756 254 3827 αὐτοὺς
289 3757 319 3818 ἐν
342 3754 476 3834 τοσούτῳ
506 3754 647 3835 κινδύνῳ,
672 3754 700 3818 εί
723 3778 769 3823 τις
794 3753 828 3818 τὸ
852 3753 992 3830 οίέσαμεν
1016 3755 1075 3834 (sio
1100 3757 1219 3839 optime
1243 3755 1336 3819 Butt-

139 3883 281 3930 manuus
317 3863 454 3928 correxit
491 3882 547 3947 pro
585 3865 720 3946 repetito
751 3861 917 3946 ticinense)
949 3862 1017 3925 οίντί
1050 3866 1102 3925 τοῦ
1135 3863 1335 3937 ἐκοιμήθημεν

140 3965 313 4044 tuditano.
361 3968 451 4033 Duae
483 3966 701 4033 adnotationes
732 3967 810 4032 bene
841 3967 1008 4031 distinctae
1033 3969 1066 4030 in
1090 3967 1149 4032 hac
1177 3968 1335 4055 farragine

138 4077 280 4163 passima
312 4079 489 4160 permixtae
521 4079 614 4158 sunt,
647 4093 781 4159 quarum
814 4072 913 4138 altera
943 4074 1053 4138 critica
1084 4079 1149 4158 est,
1174 4072 1273 4140 altera
1296 4095 1335 4140 ex

138 4182 365 4269 Porphyriana
398 4181 488 4246 verbi
523 4180 662 4256 ἀέσαμεν
698 4182 967 4265 interpretatione.
1022 4175 1140 4244 Critiae
1175 4180 1337 4247 adnotetis

141 4288 293 4376 (Didymi
301 4286 327 4372 t)
360 4288 467 4354 media
496 4289 682 4372 interposita
711 4291 758 4351 eet
787 4289 871 4350 inter
897 4289 1043 4369 excerpta
1070 4305 1108 4348 ex
1135 4283 1334 4372 Porphyrio,

141 4397 227 4463 unde
268 4403 301 4462 et
336 4395 520 4472 eximenda,
560 4393 644 4480 quod
679 4395 796 4478 partim
833 4396 929 4459 etiarn
966 4390 998 4457 la
1033 4389 1140 4456 Recho
1174 4392 1269 4476 fecit,
1305 4403 1338 4457 et

143 4505 275 4572 fortasse
306 4501 551 4588 redintegranda
580 4503 613 4564 in
645 4499 730 4565 hunc
763 4500 912 4565 modum:
941 4499 971 4562 ἐν
1006 4498 1038 4563 δὲ
1072 4506 1143 4570 ταῖς
1175 4501 1337 4582 χαριεστέ·
