3330 5144
751 319 817 388 225

187 529 259 576 eum
292 510 473 600 Magnum,
506 511 589 598 quod
620 533 693 576 eum
725 512 873 578 Gudiano
895 521 927 576 et
950 511 1069 578 Zonara
1093 512 1222 579 Pindari
1248 535 1373 583 versum

186 615 344 684 Simonidi
376 619 509 697 tribuit,
542 618 714 686 Simonidis
738 618 895 691 Pindaro,
921 618 1020 685 simul
1043 640 1099 705 pro
1124 645 1158 684 τε
1182 621 1299 700 δοιίμιον
1322 646 1377 690 ex-

185 724 297 790 bibens
330 725 504 802 Τειομών,
530 746 604 790 oum
627 723 761 790 Zonaras
782 749 815 788 τε
840 724 948 802 λοβῶν
972 727 1129 812 praebeat.
1176 727 1376 814 Itaqueiam

186 833 363 916 antiquitus
397 835 432 898 in
462 832 522 898 boo
553 852 661 897 versus
691 832 851 920 fragmine
883 832 1047 898 turbatum
1079 839 1142 910 est,
1177 854 1239 919 quo
1269 833 1306 902 tit
1341 842 1377 902 ut

185 937 259 1003 inde
294 937 376 1002 nihil
411 937 585 1024 quidquam
621 944 705 1004 certo
741 936 902 1022 conficias,
939 959 990 1003 ne·
1012 939 1072 1005 hoe
1107 939 1255 1025 quidem,
1286 944 1377 1008 euius

185 1046 232 1108 rei
263 1063 357 1110 eausa
386 1044 545 1123 adsertor,
578 1065 617 1110 an
646 1043 768 1129 liquido
798 1051 961 1130 appareat,
995 1043 1171 1111 Pindarum
1194 1049 1291 1114 verbo
1313 1046 1377 1125 ξει-

186 1151 312 1216 νοδοκεῖν
355 1172 449 1216 usum
496 1172 563 1216 esse
608 1171 664 1237 pro
705 1152 832 1229 testari,
869 1153 1088 1216 testimenium
1124 1152 1236 1219 dioere.
1291 1154 1377 1221 Illud

105 1243 117 1264 ⁸
186 1278 284 1322 unum
328 1257 436 1334 video,
482 1257 559 1323 haee
602 1259 648 1322 ita
692 1259 826 1342 scripta:
866 1255 1053 1332 ξεινοδοκνοέ
1088 1283 1122 1322 τε
1159 1259 1293 1335 ratpot,
1336 1300 1376 1311 -

186 1367 303 1430 omisso
339 1390 353 1428 ν
385 1365 617 1448 tornanensis,
649 1363 731 1449 quod
763 1369 884 1429 veteres
916 1369 1012 1430 testes
1043 1367 1208 1444 omittunt,
1244 1406 1284 1416 -
1308 1365 1379 1432 linis

186 1473 365 1538 hexametri
405 1475 541 1557 speeiem
582 1471 739 1557 praebere.
788 1469 834 1535 At
863 1473 895 1536 in
927 1471 1099 1538 Simonidis
1129 1494 1223 1539 versu
1257 1473 1379 1547 adlato,

190 1617 229 1628 —
260 1564 353 1663 quern
389 1577 548 1666 Bergkius
584 1579 635 1666 (fr.
667 1576 725 1664 84)
760 1598 833 1642 num
865 1579 906 1642 iis
940 1580 1119 1666 coniungit,
1155 1599 1235 1664 quae
1264 1601 1283 1645 a
1313 1579 1380 1646 solo

187 1683 360 1751 Plutaroho
393 1687 427 1750 in
462 1683 572 1750 libello
607 1684 645 1749 de
675 1681 831 1750 Herodoti
863 1683 1067 1771 malignitate
1098 1687 1137 1772 (o.
1165 1685 1220 1771 42)
1254 1693 1378 1753 servata

183 1799 257 1858 sunt
292 1793 409 1876 scripto
440 1790 540 1856 simul
570 1790 596 1853 δ’
628 1790 747 1870 ὤριστος
781 1796 812 1855 et
844 1790 980 1868 λάμπων
1012 1829 1055 1840 -
1087 1792 1124 1857 de
1149 1790 1379 1880 significatione

184 1899 273 1964 verbi
305 1895 476 1974 ξεινοδόκον
501 1894 590 1963 nulla
612 1896 772 1962 dubitatio
797 1917 863 1962 esse
887 1903 1000 1983 potest.
1046 1897 1166 1964 Eadem
1191 1920 1226 1964 ae
1252 1898 1378 1984 Apollo

184 2007 274 2088 nius,
303 2011 340 2070 ut
363 2005 447 2078 dixi,
473 2003 623 2070 exhibent
647 2003 910 2092 Etymologioum
934 2004 1091 2092 Magnum
1114 2009 1146 2071 et
1171 2003 1376 2090 Gaditanum,

185 2111 293 2176 minue
316 2113 457 2198 integre,
482 2115 516 2176 at
539 2110 642 2176 multo
667 2109 847 2176 diluoidios.
872 2110 1088 2200 Eltymologioi
1114 2131 1237 2197 quoque
1264 2111 1377 2200 Magni

182 2219 279 2286 verba
304 2216 499 2293 describam,
525 2223 561 2282 ut
585 2238 682 2303 parvo
703 2217 732 2280 ἐν
752 2216 869 2298 resep
890 2203 971 2283 v'itio
991 2217 1133 2284 liberem.
1161 2217 1376 2284 Ξενοδόκον

182 2326 196 2390 d
232 2324 289 2402 μὲν
320 2319 457 2404 Ὅμηρος
493 2323 544 2388 τὸν
581 2324 664 2409 (τοὺς
702 2330 786 2390 recte
822 2323 893 2388 add.
934 2323 1032 2410 Gud.)
1072 2321 1171 2400 ξένους
1210 2325 1375 2405 δεχόμενον

184 2431 341 2519 (ὑποδεχ.
363 2431 480 2498 iterum
504 2430 622 2497 reotius
642 2429 742 2514 Gud.)
761 2429 890 2504 συνήθως
916 2432 987 2506 ἡμῖν
1014 2432 1249 2506 ὐτοτδδηον
1274 2443 1376 2510 Σιμω-

183 2538 263 2614 νίδης
288 2539 319 2603 δὲ
343 2539 394 2603 κοιδ
421 2538 565 2618 Πίνδαρος
590 2539 641 2602 aul
664 2535 754 2603 ἄλλοι
775 2538 854 2607 τινὲς
875 2537 925 2600 τὸν
944 2535 1249 2622 lorpdpwpoffiud.
1263 2538 1376 2620 μοὶρτ.)

182 2644 370 2724 ἐξεδέξαντο.
404 2643 573 2722 Σιμωνίδης
606 2641 814 2723 „introituque
839 2642 1030 2727 reapdr’,
1054 2644 1123 2709 οὶντδ
1147 2650 1219 2723 τοῦ,
1245 2645 1376 2726 ἐμαρτύ-

183 2773 272 2828 ρησε·
319 2752 371 2816 aa>
415 2751 560 2832 Πίνδαρος
604 2749 794 2829 »ξεινοδόκον
839 2749 864 2814 δ’
907 2747 1027 2828 ἄριστος
1069 2751 1183 2830 χρυσὸς
1219 2753 1250 2816 ἐν
1284 2752 1375 2832 eloim

182 2857 354 2936 acturust,
400 2857 468 2922 cirri
511 2863 584 2942 τοῦ,
628 2856 796 2937 μαρτύρων.
853 2856 924 2921 Non
967 2855 1099 2933 dieitur,
1134 2853 1271 2939 Ὅμηρος
1304 2856 1376 2946 (ξει-

182 2965 310 3050 νοδόκον)
342 2965 471 3040 auritos
506 2966 578 3042 ἡμῖν
603 2963 779 3048 ὑποτίθησι,
803 2999 845 3012 -
863 2964 895 3026 in
922 2961 1070 3029 Gudiano
1092 2965 1226 3030 verbum
1251 2986 1377 3050 prorsus

182 3075 287 3158 debet,
320 3111 360 3122 -
393 3073 448 3138 sed
478 3071 632 3155 τίθησι,
664 3069 933 3157 quemadmodum
966 3091 997 3136 r.
1022 3091 1048 3136 ο.
1082 3071 1121 3136 ad
1154 3069 1252 3138 1257
1284 3093 1379 3159 super

181 3181 392 3248 Homericum
424 3180 586 3245 δεισάντων
611 3179 751 3259 φθόγγον
777 3201 812 3242 τε
838 3177 938 3257 βαρύν
962 3180 996 3242 in
1020 3177 1048 3242 Τ
1071 3178 1276 3244 observatur:
1300 3177 1376 3251 ibor

181 3289 221 3353 οὐ
254 3289 352 3362 τίθησι
382 3289 437 3362 τὴν
470 3287 679 3363 aaronem
708 3283 758 3348 εἰτδ
784 3290 839 3355 τῆς
864 3283 1063 3362 ἀδιαρθρώτου
1090 3291 1194 3363 <toric
1218 3285 1270 3350 κοιδ
1297 3287 1376 3350 daa-

181 3392 464 3475 τοοοχημοτίστοο,
497 3393 534 3463 dr
569 3390 621 3456 κονδ
652 3397 682 3456 ἐν
705 3397 767 3462 τοῖς
794 3387 960 3470 ἔμπροσθεν
987 3388 1043 3476 (vs.
1073 3388 1150 3476 167)
1177 3394 1299 3469 „aoros
1322 3393 1377 3465 τδιν

181 3503 314 3587 (immet
350 3501 406 3585 τε)
443 3498 627 3581 Φθονγήν.”,
660 3497 717 3562 ubi
749 3492 826 3568 ἕλοις
859 3501 956 3576 γοῦν
989 3497 1087 3570 τίθησι
1111 3499 1166 3571 τὴν
1189 3496 1303 3574 λέξιν
1327 3498 1376 3564 ἐπὶ

181 3622 252 3672 οτι.
279 3609 467 3692 reponebam
489 3625 561 3670 oum
583 3603 718 3681 Cobeto,
743 3639 803 3682 -,
831 3605 894 3668 nisi
917 3603 1001 3688 quod
1025 3603 1077 3668 hio
1102 3603 1267 3691 (Muemtm
1292 3605 1332 3672 N.
1345 3605 1377 3672 S.

182 3712 250 3780 Vol.
284 3711 343 3777 VII
375 3733 403 3797 p.
438 3709 516 3794 436,
550 3709 660 3792 1879.)
692 3708 881 3793 simpliciter
904 3711 937 3774 οὐ
964 3711 1105 3782 omittit,
1132 3747 1173 3758 -
1194 3719 1378 3796 comparato

181 3826 203 3887 i.
229 3845 257 3890 a.
282 3821 320 3888 ad
346 3845 354 3884 ι
380 3820 461 3884 151:
495 3818 545 3882 ἐπὶ
576 3823 629 3883 τοῦ
662 3817 923 3896 οὶττονοττοὶζοντος
947 3817 1045 3888 τίθησι
1071 3816 1126 3888 τδιν
1150 3815 1233 3891 λέξιν
1255 3819 1379 3906 (agitur

181 3929 219 3996 de
256 3927 352 3994 verbo
388 3923 628 4010 ἀποβρίξαντες)
665 3921 765 3994 ὅπως
802 3925 856 3988 οὐκ
888 3924 937 3988 tori
963 3926 1016 3985 τοῦ
1040 3921 1160 3998 βοιδίοιν
1187 3923 1377 3992 ὑτνῶοοοι.

180 4033 262 4100 Sunt
292 4033 369 4098 haee
400 4051 525 4117 quoque
551 4033 666 4094 iterum
700 4051 738 4094 ex
771 4030 809 4107 T,
843 4036 937 4115 atque
968 4031 1014 4094 ita
1044 4035 1190 4114 corrupta
1222 4037 1274 4106 ut,
1302 4051 1374 4096 num

179 4141 312 4206 feeerint
342 4139 380 4203 ad
411 4136 523 4202 scholii
558 4157 667 4202 versus
692 4135 757 4201 257
783 4135 1034 4200 emendationem
1060 4135 1304 4212 stabiliendam,
1329 4140 1376 4202 vi-

180 4249 291 4314 cissim
314 4245 388 4310 bine
411 4243 547 4308 salutem
573 4242 739 4326 accipiant.
790 4245 873 4306 Certo
895 4243 981 4306 enirn
1007 4239 1179 4328 legendum
1201 4250 1262 4306 est:
1285 4240 1375 4328 (ὅτιῗ)

182 4355 232 4420 ἐπὶ
263 4356 317 4414 τοῦ
350 4349 613 4432 οὶτονυστοὶζοντος
639 4349 736 4423 τίθησι
761 4352 815 4423 τὴν
840 4346 922 4424 λέξιν
946 4347 1066 4420 ὅλως,
1092 4348 1146 4413 οὐκ
1169 4349 1219 4412 ἐπὶ
1242 4355 1296 4413 τοῦ
1315 4351 1375 4428 βοο·

182 4461 252 4532 δέος
287 4459 557 4528 δτνώσοοντος.
608 4455 701 4542 Apud
735 4457 910 4541 aequiores,
937 4491 977 4502 -
1002 4461 1039 4518 nt
1069 4454 1128 4519 hoo
1162 4475 1284 4540 quoque
1314 4477 1377 4522 non

1229 4577 1259 4626 lb
