3318 5138
745 337 810 406 12⁷

178 525 215 594 τέ
246 511 438 607 βεβλημένον
469 527 655 594 οὐντελνκέν.
687 529 755 595 καὶ
788 529 962 598 δοκεῖτέ
988 531 1176 595 τοιοῦτον
1198 530 1276 596 ἑτέ
1301 528 1373 596 ἓνο-

179 639 248 702 xci
279 637 451 715 ὐρνέμού
482 635 584 700 τολύ
616 633 809 716 πρότερον
831 637 1107 715 σεέεοονῑσέαν
1132 637 1221 715 παρ’
1247 636 1372 716 ciro:

178 741 258 822 Φησὶ
291 743 356 821 γὰρ
389 739 475 819 ,οὐτ’
507 741 712 824 αὐτοσχεδίην
748 743 934 820 οὐτασμένος
966 741 1030 818 ὀξέϊ
1051 743 1183 824 χαλκῷ”
1208 747 1257 828 (λ,
1282 741 1371 829 536).

178 857 343 930 σοντελσνῇ
366 847 429 928 γὰρ
454 859 576 930 μετοχῇ
601 853 780 924 συντελνκένν
803 852 983 930 ἐπήνεγκεν.
1010 851 1057 916 Ao
1079 851 1223 935 primum
1243 848 1373 935 quidem

177 958 213 1022 in
242 953 378 1020 Homeri
409 956 516 1021 verbis
538 977 577 1020 ex
604 955 746 1044 Odyssea
768 960 876 1024 citetis
900 963 956 1023 cut
979 957 1019 1022 eb
1043 959 1251 1042 epitomatore
1274 961 1373 1022 aute

177 1063 282 1128 scribe
305 1060 422 1128 Veneti
444 1059 571 1128 Codicis
593 1065 767 1130 memoriae
789 1064 881 1150 lepeu
905 1063 1060 1149 quuedum
1082 1064 1266 1148 perturbate
1286 1067 1371 1140 suut,

176 1169 375 1254 debebctquc
398 1167 580 1234 Dindorlius
603 1168 727 1236 bchrsii
751 1192 789 1238 ex
812 1170 984 1236 Homerico
1004 1176 1096 1236 textu
1116 1172 1370 1236 restitutionem:

175 1273 242 1340 οὐτ’
274 1273 312 1353 tp
342 1273 539 1352 βεβλημένος
571 1272 638 1351 teli
665 1280 778 1357 χαλκῷ
803 1275 871 1342 οὐτ’
895 1276 1100 1358 αὐτοσχεδίην
1125 1275 1315 1352 οὐτασμένος
1338 1277 1373 1340 in

175 1381 354 1449 Herodieui
395 1382 494 1448 verbe
534 1383 683 1469 recipere.
734 1383 818 1450 Nem
857 1403 919 1450 nou
960 1403 1027 1449 esse
1061 1383 1199 1448 auctoris
1233 1402 1369 1449 errorem

179 1491 257 1556 hinc
290 1490 458 1574 probetur,
493 1489 576 1574 quod
612 1511 651 1556 ex
685 1492 727 1556 iis
760 1510 841 1576 quse
874 1492 943 1577 ipse
977 1489 1117 1556 codicem
1148 1495 1276 1556 secutus
1307 1489 1374 1554 edi·

179 1595 232 1661 dit
261 1594 352 1661 nullo
382 1594 477 1662 modo
507 1593 588 1660 effici
622 1602 727 1682 potest
757 1599 966 1684 grammatici
1000 1596 1177 1663 conclusio:
1209 1604 1370 1676 σνντελννῖη

177 1703 245 1781 γαρ
267 1712 389 1783 μετοχῇ
418 1704 596 1776 coerceretur
619 1703 797 1781 έτνὶνεμνεν.
830 1702 893 1770 Sed
915 1703 975 1768 hoc
998 1703 1110 1768 obiter.
1133 1702 1218 1768 lllud
1241 1722 1370 1789 quaero.

174 1808 338 1894 quomodo
369 1811 431 1875 viri
464 1809 549 1876 docti
573 1811 750 1896 acceperint
774 1811 871 1876 verbe
893 1811 945 1875 καὶ
971 1808 1112 1875 dccclvi
1137 1813 1269 1876 τοιοῦτον
1293 1811 1372 1876 ὐπὸ

174 1915 274 1980 ένννού
299 1915 424 1995 ὐμέμού
445 1915 526 1980 τολύ
550 1914 689 1995 τοέτερον
717 1917 916 1995 τεθεωμῑσέαο
936 1917 1009 1993 παρ’
1034 1917 1129 1997 αὐτῷ.
1155 1914 1242 1996 Quae
1265 1935 1373 1982 vereor

170 2026 216 2086 ut
256 2020 356 2086 ullum
399 2021 596 2107 probabilem
639 2021 885 2108 explicationem
920 2021 1115 2107 admittunt,
1146 2023 1209 2087 nisi
1246 2027 1373 2088 mutete

172 2129 409 2216 praepositione
435 2129 610 2195 scribetur:
634 2129 687 2194 καὶ
711 2129 795 2194 δοκεῖ
814 2129 850 2194 τδ
875 2133 1007 2195 τοιοῦτον
1031 2129 1096 2194 ἐπὶ
1125 2130 1221 2194 ἒνννού
1244 2129 1371 2209 ὐμέμοῦ

174 2235 260 2301 πολὺ
304 2235 444 2316 πρότερον
483 2236 681 2315 redemptrices
716 2237 790 2314 παρ’
825 2236 928 2316 αὐτῷ,
963 2238 987 2301 i.
1000 2257 1028 2302 e.
1063 2235 1253 2320 videturque
1287 2236 1373 2321 opud

175 2341 340 2407 Horrorem
374 2345 409 2408 in
438 2341 595 2432 singulari
624 2363 755 2410 numero
786 2341 891 2408 multo
912 2347 1013 2428 potior
1035 2341 1132 2407 huius
1156 2342 1246 2407 verbi
1268 2342 1372 2408 formu

175 2450 327 2534 conspici.
376 2445 571 2534 Comprobat
606 2448 641 2513 id
675 2449 759 2534 quod
794 2451 901 2534 posuit
935 2451 1167 2536 grammaticus
1204 2468 1296 2516 versu
1331 2470 1371 2515 ex

175 2555 323 2644 Odyssea
351 2554 473 2633 adlato,
501 2553 587 2634 „cdr'
611 2553 648 2634 ep
673 2554 934 2635 βεβλημένος
959 2590 1046 2605 ---
1067 2556 1132 2621 οὐτ’
1156 2589 1210 2606 --
1230 2557 1369 2620 οὐτασ·

175 2662 337 2748 uiroc?
370 2669 403 2728 et
437 2665 483 2729 sio
517 2670 602 2729 recte
635 2665 742 2746 potuit
776 2661 981 2728 concludere:
1020 2663 1207 2748 „participio
1235 2663 1369 2750 perfecto

175 2768 268 2836 eliud
286 2769 339 2834 bic
357 2771 561 2855 perticipium
578 2769 746 2855 perfectum
765 2769 950 2853 subiunxit,
972 2768 1121 2853 idemque
1139 2771 1242 2857 igitur
1265 2775 1371 2835 nostro

174 2897 219 2942 ex
237 2873 338 2942 Iliade
356 2875 441 2952 loco,
461 2875 518 2940 ubi
536 2874 669 2960 plurslis
687 2877 836 2952 cernitur,
856 2875 977 2940 luctum
1000 2876 1142 2961 oportuit
1151 2873 1181 2950 ,''
1204 2870 1298 2946 οὕτως
1321 2871 1371 2939 οὐν

176 2981 234 3048 καὶ
266 2982 331 3047 tri
354 2989 414 3047 τῶν
437 2982 644 3056 τληύυντννούν
668 2982 889 3059 evaristum
913 2979 983 3046 έδεν.
1030 2979 1094 3061 Qui
1117 2979 1314 3057 βεβλημένος
1339 2986 1372 3046 et

177 3087 364 3164 οὐτασμένος
390 3090 554 3155 coniunxit
576 3093 688 3174 podis,
712 3087 824 3154 debuit
846 3086 1039 3166 βεβλημένον
1062 3087 1311 3166 οὐσασμένον
1335 3109 1370 3151 τε

156 3197 263 3278 βεστ.
310 3195 402 3276 Quod
434 3199 461 3260 si
491 3198 562 3260 iure
592 3193 793 3260 Herodianus
824 3195 1004 3271 contendit,
1029 3193 1134 3260 multo
1157 3196 1277 3260 muiore
1300 3197 1371 3259 iure

175 3306 247 3390 ipse
268 3302 438 3376 contendo,
464 3305 520 3388 qui
544 3302 608 3367 ἐπὶ
633 3307 691 3366 τῶν
717 3301 923 3376 πληθυντικῶν
946 3307 1031 3368 recte
1054 3302 1183 3387 scripsit
1205 3321 1370 3388 grummo-

176 3413 281 3494 ticns,
301 3409 438 3475 eundem
458 3409 568 3475 eedem
591 3407 715 3474 dicendi
735 3407 837 3474 formu
860 3427 954 3472 usum
979 3427 1039 3474 non
1065 3405 1159 3472 aliter
1182 3426 1278 3492 quem
1305 3405 1370 3470 ἐπὶ

177 3517 275 3582 ἑνικοῦ
298 3517 424 3591 ἀριθμοῦ
446 3515 521 3580 dere
544 3518 684 3601 potuisse
706 3521 739 3580 et
757 3514 888 3580 dedisse
913 3513 962 3578 Ne
981 3513 1115 3578 verbum
1136 3513 1265 3598 quidem
1286 3514 1320 3578 iu
1339 3533 1372 3578 re

177 3631 246 3690 tem
269 3626 436 3709 perspicue
458 3620 664 3698 addidissem,
688 3621 750 3686 nisi
773 3627 806 3686 et
829 3619 998 3685 Lebrsium
1022 3625 1055 3684 et
1078 3616 1280 3684 Dindorfium
1303 3638 1372 3684 me·

174 3730 330 3796 nifestum
350 3731 469 3794 vitium
489 3731 523 3792 in
541 3726 610 3794 loco
632 3725 764 3813 puulum
788 3727 968 3793 obscuriore
990 3725 1117 3792 silentio
1139 3728 1301 3790 transiisse
1325 3727 1371 3790 vi-

176 3837 306 3904 dissem.
333 3837 437 3902 hocne
462 3840 569 3900 eutem
593 3834 664 3900 ideo
683 3832 777 3920 paulo
797 3834 959 3900 obscurior
977 3841 1042 3909 est,
1063 3833 1147 3919 quod
1170 3831 1370 3898 Herodianus

175 3942 334 4013 vocubulu
366 3941 520 4029 quaedum
559 3940 699 4026 alioquin
739 3941 908 4006 notissime
945 3960 1020 4024 suu,
1059 3940 1095 4005 id
1135 3945 1185 4004 est
1216 3937 1371 4024 peculiari

175 4049 427 4142 significemus,
454 4048 594 4115 adhibet.
641 4047 734 4112 Dixit
757 4047 796 4112 de
819 4046 870 4111 bis
896 4046 1033 4112 strictim
1057 4045 1208 4112 Lebreius
1232 4041 1279 4132 ¹).
1306 4045 1373 4112 Hc-

174 4159 364 4228 rodisneurn
384 4176 478 4222 usum
498 4155 669 4222 verborum
689 4154 829 4232 έμῖσέαν,
849 4157 1001 4231 μελετᾶν,
1021 4153 1268 4232 ἀποφαίνεσθαι,
1288 4153 1373 4232 dorl-

215 4411 238 4472 l)
261 4411 290 4461 ln
312 4405 415 4460 dieln'bc
437 4408 465 4458 11
490 4407 587 4456 ‚ano
602 4404 657 4467 τνρέ
675 4402 776 4467 persen.
812 4403 965 4454 Herodianus
981 4401 1035 4466 cept
1053 4395 1194 4466 δνχηένονν,”
1212 4401 1304 4452 sciet·
1323 4402 1372 4451 sim

176 4493 254 4554 libro.
272 4493 314 4558 qui
332 4489 472 4543 inuribitm
492 4487 638 4540 ,Ηστσᾰίινύ
656 4488 751 4554 seripc·
766 4487 815 4536 iris
831 4485 1023 4545 emendeticre,’'
1041 4501 1110 4552 pugg.
1127 4485 1191 4545 409,
1209 4486 1266 4535 410.
