3278 5148
795 361 863 435 269

231 548 304 633 πρὸς
335 553 390 628 τῖιν
418 553 583 633 έπιβονλῖιν
615 555 765 635 λιίβωτιν.
817 557 871 624 Sic
902 558 1038 640 HPQ'I',
1063 579 1134 624 cum
1160 557 1315 624 lemmate
1339 558 1424 625 mule

221 661 347 745 scripto
368 659 404 725 εῖ
421 687 457 727 τε
469 662 534 744 βίρ.
560 661 596 728 In
609 665 678 748 ipso
690 663 810 730 scholio
824 687 879 731 cur
892 667 1049 730 intectum
1063 663 1209 732 relictum
1221 667 1264 729 sit
1276 668 1424 751 inpriore

229 768 350 850 protasi
369 769 393 833 εῖ
413 767 568 851 μέν-ᾖ,
589 772 623 835 in
642 769 741 838 altera
758 773 920 856 optativus
938 774 980 837 sit
1000 775 1156 837 correctus
1174 771 1199 835 εῖ
1218 769 1250 835 δέ
1268 809 1310 820 -
1325 769 1391 854 έχο
1398 793 1422 850 ι,

230 891 304 936 oum
335 873 458 940 codices
489 879 603 961 partim
640 875 725 962 (HT)
755 876 822 958 ἔχει
856 877 950 956 dent,
983 880 1102 966 partim
1136 875 1216 964 (Po)
1249 875 1324 958 έχρ,
1351 899 1423 944 acu·

228 977 364 1045 tioribns
401 981 543 1069 relinquo
574 982 793 1050 divinandum.
839 983 912 1069 Ipse
943 991 1051 1050 tamen
1081 973 1266 1049 Diodorfius
1297 987 1332 1048 in
1355 983 1424 1050 Ste-

228 1083 326 1170 phani
357 1085 518 1154 Thesauro
545 1089 806 1174 aliquammultos
838 1091 923 1156 locos
955 1090 1098 1178 collegit,
1127 1091 1183 1154 ubi
1207 1090 1233 1154 εῖ
1263 1091 1347 1174 apud
1375 1111 1423 1156 se·

229 1191 353 1277 quiores
377 1215 449 1259 oum
475 1199 677 1262 couirruotivo
701 1200 912 1276 construitur,
936 1219 1037 1284 neque
1070 1199 1104 1261 in
1134 1201 1241 1261 nostra
1263 1197 1422 1285 farragine

228 1303 433 1366 auctoritates
456 1301 589 1379 dosunt,
614 1323 645 1368 r.
670 1325 697 1366 c.
722 1302 762 1368 ud
785 1326 808 1382 γ
834 1301 899 1368 296
925 1307 970 1390 (p.
1003 1301 1082 1378 148,
1105 1301 1151 1388 2.)
1177 1301 1282 1368 Multo
1305 1305 1423 1368 rectius

228 1408 406 1494 corrigetur
428 1405 476 1472 ίνα
490 1445 531 1456 -
552 1407 776 1494 φυλάττηται,
802 1429 858 1496 pro
881 1431 944 1496 quo
967 1409 1028 1475 HT
1051 1399 1298 1491 φυλίτπετιιῖ.
1346 1407 1422 1476 Plu·

230 1511 329 1577 ralem
360 1516 478 1600 requiri
506 1522 539 1580 et
561 1536 610 1581 res
634 1518 704 1602 ipsa
726 1517 803 1582 satis
826 1517 982 1595 ostendit,
1007 1553 1048 1565 -
1073 1537 1130 1582 our
1152 1519 1238 1581 euim
1264 1519 1422 1582 Antinous

230 1639 314 1685 uuus
344 1624 450 1708 magis
480 1642 576 1707 quam
605 1625 719 1688 caeteri
743 1623 829 1708 proci
853 1645 871 1688 a
893 1623 1055 1690 Notmoue
1078 1619 1224 1690 ca'veretl
1254 1661 1293 1672 -
1318 1633 1350 1689 et
1374 1644 1422 1689 se·

230 1746 328 1813 quens
358 1726 509 1806 λαβωτιν.
556 1727 672 1795 Verum
704 1732 779 1796 erite
812 1727 877 1803 ἵνα,
907 1729 933 1793 si
964 1730 1020 1806 μὲν
1050 1729 1122 1795 ἑκιδν
1147 1725 1164 1811 ί
1188 1729 1336 1806 δεδωκώς,
1361 1737 1420 1808 Φω-

227 1831 447 1900 λιίττωνται
471 1835 509 1907 ὥς
534 1836 625 1916 Φίλαν
649 1839 848 1916 Τκλεμαχον
871 1837 923 1901 τδν
945 1837 1108 1920 Νοιίμονα,
1130 1837 1155 1900 εί
1176 1837 1206 1901 δέ
1228 1836 1420 1915 βιασάμενος

227 1935 317 2019 έχρ.
331 1941 469 2006 κοῖκεῖνον
481 1943 623 2020 συνεργὸν
644 1942 715 2020 πρὸς
736 1943 789 2016 τὴν
810 1941 978 2020 έπιβοωλῖιν
991 1941 1144 2020 λοίβωοιν.
1169 1940 1281 2009 Obiter
1293 1964 1420 2017 moneo,

226 2063 451 2133 nonuunquam
472 2047 520 2114 ῖνα
542 2055 574 2114 et
594 2039 812 2120 dnns'soloece
831 2071 905 2114 cum
926 2050 1034 2116 futuro
1051 2055 1084 2115 et
1103 2049 1241 2135 perlecto
1253 2051 1419 2116 indicativi

226 2157 385 2218 structum
421 2158 568 2242 reperiri,
600 2157 683 2240 quod
714 2163 821 2222 tamen
850 2155 988 2222 librariis
1011 2159 1254 2242 imputaverim.
1280 2157 1420 2242 adeoque

225 2263 416 2326 correxerim
440 2282 511 2328 ιο.
537 2263 554 2329 δ
579 2259 643 2328 184
668 2265 711 2348 (p.
739 2261 815 2348 191,
842 2261 1082 2348 minusculus
1107 2262 1448 2340 ιίντιλαμβανόμενοο·

226 2365 240 2431 ί
265 2369 406 2444 ποικτνὶς.
431 2367 509 2440 ὅπως
534 2369 687 2446 κεκίνηκε
710 2370 761 2434 τὸν
785 2366 883 2435 οἶκτον
900 2371 959 2434 τῶν
977 2371 1144 2454 οίιιροατοῖν,
1163 2371 1344 2443 Φαντατίαν
1368 2371 1418 2435 ert

226 2475 298 2547 τοὺς
321 2459 401 2540 τίτε
417 2477 583 2548 ἀκούοντας
604 2478 788 2556 μετήνεγκε.
809 2491 878 2542 κτλ.
893 2475 1006 2564 (HQR)
1027 2477 1106 2558 Quis
1117 2478 1231 2543 horum
1245 2478 1418 2564 quidquam

227 2580 410 2668 intellegit?
433 2581 536 2650 Immo
561 2605 650 2668 vero,
676 2583 810 2650 articulo
830 2587 947 2649 inserto
967 2589 1000 2649 et
1021 2589 1147 2649 mutata
1166 2586 1419 2676 interpunctione

227 2690 339 2754 sorio:
365 2689 525 2767 δαιμονίως
550 2690 862 2767 οῖντιλαμβανίμενος
887 2691 901 2755 ί
930 2691 1069 2768 ποιητής,
1088 2687 1168 2762 ὅπως
1193 2691 1352 2770 κεκινήκρ
1368 2692 1419 2754 τὸν
1502 2719 1504 2726 ’

229 2790 345 2880 οίκτον,
372 2796 468 2884 (τὴν)
488 2803 547 2862 τοῖν
572 2797 728 2874 ἀκροατῶν
757 2799 940 2878 Φαντατίαν
972 2797 1021 2862 leri
1055 2798 1125 2870 τοὺς
1155 2797 1226 2863 τίτε
1253 2796 1421 2868 οῖκοιίννταο

227 2903 413 2980 μετήνεγκε.
440 2903 551 2990 Neque
575 2904 778 2970 inemendata
799 2902 1020 2990 relinquenda,
1044 2925 1125 2990 quae
1146 2906 1294 2989 quumvis
1315 2905 1423 2971 decur-

227 3013 295 3074 tata
324 3008 477 3097 leguntur
509 3007 548 3076 ad
580 3011 596 3075 δ
626 3007 721 3075 589:-
746 3007 878 3088 οῖτοπιν,
914 3010 1011 3092 pact,
1048 3012 1083 3076 πδ
1120 3009 1291 3091 προλέγειν.
1328 3012 1422 3096 (quoe

227 3115 394 3182 Menelaus
416 3115 607 3182 Telemacho
631 3113 712 3183 dona
735 3117 920 3203 promittit.)
946 3123 1042 3183 ποιεῖν
1061 3117 1124 3196 γῖιρ
1144 3117 1193 3182 δεῖ
1213 3119 1273 3196 (sio
1302 3121 1422 3201 optime

226 3221 365 3309 Buttm,
388 3223 485 3299 codex
510 3231 565 3290 νοοῖ
584 3225 647 3302 γοὶρ
671 3223 732 3308 δέ),
756 3225 878 3306 Φασὶ,
900 3226 1094 3289 τὰτοιαῦτα
1114 3224 1166 3288 καί
1188 3224 1232 3301 μὴ
1246 3223 1419 3302 προλέγειν,

227 3329 275 3397 ἵνα
311 3333 356 3409 μῖρ
391 3331 658 3410 α’παρννίτεται
695 3331 709 3394 ί
744 3331 929 3409 λαμβάνων,
966 3332 1042 3396 ἀλλ’
1077 3329 1134 3396 έίει
1169 3333 1296 3412 παλαιῷ
1332 3335 1422 3397 τοῦτο

228 3438 345 3503 λυτέον.
381 3438 432 3523 (Ρ)
457 3435 528 3504 Nou
561 3437 664 3504 solum
690 3433 739 3502 ἵνα
763 3440 807 3515 μὴ
831 3437 1086 3518 ιίπαρνιίοκται
1110 3437 1124 3501 ί
1148 3437 1323 3514 λαμβάνων
1346 3439 1422 3502 aori·

228 3544 385 3620 bendum,
422 3544 476 3609 sed
511 3545 608 3610 etiam
642 3551 735 3608 ποιεῖν
768 3544 831 3624 γὰρ
854 3545 914 3620 δεῖ,
940 3548 1062 3627 φησι,
1086 3545 1304 3621 τὰτοιαῦτα,
1329 3546 1423 3608 utin

228 3653 321 3717 initio
345 3649 478 3726 ιῖτοπον,
504 3649 602 3734 φησί,
625 3649 660 3714 τὸ
685 3650 846 3731 προλέγειν
870 3650 992 3716 dictum
1018 3656 1075 3716 eet.

273 3864 306 3941 δ,
337 3859 413 3928 662.
438 3860 487 3928 Ad
510 3863 595 3927 hunc
618 3884 745 3929 versum
770 3865 805 3928 iu
828 3861 919 3944 HPQ
941 3861 1097 3949 prolixius
1119 3861 1310 3928 adscribitur
1334 3859 1421 3948 (Por¹

227 3967 370 4058 phyriil)
406 3969 563 4035 scholium
600 3969 638 4034 dc
669 3968 756 4036 duuli
789 3969 878 4047 ίττε,
912 3972 1004 4035 cuius
1035 3969 1135 4034 altera
1165 3989 1236 4055 pars
1268 3971 1366 4036 etiam
1390 3971 1424 4033 in

226 4077 346 4144 Veneto
377 4075 405 4141 B
436 4076 558 4165 legitur
581 4076 620 4142 ed
644 4075 736 4142 lliad.
751 4089 786 4142 ,Α
816 4076 881 4142 104
904 4077 1022 4161 relata,
1046 4077 1102 4140 ubi
1127 4076 1236 4142 endem
1262 4077 1359 4142 verba
1382 4113 1422 4124 -

225 4184 297 4250 ίσοε
328 4181 361 4248 δέ
384 4183 505 4264 οίπνρῖ
531 4182 749 4261 λαμπετόωντι
774 4185 876 4258 ἐΐκτην
903 4171 942 4232 -'·
969 4203 1005 4249 ao
1029 4185 1150 4248 maiore
1172 4182 1304 4268 quidem
1327 4203 1424 4269 quam

225 4297 331 4357 nostro
355 4291 425 4357 loco
448 4291 517 4355 inre
541 4290 703 4379 leguntur.
738 4289 881 4376 Utroque
904 4288 1051 4356 codicum
1074 4309 1191 4377 genere
1210 4291 1244 4353 iu
1263 4289 1423 4356 auxilium

226 4397 371 4463 adhibito
395 4402 501 4463 textus
524 4397 577 4462 hic
598 4397 665 4462 illic
693 4394 789 4483 paulo
809 4395 924 4462 melius
944 4398 1061 4482 poterit
1086 4397 1246 4461 constitui.
1272 4395 1424 4462 Alterum

225 4525 320 4590 quam
339 4503 424 4582 ¹dieu
456 4511 580 4589 partem
611 4504 657 4569 ita
685 4505 817 4592 incipit:
844 4504 946 4586 ιῖιρτέον
970 4499 1018 4568 οὖν
1042 4499 1087 4568 ίτι
1111 4502 1147 4567 cd
1172 4499 1246 4567 ίοτε
1265 4504 1318 4569 οὐκ
1343 4501 1425 4569 ίττιν
