3278 5148
756 306 821 380 aot

190 500 275 566 nude
297 503 504 589 participium
527 502 677 582 χρώμενοι
699 501 834 587 pendeat
856 501 1009 581 verbum,
1035 502 1120 588 quod
1139 503 1204 569 foro
1222 501 1388 569 nonulind

190 627 259 674 esse
293 615 397 694 potest
430 629 525 694 quam
554 607 754 694 εἰσάγονται,
785 615 823 675 ut
851 610 912 673 sit:
943 611 982 682 ὡς
1012 603 1117 695 (olel)
1146 609 1198 675 ιιιιδ
1224 609 1255 674 ἐν
1278 608 1388 675 Ἰλιάδι

191 710 342 796 χρώμενοι
371 714 665 803 (εἰσάγονται),
696 716 777 781 stirs
807 711 962 794 Ἕκτορος.
1010 714 1081 782 Ηοο
1112 716 1247 782 verbum
1271 717 1331 782 hac
1353 718 1387 781 in

190 840 225 886 rs
248 821 313 887 fers
335 821 479 901 solenne,
504 827 542 888 ut
564 843 597 888 r.
620 841 646 888 c.
672 823 705 887 in
724 820 861 888 Scholiis
880 819 986 888 Iliacis
1008 831 1035 886 Θ
1058 819 1144 888 185:
1176 817 1223 888 irs
1251 823 1386 901 οὖδοιμοῦ

189 922 326 1008 Ὀιιιιοος
349 929 514 1009 rodolasco
537 935 647 1009 χρῆσιν
670 929 872 1009 παρεισάγει,
899 936 932 994 st
955 929 1073 995 iterum
1096 937 1125 994 Ψ
1148 927 1232 994 295:
1264 931 1298 995 cci
1322 929 1386 1011 γάρ

191 1033 313 1112 strare
343 1034 477 1116 τεςοάιρςι
509 1035 695 1118 χρωμένους.
741 1033 804 1102 Sed
835 1040 997 1120 praetcrea
1028 1034 1117 1102 aliud
1140 1035 1193 1102 hic
1218 1036 1385 1104 observan-

192 1140 288 1220 dnm,
307 1145 346 1208 ut
363 1141 448 1208 clare
466 1153 631 1228 appareat,
644 1179 688 1190 -
702 1140 785 1226 qnod
807 1142 841 1206 in
865 1139 966 1207 simili
989 1161 1024 1207 rs
1046 1141 1166 1208 alicubi
1186 1141 1269 1208 dixit
1291 1141 1387 1234 Bntt-

192 1267 343 1320 mannus.
366 1268 523 1334 -quam
547 1249 676 1336 egregio
698 1249 852 1314 recentior
874 1248 1106 1334 grammaticus
1127 1250 1316 1334 antiquioris
1335 1250 1389 1316 ob

191 1355 402 1422 servationem
437 1356 633 1440 perverterit.
676 1350 742 1420 Gur
772 1352 812 1421 sd
841 1352 923 1420 hanc
954 1374 1023 1420 rom
1054 1353 1092 1420 de
1115 1355 1265 1422 heroibus
1291 1355 1385 1443 bigas

192 1465 317 1528 tantum
338 1460 564 1528 adhibentibus
583 1467 650 1526 tam
668 1480 760 1546 saepe
780 1459 952 1526 attenderit
964 1481 1001 1526 ao
1013 1465 1080 1526 tam
1093 1460 1274 1546 frequenter
1285 1461 1387 1528 incul-

192 1568 312 1634 caverit
334 1567 552 1640 Aristarchus,
579 1565 730 1632 hehrsins
753 1565 861 1652 palum
884 1565 961 1632 lecit
983 1568 1016 1631 in
1036 1567 1222 1633 Aristarcho
1242 1567 1285 1653 (p.
1310 1566 1386 1653 195,

194 1671 258 1738 196
282 1693 343 1739 sec.
367 1671 449 1757 ed),
473 1671 613 1758 plurima
635 1671 698 1743 huo
719 1673 911 1757 pertinentia
935 1670 1098 1760 colligens.
1130 1672 1256 1759 Nempe
1278 1676 1387 1741 omnia

191 1779 315 1845 faciunt
337 1778 378 1845 ad
402 1779 471 1844 οἰιιι
492 1777 648 1844 athetesin
671 1775 865 1864 probandam
891 1796 1001 1844 versus
1029 1776 1140 1845 Iliadis
1171 1789 1198 1844 Θ
1225 1777 1300 1857 185,
1331 1780 1387 1846 nbi

192 1885 313 1954 Hector
335 1905 432 1972 equos
453 1905 527 1952 suos
549 1883 714 1970 alloquens
736 1891 862 1970 quotuor
882 1887 1012 1952 nomina
1030 1892 1270 1953 commemorat.
1295 1885 1386 1968 Quod

191 1993 219 2057 si
242 1994 289 2058 its
310 1997 377 2069 est,
401 1996 439 2057 nt
461 1995 509 2058 est
533 1993 601 2057 sine
623 1990 741 2065 dnbio.
767 1993 913 2076 potuitne
932 1991 1018 2058 idom
1038 1992 1255 2077 Aristonicus,
1276 1995 1329 2079 qni
1352 1996 1385 2060 in

192 2096 292 2165 Iliade
313 2097 490 2164 Aristmchi
513 2098 704 2163 sententiam
728 2095 768 2162 dc
791 2097 852 2163 hoo
875 2099 983 2183 spurio
1003 2118 1098 2165 versu
1121 2105 1188 2166 tam
1208 2099 1388 2184 frequentor

192 2209 338 2272 accurate
373 2202 527 2280 reddidit,
572 2196 657 2269 nuno
688 2203 765 2268 haec
795 2204 930 2269 scribere
961 2224 1042 2290 qnae
1073 2207 1108 2270 in
1139 2205 1239 2271 nostri
1273 2205 1387 2272 scholii

193 2309 254 2378 fluo
283 2310 454 2400 leguntur:
487 2315 537 2376 νῦν
567 2310 598 2378 δὲ
630 2307 776 2391 ξυνωρίδος
807 2309 907 2376 δίδωσι
940 2311 991 2376 aet
1023 2315 1183 2391 πυοάορον,
1212 2306 1253 2383 οἷς
1278 2312 1331 2376 aad
1356 2313 1387 2377 dv

194 2416 303 2484 Ἰλιάδι
335 2418 484 2499 χρώμενοι
516 2416 741 2504 (εἰσάγονται),
773 2418 879 2492 πλὴν
909 2413 1120 2498 'Earcpcrl
1161 2417 1232 2484 Hoc
1257 2418 1386 2503 quidem

193 2526 291 2590 nimis
314 2523 487 2590 ridiculum
512 2529 577 2601 est,
602 2523 710 2609 itaqua
732 2527 840 2588 nostm
864 2521 933 2590 loco
953 2522 1031 2590 hacc
1054 2530 1181 2591 tantum
1203 2545 1277 2592 vere
1295 2523 1386 2590 dris-

194 2631 293 2698 lonioi
323 2635 411 2697 sunt:
444 2626 489 2695 dre
513 2630 567 2695 οὖν
590 2629 646 2714 άν,
671 2631 697 2695 sl
721 2628 875 2709 τέθριππον
898 2629 1026 2714 ddecus,
1054 2638 1130 2709 τρεῖς
1154 2628 1266 2702 ἵππους
1289 2631 1385 2698 ἐδίδου

194 2739 236 2818 τῷ
269 2735 468 2819 Τηλεμάχῳ.
514 2735 683 2802 Recentior
713 2738 965 2824 grammaticus,
990 2773 1031 2786 —
1065 2733 1261 2824 Graeculum
1294 2737 1386 2805 Butt-

194 2863 330 2910 mannus
352 2865 415 2910 non
438 2845 556 2910 mincia
583 2843 716 2920 duent,
749 2879 792 2892 -
820 2844 1020 2909 Aristonicus
1042 2841 1211 2923 dilatarit,
1242 2845 1318 2930 (qna
1348 2845 1386 2911 de

193 2972 228 3018 re
249 2955 359 3037 postea
381 2948 474 3037 plura
497 2949 676 3032 dicentur),
701 2949 874 3035 eademqne
897 2969 991 3034 opera
1013 2951 1163 3036 corrupit.

239 3162 276 3246 δ,
301 3158 377 3228 595.
411 3159 533 3227 lnvitat
564 3157 794 3226 'l'slomaehnm
826 3158 1007 3236 Menelaus,
1038 3165 1077 3225 nt
1101 3159 1222 3225 diutins
1248 3160 1333 3246 apud
1356 3179 1389 3226 se

193 3273 371 3344 remaneat.
405 3272 438 3334 ot
466 3273 530 3333 tres
559 3285 674 3352 equos,
703 3269 741 3332 nt
764 3265 921 3342 vidimus,
945 3286 1020 3330 cnm
1044 3286 1140 3331 cumn
1162 3269 1192 3332 ei
1216 3266 1300 3333 dono
1323 3266 1389 3332 dut.

195 3373 267 3455 Πιιδ
302 3373 354 3440 δύο
390 3373 518 3453 γέγονεν
553 3373 567 3436 ὃ
603 3372 695 3451 λόγος
732 3374 774 3452 τῷ
806 3370 974 3456 Μενελάῳ,
1007 3370 1073 3450 περὶ
1104 3379 1172 3446 τῆς
1196 3371 1249 3452 ιβ’
1273 3374 1388 3452 ἡμερῶν

196 3480 340 3559 ἐπιμονῆς
365 3481 417 3545 ιιοιδ
442 3478 552 3559 δωρεάς
578 3477 690 3544 ἵππων.
715 3481 728 3542 d
754 3478 785 3544 δὲ
807 3479 879 3558 mdc
900 3475 1000 3557 άμφιι
1021 3485 1151 3550 συνετῶς
1173 3479 1388 3562 άιθυοιοφὲριι,

195 3588 250 3663 τὴν
285 3587 343 3664 μὲν
374 3587 485 3653 ἑαυτοῦ
517 3587 662 3663 ἐπιμονὴν
696 3575 826 3650 ἕιιούῖσιον
861 3585 1062 3668 άποφιιίνιιν,
1093 3584 1254 3656 άντιτιάιδς
1278 3585 1311 3651 tl
1334 3586 1390 3661 τδιν

196 3699 253 3758 τῶν
277 3693 404 3775 ἐποίουν
425 3694 530 3773 άνάοιν,
554 3688 603 3764 οὓς
629 3694 799 3757 ιιοιτὲλιπεν
822 3692 851 3756 ἐν
876 3689 987 3771 Πύλου·
1011 3689 1046 3755 sd
1070 3691 1102 3756 δὲ
1121 3689 1207 3772 δῶρον
1225 3694 1264 3765 ta
1284 3693 1390 3758 άνεπι-

196 3800 310 3875 sideros
342 3801 375 3865 οὐ
408 3800 447 3866 δι’
478 3797 618 3876 cirta,
649 3797 739 3864 άλλά
770 3797 822 3863 διά
845 3798 900 3873 rios
924 3795 1062 3877 ποιοοίδοι
1086 3798 1275 3878 ἀρνούμενος.
1302 3797 1392 3884 (HQ)

196 3907 373 3974 Numerum
398 3905 523 3972 dierum
547 3905 618 3991 (ιβ’)
641 3903 860 3973 Buttmannus
882 3903 1022 3981 codidie,
1049 3903 1083 3970 in
1107 3904 1270 3971 codicibus
1289 3905 1390 3980 dedet,

196 4034 269 4080 cum
294 4013 523 4080 Ambrosianus
547 4012 614 4092 crept
639 4017 709 4083 rio
737 4013 852 4092 ἡμερῶν
876 4013 1022 4087 ἐπιμονῆς
1043 4010 1175 4087 habeat,
1196 4009 1392 4078 Harlsianns

196 4120 263 4201 περὶ
294 4144 337 4184 rs
369 4121 424 4198 ἧμ.
456 4118 542 4196 ἐπιμ.
592 4117 790 4205 Quapropter
812 4117 946 4183 fortasse
967 4119 1087 4184 rectius
1108 4115 1217 4183 nullus
1239 4138 1392 4185 numerus

196 4227 331 4294 addetur
363 4225 418 4292 ssd
449 4223 611 4292 indefinite
642 4225 814 4290 scribetur:
847 4225 916 4303 sepi
945 4246 1063 4289 τινοιν
1089 4224 1204 4303 ἡμερῶν
1228 4223 1393 4301 ἐπιμονῆς,

196 4330 465 4420 quemadmodum
510 4351 643 4416 sequens
684 4350 808 4417 quoqne
851 4330 1089 4396 substantivum
1125 4329 1260 4398 articulo
1295 4337 1391 4398 caret.

197 4439 366 4508 Praeterea
395 4458 458 4505 non
489 4443 574 4504 recte
604 4437 726 4504 dictum
758 4435 965 4516 crediderim,
993 4435 1222 4504 Telemachum
1254 4438 1391 4508 abnuere
