3220 5144
783 417 786 424 ,
862 343 926 414 Ine

297 538 448 622 εἰρῆσθαι,
485 537 675 616 Σαλμωνεὺς
711 536 748 600 ἀν
780 536 921 618 Ὅμηρος·
953 536 1009 612 ein.
1059 537 1100 604 lit
1132 557 1163 623 p.
1202 535 1262 602 73:
1296 542 1429 620 φυσικῆς
1458 537 1482 602 δ’

296 642 436 712 ἀπτεται
465 643 585 724 θεωρίας
619 643 671 710 καί
696 641 770 710 θταν
792 644 807 708 θ
832 645 908 716 Ζεὺς
934 680 954 694 -
978 642 1116 724 ἀρχῆται
1140 650 1198 708 τῶν
1221 643 1374 722 ροεγάλοιν
1398 645 1484 708 ἀτει-

294 757 363 817 λάν.
406 750 444 816 Ρ.
479 748 562 816 134:
593 749 777 838 (Homerus)
810 752 952 829 σνμαίνει
978 751 1037 822 τὰς
1061 749 1283 826 εὐαγεστάτας
1309 751 1367 836 (sc.
1392 749 1485 834 θεοὺς)

295 865 358 930 τοῖς
393 856 527 936 ἀκριβῶς
558 858 681 935 ε’ρευνάν
715 857 847 922 ἐθέλουσι
880 865 1012 938 φυσικῆς
1045 858 1167 936 θεωρίας
1199 855 1314 935 εὐσεβῆ
1345 859 1484 940 ἀφορμῆν

294 963 561 1047 χαρίζεσθαι,
592 985 686 1050 quem
709 963 816 1030 locum
840 985 914 1030 cum
937 963 1099 1030 Mehlerus
1121 963 1293 1030 infeliciter
1317 971 1484 1041 tentasset,

266 1091 334 1136 -ex
366 1069 503 1136 Scholiis
526 1071 566 1136 ed
590 1070 766 1158 Odyeeoem
790 1071 1025 1137 emendandum
1051 1069 1127 1136 olim
1155 1071 1222 1136 dixi
1247 1073 1281 1136 in
1307 1071 1484 1138 Observotc

296 1177 341 1264 (p.
366 1175 410 1242 89
433 1183 513 1258 not.)
544 1175 607 1242 Sed
637 1179 782 1242 omnium
810 1180 950 1244 menime
973 1178 1012 1243 nd
1036 1183 1143 1242 nostra
1166 1177 1320 1242 accedunt
1344 1198 1423 1262 quae
1445 1177 1487 1242 le·

296 1290 419 1373 guntur
441 1305 471 1370 p.
497 1282 557 1348 542
578 1282 686 1348 καὶτὸ
706 1283 763 1361 μὲν
785 1280 925 1365 ἀφυκτον
946 1281 1094 1363 ἔγκλημα
1116 1285 1181 1362 περί
1203 1290 1262 1348 τῶν
1281 1285 1353 1358 Διὸς
1366 1285 1487 1364 ἀσεβῶν

297 1392 415 1469 δεσμῶν
437 1388 513 1458 οὕτω
536 1397 711 1472 φυσικῆς
743 1390 998 1471 ἀλληγορίας
1023 1389 1111 1473 ἔχει
1136 1392 1316 1470 θεοιρίαν.
1366 1390 1488 1472 Quibus

227 1499 230 1504 ’
296 1499 444 1564 omnibus
474 1497 552 1564 locis
575 1516 637 1562 nnn
662 1494 803 1562 multum
829 1497 933 1563 differt
957 1498 996 1563 eb
1019 1499 1200 1583 acceptione
1223 1501 1311 1566 eoois
1334 1499 1487 1580 ἑρμηνεία.

342 1705 377 1772 G.
402 1703 550 1774 XXXIII
576 1707 617 1792 (p.
644 1705 712 1793 68).
738 1705 893 1772 Hercules
912 1707 1030 1773 dicitur
1048 1707 1172 1774 leonem
1189 1709 1412 1793 prostravisse,
1433 1710 1486 1786 τῆν

295 1816 426 1896 ἀκρίτως
461 1814 600 1895 ὁρμῶσαν
635 1813 688 1896 ἐφ’
719 1805 741 1878 ἀ
774 1814 818 1891 μῆ
850 1813 897 1879 δεῖ
925 1813 1042 1896 φοράν,
1073 1817 1163 1879 κατ’
1196 1815 1295 1880 αὐτὸ
1319 1817 1352 1882 δὲ
1376 1815 1486 1894 θυμοὺς

295 1922 482 2000 ἀλογίστους
512 1919 649 1996 πεδῆσας
673 1924 724 1985 τὸν
749 1919 894 2000 ὑβριστὴν
919 1927 1029 2002 ταῦρον
1051 1921 1190 2000 ίνομίσθν
1216 1922 1378 1987 δεδεαένοιι.
1426 1922 1488 1988 Re·

296 2031 451 2116 quititurz
476 2030 563 2106 μετ’
587 2027 709 2093 αὐτὸν
733 2028 776 2093 δὲ.

340 2241 376 2310 Ο.
411 2239 558 2308 XXXIV
586 2241 629 2326 (p.
663 2237 746 2326 69):'
768 2237 967 2319 Τετρωμίυῆν
998 2227 1029 2305 δ’
1049 2238 1186 2320 Ὀμιιρος
1212 2240 1410 2318 ὑπεστήσατο
1432 2243 1487 2315 τῆν

294 2351 408 2433 Ἥραν,
435 2353 524 2414 τοῦτο
550 2346 682 2428 ἀκριβῶς
703 2355 905 2429 παραστῆσαι
925 2347 1108 2426 βουλθροενος
1119 2395 1127 2425 ,
1140 2343 1187 2412 θτι
1206 2349 1257 2414 τὸν
1277 2347 1392 2429 θολερὸν
1411 2347 1487 2430 ἀέρα

298 2458 351 2524 καί
376 2457 446 2536 πρὸ
471 2463 542 2530 τῆς
567 2453 743 2518 ἑκάστοιι
766 2453 950 2523 διανοίας
976 2453 1244 2534 ίπαχλθοντα
1269 2462 1383 2536 πρῶτος
1398 2457 1487 2534 Ἠρα-

295 2573 373 2640 κλῆς
399 2563 464 2645 θείῳ
487 2559 683 2642 χρῆσάμενος
706 2560 790 2642 λίγρι
814 2559 991 2644 διθρθρυσε,
1016 2562 1069 2636 τῆν
1093 2562 1224 2626 ἐκοίστου
1250 2567 1308 2626 τῶν
1329 2563 1488 2642 ἀνθρώπων

295 2673 435 2752 ἀμαθίαν
478 2676 611 2762 πολλοῖς
646 2669 812 2740 νουθεσίαις
849 2671 1063 2746 κατατρώσας.
1125 2667 1193 2751 „Ex
1228 2667 1314 2733 felici
1350 2668 1488 2734 Schowii

295 2775 530 2846 emendatione
554 2776 676 2856 edItum
701 2780 749 2840 est
768 2776 870 2838 rerius
893 2775 1050 2854 διάρθρυσε
1073 2796 1173 2860 neque
1194 2774 1272 2840 olibi
1293 2776 1375 2860 quod
1389 2775 1487 2840 eciem

294 2889 456 2972 repertum
491 2903 547 2968 pro
582 2886 692 2947 insono
726 2881 779 2945 hic
816 2879 981 2962 διῆρθρωσε,
1042 2880 1103 2946 Sed
1138 2882 1356 2948 antecedentis
1391 2881 1487 2948 nltiue

295 2993 447 3058 mendum
472 2989 604 3056 obsidet.
654 2987 744 3066 „Non
772 2985 920 3075 intelligo
946 2987 1096 3054 vocabule
1119 2990 1170 3053 καὶ
1195 2989 1250 3068 πρὸ
1275 2998 1329 3066 τῆς
1355 2991 1400 3054 ἐκ.
1422 2989 1485 3054 δια-

294 3099 377 3170 νοίας
412 3095 634 3178 ἐπαχλιίσντα,
670 3113 771 3178 neque
806 3095 890 3177 snio,
922 3114 984 3179 quo
1015 3095 1109 3160 modo
1140 3099 1262 3180 possint
1294 3096 1486 3162 emendnr'n''

294 3207 346 3274 Ite
377 3203 551 3272 Mehlerus.
595 3199 784 3266 Emendatio
816 3201 898 3264 mihi
928 3201 1063 3286 petendo
1086 3201 1215 3268 videtur
1237 3223 1275 3267 ex
1300 3205 1401 3268 totius
1424 3203 1486 3270 die

293 3314 468 3398 putationis
500 3317 614 3374 tenore.
663 3305 845 3372 Heraclitus
877 3309 984 3384 docet,
1013 3327 1075 3392 quo
1099 3316 1191 3392 pecto
1214 3306 1337 3374 labores
1362 3313 1417 3395 qui
1440 3311 1486 3376 di·
1578 3291 1579 3318 ί

294 3423 409 3484 cuntur
431 3416 580 3482 Herculis
603 3413 807 3500 allegoricum
833 3416 1127 3499 interpretationem
1147 3415 1330 3482 admittent.
1356 3418 1483 3486 Etenim

293 3523 448 3590 Hercules
482 3521 555 3598 ille,
589 3539 682 3604 quem
713 3521 780 3604 ipee
812 3523 918 3586 animo
946 3520 1148 3596 informavit,
1181 3522 1253 3600 ἀνὴρ
1285 3522 1410 3606 ἔμφρων
1433 3525 1483 3588 καὶ

226 3636 231 3646 ’
292 3632 405 3711 σοφίας
442 3628 575 3707 οὐρανίου
605 3627 724 3703 μθστιις
757 3628 892 3704 γεγονὼς
924 3628 1050 3706 ὡσπερεί
1082 3628 1169 3692 κατά
1200 3628 1332 3706 βαθείας
1364 3631 1482 3712 ἀχλύος

293 3735 511 3802 ὑποδεδυκυῖαν
547 3733 679 3814 ἐφώτισε
715 3733 769 3806 τῆν
800 3735 1009 3812 φιλοσοφίαν,
1044 3733 1182 3814 καθάπερ
1214 3734 1400 3813 ὁμολογοῦσι
1431 3737 1481 3803 καί

293 3848 434 3908 Στωικῶν
464 3842 488 3904 ol
521 3839 730 3916 δοκιμώτατοι.
779 3838 892 3924 Itnqne
924 3840 976 3904 hio
1003 3838 1159 3906 Hercules
1183 3847 1215 3906 et
1238 3839 1407 3909 libidinem
1431 3863 1482 3912 ex·

292 3950 436 4014 turbavit
466 3969 483 4012 e
515 3950 582 4013 vite
605 3953 636 4012 et
660 3945 823 4032 ignaviam
850 3952 882 4010 et
907 3944 1106 4031 voluptatem
1131 3953 1163 4012 et
1186 3969 1299 4033 pravos
1323 3955 1481 4036 eppetItus

291 4061 324 4121 et
350 4056 458 4120 inanes
481 4074 563 4139 spes.
610 4055 714 4138 Atque
738 4052 873 4118 eundem
898 4052 1060 4119 Homerus
1083 4054 1205 4120 inducit
1230 4055 1386 4124 Iunonem
1412 4059 1479 4124 vul·

290 4166 472 4244 nonnum,
496 4165 585 4226 τοῦτο
608 4161 740 4237 ἀκριβῶς
766 4167 968 4236 παραστῆσαι
993 4161 1200 4246 βουλόμενος,
1224 4157 1269 4228 ὅτι
1293 4167 1345 4230 τὸν
1368 4167 1480 4248 θολερὸν
1577 4223 1578 4228 ,

291 4266 367 4348 ἀέρα
386 4266 436 4332 καί
458 4267 527 4345 πρὸ
551 4270 618 4331 τοῦ
643 4267 819 4330 ἑκάστοιι
844 4265 888 4330 δι’
909 4267 1049 4338 ἀνοίας
1076 4267 1348 4348 ἒπαχλθοντα
1369 4281 1478 4352 πρῶτος

291 4376 444 4455 Ἡρακλῆς
477 4375 542 4456 θείῳ
574 4373 769 4455 χρῆσάμενος
793 4373 876 4452 λόγῳ
901 4372 1069 4452 διοίρθριοσε.
1118 4374 1242 4461 Nempe
1266 4379 1478 4464 Ignorantiam

289 4485 321 4554 et
356 4481 531 4550 socordiam
569 4482 663 4546 eiecit
694 4501 711 4544 e
747 4479 830 4557 vito,
870 4499 950 4564 qune
986 4501 1131 4550 serenum
1165 4485 1328 4570 cogiinndi
1359 4488 1478 4556 coelum
