3232 5136
816 317 859 391 48

243 518 392 586 Minerva
414 517 505 585 Ulixi
528 517 623 584 denec
647 515 763 582 nebule
783 515 935 582 obvoluto
955 521 1055 582 terroe
1076 515 1192 582 natalie
1205 517 1438 601 spectatissima

243 646 385 711 quaeque
409 623 634 708 (344-352):

315 765 318 770 ·
379 734 453 796 ἀλλ’
476 729 538 810 οἶχε
563 755 608 795 τοι
633 730 718 807 δείξω
744 727 864 802 Ἰθοίκης
888 727 951 802 ἕδος
976 728 1057 810 ὄφρα
1082 732 1242 810 πεποίθης.

381 837 524 918 Φόρκυνος
549 839 605 917 μὲν
630 833 672 902 ὅδ’
699 837 763 902 ἔστί
790 836 901 920 λιμήν,
927 837 1023 901 ἁλίοιο
1047 835 1207 915 γέροντος,
1233 851 1316 920 κτλ,

243 968 280 1012 ec
304 959 374 1011 tum
398 947 526 1011 demum
551 945 609 1010 dee
639 943 790 1010 nebulam
822 944 968 1008 discutit:
1003 939 1039 1015 ὣς
1065 945 1193 1008 εἰποῦσα
1226 945 1280 1009 θεοὶ
1309 940 1436 1008 σκέδασ’

246 1054 335 1134 ἠέρα,
368 1053 474 1118 εἴσοιτο
498 1052 529 1116 δὲ
553 1053 646 1131 χθών.
670 1051 730 1136 (vs.
755 1048 834 1133 352)
858 1049 944 1115 Hine
968 1051 1178 1136 interpretum
1205 1051 1436 1119 dubitationes:

244 1163 333 1225 τοῦτο
368 1159 499 1244 (immo:
537 1157 694 1243 τούτου)
728 1155 984 1232 ἐπιλαμβάνεται
1028 1165 1231 1234 Πτολεμαῖος.
1276 1156 1334 1221 ἔδει
1374 1159 1437 1236 γαρ

245 1271 359 1345 πρῶτον
383 1263 583 1340 σκεδοίσασα,
609 1265 706 1346 Φησί,
731 1265 783 1327 τὸν
806 1265 881 1342 οίέρα
907 1259 977 1327 εἶτα
1002 1259 1117 1341 δείξαι·
1144 1265 1169 1328 εί
1193 1265 1237 1340 μη
1256 1261 1317 1342 ι’ίρα
1338 1264 1435 1340 ὅμοιόν

245 1375 308 1436 ε’στι
333 1373 375 1451 τῷ
401 1373 481 1449 ,τὰς
505 1372 561 1447 μὲν
584 1368 648 1449 οίρα
672 1370 813 1448 θρέψασα
837 1369 970 1434 τεκοῡσοί
992 1370 1055 1434 τε.”
1077 1372 1125 1454 (ρο,
1141 1370 1218 1451 134)
1242 1371 1326 1436 Tum
1347 1374 1436 1458 sequi

245 1480 339 1545 debet
362 1499 441 1564 quae
468 1476 550 1543 male
574 1476 733 1562 praecedit
756 1481 863 1551 λύσις,
888 1477 981 1542 initio
1006 1485 1042 1542 ut
1065 1478 1193 1542 videtur
1224 1477 1358 1545 mutila:
1384 1482 1436 1544 οὐκ

246 1581 329 1650 εἶπεν
342 1586 376 1671 (l.
391 1581 465 1648 εἶπε
478 1585 543 1669 δέ,)
557 1582 762 1658 ε’σκεδοίννωεν,
776 1582 853 1646 αλλ’
869 1582 1025 1660 ἐσκέδασε,
1038 1583 1153 1655 δεικνὺς
1167 1582 1213 1649 ὅτι
1227 1592 1341 1662 πρῶτον
1353 1584 1436 1649 εὀκί-

246 1693 321 1756 δαοε
341 1693 395 1764 την
420 1691 525 1770 οόχλὺν
551 1691 680 1755 εἰποῦσα
705 1692 738 1753 τὸ
766 1689 860 1766 ,ἀλλ’
881 1687 941 1768 οἶγε
961 1713 1007 1754 τοι
1026 1688 1142 1774 δοίξω,”
1161 1691 1213 1755 καί
1235 1689 1327 1762 οὕτως
1354 1693 1436 1772 αὐτῷ

246 1796 340 1875 ἔδειξε
375 1797 540 1880 ,Φόρκυνος
572 1798 628 1873 μὲν
661 1791 705 1859 t't·
737 1797 802 1860 ἐστὶ
836 1796 957 1871 λιμήν.”
981 1797 1020 1861 οὐ
1045 1796 1124 1876 γαρ
1149 1795 1212 1860 ἔτι
1236 1799 1435 1876 οίορασιάς

245 1905 366 1980 οὔσης
401 1904 596 1984 ἐφαίνετο
622 1903 726 1982 αὐτῷ
750 1905 800 1968 τίς
823 1904 875 1979 μη
899 1903 1098 1982 δρώμενα,
1130 1907 1184 1988 qui
1207 1904 1296 1970 locus
1318 1911 1350 1969 et
1374 1905 1437 1970 alio

245 2011 374 2077 nomine
397 2011 531 2077 vitiosus
554 2015 615 2087 eet,
641 2031 715 2074 nem
741 2009 838 2074 etiam
862 2011 1008 2087 οὶορασίας
1031 2011 1075 2087 μὴ
1099 2009 1188 2083 οὔσης
1214 2013 1285 2096 (luis
1309 2011 1437 2076 tandem

246 2119 420 2204 perspicere
446 2119 544 2202 possit
568 2137 605 2181 ee
627 2137 707 2200 quae
726 2138 785 2179 οοα
805 2113 1062 2202 conspiciuntur?
1082 2115 1201 2181 Melius
1220 2115 1436 2204 intelligetur:

247 2225 280 2289 οθ
313 2223 376 2304 γὰρ
409 2221 472 2306 (θον)
506 2219 550 2287 ἔτι
575 2223 722 2300 οίορασίας
745 2221 834 2295 οὔσης
861 2222 1006 2302 ἐφαίνετο
1030 2223 1112 2301 αὐτῷ
1138 2223 1180 2286 τοὶ
1203 2226 1269 2286 νῦν
1293 2223 1438 2301 δρώμενα.

249 2369 289 2381 -
315 2355 348 2415 ρ,
382 2329 455 2397 407.
492 2329 527 2393 τὸ
559 2329 589 2392 δὲ
622 2328 731 2402 οὶληθές
758 2326 909 2403 βούλεται
934 2329 1030 2392 εἰπεῖν
1055 2326 1100 2392 ὅτι
1124 2335 1202 2407 τρεῖς
1229 2337 1329 2405 μῆνας
1354 2329 1437 2406 μένοι

247 2437 310 2522 (ἂν)
336 2435 432 2516 πθρρω
457 2441 511 2508 τῆς
537 2433 632 2504 οἰκίας
658 2432 835 2508 ὀδυνώμενος
857 2435 882 2498 εί
902 2433 1059 2505 τοσαύτας
1080 2435 1167 2514 παροδ
1188 2440 1246 2498 τῶν
1260 2438 1438 2514 μνηστήρων

246 2543 340 2622 λοίβοι
372 2541 503 2619 πληρίις
538 2535 612 2610 ὅσας
644 2540 716 2618 παρ’
749 2539 834 2614 ἐμοῦ.
866 2539 968 2605 Paulo
998 2561 1093 2625 supra
1119 2541 1161 2628 (p.
1187 2539 1271 2624 648,
1299 2541 1438 2626 1)μένοι

247 2649 293 2714 ἂν
324 2647 418 2728 πόρρω
450 2655 504 2720 τῆς
531 2655 586 2719 σης
611 2645 708 2716 οίκίας
733 2651 816 2709 recte
840 2648 993 2731 scriptum
1017 2651 1075 2711 eet.
1101 2683 1142 2695 -
1167 2671 1200 2731 ρ,
1226 2644 1300 2713 475.
1327 2650 1440 2713 Νοθεθ-

247 2779 330 2820 ονται
363 2755 404 2822 ς’.
441 2753 579 2837 (Nempe
609 2773 657 2817 ve.
685 2749 882 2830 475-4803
917 2772 996 2837 quae
1024 2753 1136 2819 Ulixes
1161 2753 1300 2818 Antinoo
1323 2755 1440 2840 impre-

246 2867 353 2926 cetur:
577 2853 583 2860 “

427 2964 504 3029 αλλ’
529 2965 557 3029 εί
581 2988 638 3029 πον
665 2971 798 3046 πτωχῶν
822 2990 860 3043 χε
886 2965 942 3028 θεοί
968 2965 1020 3028 καί
1045 2965 1178 3045 Ἐρινύες
1201 2967 1295 3051 είοίν,

429 3071 582 3136 Ἀντίνοον
607 3074 662 3151 πρὸ
686 3073 802 3149 γοίμοιο
826 3071 915 3144 τέλος
941 3070 1080 3136 θανοίτοιο
1105 3072 1226 3153 κιχείη,

248 3189 280 3245 et
311 3180 441 3245 Antinoi
472 3199 673 3264 responsum:
708 3176 779 3243 ἔσθι’
812 3175 935 3254 ἕκηλος,
969 3177 1066 3263 ξεῖνε,
1099 3180 1268 3256 καθήμενος
1278 3230 1286 3259 ,
1312 3183 1328 3257 ἢ
1353 3181 1439 3247 ἄπιθ’

245 3283 330 3365 οίλλη
360 3290 391 3350 et
422 3305 502 3368 quae
533 3285 731 3369 sequuntur.)
765 3290 827 3354 πῶς
853 3285 915 3364 γαρ
940 3283 1003 3369 (θον)
1030 3285 1043 3349 θ
1066 3285 1217 3359 Ἀντίνοος
1243 3288 1440 3368 ἐκαρτέρησεν

246 3393 296 3456 ἐπὶ
322 3399 392 3462 ταῖς
418 3390 591 3469 κατοίρκις,
619 3383 648 3462 ὃς
675 3391 724 3455 ἐπὶ
750 3398 813 3462 τοῖς
839 3389 1002 3454 ε’λοίττοσιν
1026 3389 1118 3464 οὕτως
1143 3395 1287 3473 ἠγρίανες
1312 3402 1374 3465 πῶς
1403 3420 1439 3460 τε

246 3503 451 3574 ονναλγοῠσιν
482 3499 565 3578 αὐτῷ
601 3495 716 3581 (Ulixi)
741 3495 765 3560 οί
788 3497 886 3560 λοιποί
912 3499 937 3561 εί
963 3501 1095 3570 τοιοῦτος
1120 3497 1158 3562 ὢν
1181 3497 1257 3578 οὕτω
1281 3506 1439 3580 κατηρᾶτο

246 3611 357 3685 πικρῶς
366 3625 374 3682 ;
402 3604 426 3688 ¹)
458 3602 726 3687 quemadmodum
762 3601 856 3685 paulo
888 3611 959 3687 poet
990 3624 1029 3669 ex
1060 3603 1175 3669 iisdem
1207 3606 1368 3672 codicibus
1391 3607 1441 3692 (H

247 3721 278 3780 et
301 3711 474 3776 Vindobou.
504 3707 581 3793 133)
606 3717 689 3773 recte
710 3709 832 3773 editum
854 3714 901 3771 eet
923 3710 956 3772 in
974 3710 1108 3776 atheteei
1129 3711 1167 3776 ed
1187 3734 1232 3777 ve
1249 3712 1441 3798 501-504,

246 3818 378 3882 meliore
417 3820 543 3880 tentum
579 3817 833 3899 interpunctione
866 3814 1065 3881 adiuvanda:
1097 3817 1204 3881 νοθεύει
1233 3820 1439 3901 Ἀρίσταρχος

246 3925 280 3988 δ’.
313 3929 393 3991 πῶς
423 3921 500 3999 γὰρ
533 3919 577 3984 ίαν
602 3925 705 3985 ταῦτα
730 3919 837 3996 tidelm
864 3921 889 3983 εί
914 3921 958 3995 μη
983 3945 1046 3994 πως
1071 3925 1156 3988 κατὰ
1178 3925 1212 3988 τὸ
1238 3930 1441 4001 σιωπώμενον.

248 4067 290 4078 -
315 4055 351 4105 ο,
377 4025 454 4104 269,
478 4027 535 4091 ubi
559 4026 597 4090 ad
623 4047 676 4102 ee,
701 4047 782 4111 quae
806 4026 964 4112 Penelope
987 4027 1191 4116 Eurymacho
1215 4031 1254 4098 de
1282 4033 1443 4100 mendatio

247 4135 357 4199 mariti
392 4133 484 4200 domo
518 4132 650 4198 iamiam
690 4132 859 4198 dieceeeuri
890 4132 1002 4199 refert:
1035 4137 1135 4217 αὐτθιρ
1168 4137 1242 4210 ἔτην
1273 4138 1308 4215 δὴ
1339 4142 1443 4206 παῖδα

283 4379 307 4440 1)
328 4377 394 4428 Idem
411 4392 473 4427 nuno
491 4376 593 4428 Gobetus
611 4391 704 4442 quoque
722 4373 829 4444 reposuit
847 4375 965 4425 Mnemon.
984 4377 1016 4426 N.
1034 4376 1058 4426 S.
1077 4378 1129 4427 Vol.
1149 4379 1208 4441 VII,
1225 4381 1286 4432 Pure
1304 4383 1337 4432 1v
1355 4383 1445 4450 (tete)

248 4475 301 4532 pag.
318 4459 376 4510 441.
