3278 5148
623 486 624 489 Ν
718 389 783 460 aas

156 585 244 660 δηλοῖ
263 585 319 658 τίον
343 583 513 663 προαίρεσιν
537 582 590 648 καὶ
614 582 702 650 πίθεν
728 585 938 664 παραγίνεται
963 586 1015 651 καί
1041 587 1073 652 τί
1094 587 1265 669 βούλεται,
1290 581 1344 650 εἷθ’

156 691 277 764 οίίτως
312 691 363 757 καί
396 691 438 756 τοὶ
471 689 606 772 μείζονος
631 693 799 771 διηγήσεως
824 691 955 775 ἄρξηται
981 695 1125 771 ,Ἰλιόθεν
1148 719 1189 771 με
1213 691 1345 775 φέρων.”

155 801 203 866 Ne
227 821 357 887 pravam
383 801 417 864 in
442 799 547 863 media
571 799 700 883 periodo
720 803 1005 886 interpunctionem
1026 802 1076 867 rel
1095 804 1203 887 potius
1222 800 1346 866 nirliam

156 915 305 996 tangam.
338 905 412 992 quid
448 909 490 970 sia
521 911 579 970 reio
611 907 808 985 πραγμάτων
841 907 1048 983 ἐπιθυμήσωσι
1070 907 1218 996 intellegi
1242 913 1345 993 polest

155 1013 307 1080 collatum
343 1015 363 1077 i.
389 1035 416 1078 a.
447 1033 520 1078 cum
552 1015 609 1088 iis,
645 1033 725 1098 quae
757 1013 795 1079 ad
826 1038 849 1092 y
883 1015 947 1080 184
972 1015 1057 1081 dicta
1079 1020 1171 1080 eunt:
1194 1013 1343 1092 ἐμβαλὼν

155 1123 197 1192 είς
222 1120 386 1196 ἐπιθυμίαν
408 1125 466 1185 τῶν
489 1120 601 1186 νθστοιν
625 1120 676 1186 τὸν
699 1121 869 1200 οὶιιροοιτιίν,
897 1123 973 1208 quid
998 1125 1041 1188 sit
1063 1131 1121 1188 τῶν
1146 1120 1344 1202 πραγμάτων

155 1229 311 1305 ἐπιθυμεῖν
341 1227 383 1291 τίν
416 1224 575 1306 λεγόμενα
607 1227 753 1312 equidem
780 1227 869 1293 nullo
892 1235 984 1314 pacto
1008 1249 1118 1315 capere
1141 1249 1287 1314 possum,
1313 1231 1345 1290 et

153 1341 192 1400 ut
224 1335 279 1400 alii
309 1333 467 1400 feliciores
496 1335 560 1399 sint
593 1333 734 1398 multum
767 1355 886 1400 vereor.
922 1335 1033 1421 Neque
1062 1339 1165 1423 magis
1188 1333 1359 1417 dixerim„

154 1441 238 1506 unde
268 1442 300 1506 in
331 1441 433 1506 fronte
464 1428 599 1525 p'endeat
630 1438 801 1506 relativum
828 1438 903 1520 θσα,
931 1481 971 1491 —-
997 1442 1207 1508 exclamative
1230 1459 1344 1526 ponere

153 1546 342 1612 scholiastae
366 1567 426 1612 non
449 1546 568 1624 solent,
584 1551 672 1612 -et
691 1549 724 1612 in
745 1547 807 1614 line
826 1550 1047 1615 coniunctivae
1066 1547 1206 1627 ἄρξηται.
1229 1547 1345 1613 Omnes

153 1655 212 1719 iras
241 1653 405 1720 molestias
436 1657 552 1740 partim
584 1655 855 1742 interpungendo,
887 1657 1005 1740 partim
1030 1656 1184 1742 quaedem
1208 1658 1344 1739 interpo·
1448 1709 1456 1722 .

153 1759 275 1838 nendo,
296 1762 413 1846 partim
439 1760 592 1826 mutando
610 1763 658 1825 ita
678 1759 844 1826 tollamus:
869 1757 1043 1846 (ίρα)“ο”σα
1069 1761 1154 1838 αὔξει
1179 1765 1233 1836 τὴν
1257 1785 1346 1840 προσ-

152 1875 230 1948 οχίρν
267 1865 448 1946 προσδοκίαν
484 1868 615 1942 ἐμποιῶν
758 1866 805 1931 δεῖ
834 1869 896 1947 sep
928 1904 980 1918 --
1006 1869 1103 1948 ἑαυτῷ
1135 1867 1192 1945 μὲν
1227 1868 1344 1934 εὔνοιαν

154 1974 366 2051 ἐπισπᾶσθαι,
400 1974 442 2054 τῷ
474 1972 505 2037 ll
535 1973 619 2052 λίνῳ
649 1973 820 2058 προσοχιίν,
845 1970 894 2038 ίνοι
918 1975 1048 2052 τὸνμὲν
1072 1975 1207 2053 λέγοντα
1232 1971 1345 2039 circii-

151 2079 286 2157 ξωνται,
324 2076 468 2145 τῶνδὲ
500 2078 760 2161 πραγμάτων
793 2081 1072 2158 ἐπιθυμήσωσι
1106 2081 1172 2145 καί
1204 2080 1254 2146 τοὶ
1286 2095 1344 2144 λε-

152 2187 316 2267 γόμενα
341 2185 542 2264 μοίθιοσιν,
567 2181 639 2265 ὅπερ
663 2186 701 2251 δι’
725 2185 795 2252 ὅλου
821 2188 1013 2266 κατώρθωκεν
1040 2185 1221 2258 Ὀδυσσεύς.
1236 2187 1344 2251 ἑαυτὸν

152 2294 211 2373 μὲν
244 2293 344 2378 (γαρ)
369 2291 535 2362 ἐπαινέσαι
561 2327 614 2342 --
638 2292 725 2366 isloi
744 2295 798 2366 τίιν
823 2296 994 2374 προαίρεσιν
1017 2295 1069 2358 καί
1094 2294 1183 2359 πθθεν
1208 2291 1346 2372 παραγί·

152 2423 239 2466 νεται
273 2400 325 2464 καί
357 2400 390 2463 τί
419 2397 583 2476 βούλεται,
612 2393 666 2464 εἷθ’
691 2397 802 2473 οὕτως,
831 2396 956 2486 (incr)
982 2399 1035 2464 καί
1060 2400 1101 2464 roi
1126 2399 1260 2481 μείζονος
1285 2401 1345 2470 διν-

152 2507 275 2586 γιίσεως
299 2503 449 2584 ἄρξηται,
478 2503 619 2582 ,Ἰλιθθεν
644 2529 684 2581 με
704 2505 834 2586 φέρων.”
854 2506 944 2581 Quod
965 2507 1058 2571 initio
1079 2502 1131 2585 ίρα
1153 2506 1344 2590 interposui,

153 2615 217 2680 feci
252 2633 290 2679 ex
326 2612 483 2679 constanti
519 2609 769 2677 Scholiastarum
801 2613 1046 2691 consuetudine,
1072 2651 1112 2660 —
1145 2614 1346 2678 conferantur

152 2720 248 2786 modo
285 2739 322 2785 ex
348 2717 482 2784 ‘scholiis
514 2719 552 2783 ed
583 2716 668 2783 hunc
695 2738 797 2783 unum
828 2718 948 2784 librum
981 2719 1020 2784 ad
1043 2741 1087 2786 vs.
1115 2719 1174 2784 lo:
1200 2715 1253 2798 θρα
1276 2719 1345 2796 μεθ’

153 2823 212 2893 ίσα
237 2826 418 2891 centauris
443 2825 546 2900 δηλοῖ,
570 2824 609 2890 ad
629 2845 692 2890 vss.
715 2822 781 2890 335
799 2831 830 2891 et
850 2823 934 2903 345,
959 2831 990 2892 et
1010 2829 1055 2892 sic
1080 2829 1274 2902 sexcenties,
1302 2861 1343 2874 -

153 2957 194 3000 ax
223 2933 394 3018 eademque
418 2932 647 2998 cousuetudine
670 2931 777 3011 λέγει,
802 2931 917 3012 ἐπαίνει
941 2931 992 2999 vel
1017 2935 1121 3000 simile
1145 2933 1221 3019 quid
1245 2935 1343 3000 omit·

153 3043 245 3107 titur.

201 3275 228 3330 ι,
255 3252 308 3318 39.
339 3251 391 3317 Ad
418 3250 574 3318 Κικόνεσσι
600 3251 787 3317 adnotetur:
813 3253 847 3318 τὸ
872 3259 987 3334 πρῶτον
1010 3262 1065 3329 τῆς
1092 3254 1210 3328 πλοίννρς
1236 3255 1345 3336 χωρίον

154 3359 376 3440 γινωσκθμενον
408 3357 611 3445 παρέλαβεν,
635 3359 832 3437 ἀξιοπιστίαν
857 3368 918 3432 τοῖς
944 3359 1012 3435 iiic
1039 3361 1272 3444 παρεχόμενος,
1296 3361 1345 3428 ίνα

155 3474 219 3534 πᾶν
255 3467 339 3548 ίχνος
376 3468 460 3531 κατίι
498 3470 604 3530 πᾶσαν
634 3467 735 3546 οίρχίιν
767 3466 920 3548 ζητήσεως
934 3514 1080 3534 .......
1113 3470 1137 3534 oi
1168 3469 1344 3540 illituum

155 3575 246 3658 ᾤκουν
271 3577 325 3649 τὴν
350 3577 400 3638 νῦν
425 3571 607 3654 Μαριίνειαν
631 3574 835 3651 καλουμένων.
851 3572 903 3658 (Τ)
927 3573 1099 3640 Profitelur
1123 3574 1346 3657 liudwidum,

155 3704 188 3748 se
212 3687 284 3767 poet
308 3680 461 3762 ζητήσεως
486 3684 649 3767 perspicue
673 3683 705 3745 in
732 3681 838 3746 codice
862 3681 1015 3766 scriptum
1040 3682 1158 3747 vidieee
1177 3681 1291 3763 οίφέιιρ.
1317 3681 1347 3762 ¹)

156 3788 290 3854 Oculato
311 3789 386 3853 teeti
407 3794 439 3851 et
452 3789 645 3872 peritissimo
657 3809 729 3852 cum
744 3807 805 3852 non
819 3787 943 3854 credere
956 3787 1083 3854 difficile
1097 3790 1155 3865 sit,
1170 3789 1266 3854 codex
1278 3787 1346 3873 ipse

40 3969 43 3974 ¹
156 3895 376 3960 emendatione
399 3893 566 3981 indigebit.
587 3893 750 3959 Sententia
770 3895 854 3958 enim
874 3899 956 3960 recte
977 3903 1140 3980 perspecta
1158 3917 1220 3960 non
1240 3894 1347 3976 οξΦέιιμ

156 4003 308 4086 requirit,
333 4001 387 4065 aed
416 4019 542 4084 prorsus
567 4002 780 4078 contrarium,
801 4002 863 4064 nisi
888 4002 959 4085 quie
983 4008 1128 4068 accurate
1152 4003 1292 4090 cogitata
1315 4007 1347 4067 et

156 4109 236 4174 bene
271 4109 438 4173 enunciata
478 4107 641 4171 existimet
675 4106 769 4172 haec:
803 4112 896 4191 po'e'ts
926 4110 1067 4192 primum
1099 4112 1211 4176 erroris
1240 4109 1346 4176 iocum

158 4221 268 4280 notum
306 4215 469 4300 proponit,
506 4215 638 4278 caeteris
672 4212 767 4278 fidem
800 4215 989 4298 concilians,
1019 4223 1052 4278 ut
1084 4239 1164 4280 omne
1195 4223 1347 4298 certipc'am

152 4345 210 4405 ριοι·
241 4329 332 4386 θοίνα
364 4322 474 4386 erroris
506 4321 685 4404 principium
717 4321 904 4404 οἰιιίοριιίοόιιοι
934 4333 1054 4388 nostrae
1077 4323 1235 4388 detrahat!
1265 4321 1348 4404 Quin

195 4563 221 4624 l)
244 4561 349 4611 „illator
366 4556 487 4624 ζνπιίσιως
505 4561 595 4612 konnls
613 4560 649 4610 icir
668 4561 692 4611 in
711 4561 730 4610 'I'
747 4559 828 4628 ἀφέλῃ
847 4563 906 4612 noch
926 4561 1031 4612 deutlich
1048 4562 1194 4613 erkannen.¹’
1213 4579 1234 4628 p.
1253 4565 1311 4614 449.
