3278 5148
718 325 783 391 343

152 513 246 592 νόον
271 514 300 578 δὲ
324 512 433 592 μέτρον
455 524 526 590 γῆς.
553 514 678 579 Scribas
702 535 767 580 esso
794 517 985 602 culpandos,
1011 509 1341 602 congrammaticus,

152 624 230 686 satis
253 621 391 686 ostendit
413 629 445 685 et
469 621 521 685 hic
545 619 691 686 illaesum
716 626 807 698 γόοις.

198 860 234 916 ν,
267 832 341 898 132.
375 833 511 898 Maiores
542 832 703 897 molestiae
735 834 864 898 exhibet
889 837 993 900 brevis
1016 837 1193 900 observatio
1217 835 1250 896 in
1274 833 1340 897 solo

152 939 184 1004 H
209 939 367 1024 adscripta
392 941 511 1003 versui:
538 945 601 1002 τοῖ’
625 938 672 1017 ἄρ’
696 939 776 1022 (sive
799 941 869 1004 reici
890 943 927 1025 ῤ’)
950 942 979 1004 ἐν
1001 944 1164 1005 Ἀλκινόοιο
1184 943 1255 1003 θεῶν
1269 939 1341 1002 ἔσοιο

152 1048 267 1124 obruad
298 1047 397 1122 ὄῶροι,
431 1065 492 1129 quo
524 1049 616 1130 polite
647 1045 811 1110 hortorum
843 1055 875 1110 et
906 1051 1013 1133 regiae
1037 1046 1165 1111 Alcinoi
1188 1049 1341 1110 eximiam

153 1154 397 1238 descriptionem
422 1150 594 1216 concludit.
618 1149 701 1216 Cum
724 1151 962 1218 lemmate'roi'
986 1151 1033 1234 ἄρ’
1057 1153 1134 1218 haec
1157 1153 1248 1217 nobis
1268 1171 1341 1216 con·

153 1259 315 1345 coquenda
357 1259 486 1344 praebet
521 1257 635 1324 codex:
672 1257 750 1322 νόσοι
787 1258 877 1336 ἕσσον,
915 1260 954 1329 ὥς
991 1259 1137 1338 ,σπόρον
1173 1254 1341 1323 λέκοντοιι”

153 1372 271 1450 κοινῶς,
294 1366 328 1428 τὸ
353 1365 385 1430 δὲ
408 1363 550 1428 ’Λντικόν
573 1373 654 1428 τοῖσι.
680 1362 751 1428 lure
775 1363 972 1430 Dindorfins:
1001 1366 1171 1448 „haecncn
1184 1363 1343 1450 intelligo.

156 1470 290 1538 Videtur
313 1470 377 1536 tale
401 1469 478 1555 quid
500 1469 564 1536 dici
587 1470 752 1536 debuisse:
776 1471 811 1534 τό
837 1471 866 1534 δὲ
892 1472 922 1534 ἐν
946 1470 1104 1536 Ἀλκινόου
1129 1473 1279 1542 Ἀττικῶς
1303 1471 1340 1540 ὡς

151 1581 204 1643 aar
237 1580 271 1642 τό
303 1581 333 1642 ὲν
360 1575 465 1642 Ἅιδου
501 1577 553 1640 nai
578 1578 613 1640 τό
639 1578 669 1640 ἐν
694 1580 803 1656 Κίρκης
828 1579 880 1642 xci
906 1574 963 1640 ὅσοι
987 1583 1136 1653 τοιοῦτον,
1161 1584 1199 1641 ut
1221 1577 1342 1664 legitur

154 1683 237 1770 apud
268 1683 474 1750 Eustathium
506 1704 537 1770 p.
572 1681 674 1759 1574,
702 1681 1341 1768 37.”eineu110dubi0terquinio-

153 1789 295 1878 gendum
319 1790 462 1864 videtur.
488 1791 548 1854 etsi
571 1809 630 1854 non
656 1810 783 1874 prorsus
807 1790 857 1854 his
880 1789 1001 1874 verbis,
1025 1810 1128 1875 neque
1146 1790 1342 1855 tamenheec
1406 1871 1409 1880 1

153 1897 313 1962 restitutio
334 1895 411 1960 satis
431 1899 491 1960 erit
512 1895 551 1960 ad
573 1895 717 1960 tenebras
737 1897 854 1980 quibus
870 1895 1076 1961 brevissimus
1088 1896 1176 1961 locus
1188 1899 1344 1982 premitur

154 2023 263 2068 omnes
294 2000 513 2105 dispellendes.
547 2000 671 2088 Quippe
703 2002 935 2067 observandum
957 2002 1057 2066 simul
1080 2003 1133 2066 hic
1155 2005 1258 2067 notari
1280 2021 1343 2066 non

153 2111 258 2174 solnm
294 2109 428 2173 verbnm
460 2105 577 2192 plurali
607 2129 738 2178 numero
768 2109 908 2196 positum
940 2108 980 2173 ed
1009 2110 1245 2174 substantivum
1268 2130 1346 2172 neu-

153 2221 241 2280 trum
264 2213 397 2302 pluralis
419 2217 545 2278 numeri
566 2219 673 2278 contra
692 2215 873 2280 Atticorum
892 2235 1009 2292 usum,
1027 2215 1081 2279 sed
1101 2217 1198 2280 etiem
1221 2216 1343 2280 veriam

152 2320 322 2388 lectionem
358 2322 527 2385 verborum
561 2321 623 2385 τοῖ’
659 2317 706 2398 ἄρ’
741 2321 809 2384 sive
840 2321 908 2384 τοῖό
940 2321 975 2400 ῤ’.
1009 2319 1119 2404 ltaque
1155 2319 1261 2384 locum
1297 2323 1344 2384 its

153 2430 352 2513 scripserim:
389 2425 515 2491 τόσσοι
552 2423 645 2509 ἔσοιν,
679 2427 718 2498 ὥς
756 2425 904 2506 „cresse
939 2425 1126 2503 λέλυντοιι,”
1157 2431 1268 2497 κοινῶς.
1300 2427 1342 2490 τό

155 2534 187 2598 δ’
211 2536 255 2619 ε’(ν
291 2531 524 2618 Ἀλκινόοιο)
561 2531 715 2596 Ἀττικόν.
753 2533 983 2614 (γράφεται
1020 2531 1102 2618 καὶ)
1133 2539 1213 2596 reia.
1254 2531 1343 2597 Prio-

154 2662 222 2706 rem
253 2637 547 2705 ob'servatinnculae
576 2649 699 2724 partem
732 2641 798 2703 iem
830 2637 1002 2704 barochiae
1033 2641 1211 2704 Aristonico
1242 2638 1343 2703 vindi·

154 2749 240 2812 cavit
264 2747 501 2832 -prudenter
532 2753 638 2810 tamen
669 2747 796 2809 omissis
827 2745 906 2811 τόσοι
938 2752 970 2810 et
993 2751 1091 2818 κοινῶς
1118 2783 1171 2830 -‚
1195 2747 1342 2830 equidem

154 2867 186 2917 et
217 2853 370 2926 alteram,
403 2858 487 2918 certe
516 2872 615 2938 usque
647 2851 686 2916 ad
715 2851 875 2928 Ἀττικόν,
899 2853 1001 2917 eidem
1025 2853 1262 2936 adscripserim,
1289 2851 1341 2916 sed

154 2959 201 3024 ite
236 2966 273 3023 ut
304 2965 418 3022 neutra
446 2977 519 3043 pers
547 2961 650 3042 ipsine
680 2959 888 3044 grammatici
918 2960 1024 3023 verbis
1051 2973 1201 3043 concepte
1224 2959 1263 3023 ad
1286 2979 1343 3022 nos

155 3067 342 3151 pervenerit.
379 3064 483 3128 Immo
514 3071 620 3129 nostra
644 3083 768 3150 quoqne
786 3063 902 3130 notula
930 3085 1002 3128 cnm
1029 3064 1246 3150 compluribus
1271 3064 1344 3129 aliis

155 3172 423 3255 documentum,
445 3209 485 3218 —
500 3177 573 3236 utar
585 3170 774 3236 Buttmanni
785 3172 891 3236 verbis
902 3177 1016 3258 argute
1029 3171 1111 3256 quod
1125 3175 1169 3237 rei
1182 3180 1230 3237 est
1240 3171 1342 3236 decla-

154 3278 314 3355 rantibus,
339 3315 381 3324 —-
406 3287 599 3362 quantopere
616 3279 770 3342 recentior
782 3278 972 3363 epitomator
984 3281 1173 3364 antiquioris
1184 3299 1343 3368 gramma·

156 3387 214 3450 tici
233 3387 424 3452 sententiam
437 3386 634 3469 perverterit.
660 3383 751 3463 Quod
763 3387 809 3448 sic
820 3386 995 3469 apparebit.
1019 3383 1209 3469 Saepissime
1221 3384 1343 3449 Aristo·

155 3492 262 3567 nicus,
287 3493 343 3554 ubi
363 3490 443 3555 hanc
455 3487 591 3556 Homeri
604 3489 865 3556 consuetudinem
879 3494 984 3577 tangit
998 3496 1073 3556 -et
1084 3491 1263 3576 frequenter
1275 3497 1343 3556 tan·

155 3601 207 3684 git
233 3600 266 3662 in
289 3596 485 3682 plenioribus
509 3597 653 3673 Σνςιεόοις
678 3595 809 3668 'iurator
834 3597 862 3682 ¹)
888 3633 929 3644 -
954 3596 1072 3662 talibas
1094 3600 1197 3661 utitur
1219 3598 1343 3674 verbis,

156 3703 264 3789 qualia
292 3709 367 3768 sunt
398 3724 429 3768 v.
454 3723 482 3767 c.
508 3713 536 3767 Δ
561 3699 646 3767 290:
671 3698 716 3766 ότι
740 3705 913 3778 συνήθως
942 3704 1069 3782 §auspi
1102 3703 1270 3783 προθέουσιν
1300 3704 1343 3767 σοὶ

156 3811 263 3885 ὀνείδη.
291 3821 312 3874 Β
334 3807 419 3892 135,
440 3811 508 3894 (qui
529 3809 638 3874 versus
654 3811 683 3875 ei
695 3809 834 3894 exempli
847 3812 946 3874 instar
958 3811 1017 3894 eet)
1030 3807 1074 3874 ότι
1089 3811 1174 3874 uerri
1187 3811 1237 3872 τὸν
1250 3811 1342 3873 αὐτὸν

155 3921 267 3999 στίχον
300 3918 523 4000 ιιοιῌοινσῷ
547 3917 614 3980 sei
641 3918 735 3994 ἡμῖν
758 3919 934 3992 σννιὶόοις
960 3916 1118 3996 ἐξενήνοχε
1140 3917 1344 4018 rit-summe

160 4101 322 4111 ——w-n

192 4212 216 4271 l)
243 4208 423 4258 Friedl'nindcrus
449 4207 469 4256 si
496 4210 559 4264 recte
582 4207 730 4274 computavit
752 4205 906 4272 (Sebemetnl.
924 4205 1057 4258 Aristarch.
1074 4226 1096 4274 p.
1117 4209 1173 4273 15),
1202 4207 1347 4272 mdcripintr'

157 4302 201 4350 loci
229 4303 297 4358 suut,
323 4299 408 4364 quibus
431 4302 522 4360 σχῆμα
541 4300 601 4350 illud
620 4299 684 4366 diple
703 4304 811 4350 comior:
831 4303 853 4346 Δ
871 4301 933 4358 idm
953 4306 969 4346 Β
987 4299 1030 4356 36;
1052 4301 1110 4356 1³e;
1131 4300 1189 4357 397;
1210 4305 1227 4346 Ε
1246 4303 1307 4356 suu
1324 4307 1346 4348 Θ

158 4397 217 4453 130;
238 4400 259 4440 H
279 4395 306 4450 ὓς
328 4393 385 4448 102;
407 4397 424 4438 Κ
444 4394 504 4444 351;
525 4395 547 4436 Λ
568 4393 627 4450 ow
648 4395 674 4438 M
693 4393 753 4446 luth
772 4395 796 4438 N
814 4393 856 4448 28;
878 4395 922 4448 853
943 4397 966 4438 Π
988 4395 1047 4444 128ι
1068 4394 1129 4452 5θῖ’,
1144 4397 1161 4438 Σ
1178 4396 1237 4444 13οι
1256 4397 1348 4456 Χ266;

158 4494 182 4535 Ψ
202 4489 263 4544 431ς
284 4487 339 4532 504.
