3242 5140
722 334 787 402 439

156 531 296 616 Apparet
328 525 541 616 etymologias
569 527 622 592 hic
653 531 774 613 captari
806 527 968 614 simulque
979 528 1172 622 {allegorias
1218 531 1346 602 Invenit

156 655 271 702 nomen
294 656 390 702 suum
414 639 428 699 ὁ
454 633 595 707 Κωκντθς
619 635 659 700 ab
683 634 807 700 eiulatu
831 637 1018 702 miserorum
1039 641 1244 720 mortalium,
1269 659 1346 726 quo·

156 763 229 808 rum
250 745 413 808 caussima
437 743 542 826 capita
561 739 789 806 descenderunt
807 741 894 827 apud
910 742 1044 829 inferos,
1066 753 1175 832 estque
1194 747 1271 814 adeo
1288 747 1347 813 hu-

156 869 324 916 manorum
348 849 494 915 dolorum
518 847 674 925 έπθννριον
699 848 804 912 κοικθν.
852 848 902 912 Ab
926 851 1003 936 igne
1027 854 1111 937 qnod
1135 855 1290 940 quidquid
1313 859 1347 920 tn

156 956 284 1022 homine
304 955 439 1020 mortale
457 961 505 1046 ¹ast
524 957 701 1038 consumit,
714 955 727 1018 θ
742 954 979 1035 Πυριφλεγέθων
993 977 1107 1024 nomen
1120 967 1227 1046 aperte
1239 963 1347 1028 traxit.

158 1063 245 1140 Στύξ
266 1065 305 1128 ab
322 1063 448 1128 horrore
468 1067 500 1126 et
518 1061 651 1126 tristitia
668 1061 755 1126 dicta
775 1061 850 1146 (ἀπὸ
865 1067 919 1126 τοῦ
932 1063 1141 1145 στυρνοθζειν).
1180 1066 1348 1132 Difficilior

156 1191 206 1234 rea
229 1175 297 1234 erat
315 1173 349 1234 in
370 1168 561 1233 Acherontis
580 1171 702 1254 origine
722 1167 913 1254 indaganda.
950 1167 1132 1236 Commenti
1152 1180 1226 1237 sunt
1245 1177 1349 1261 igitur

158 1275 391 1363 etymologiam
419 1295 491 1364 qere
514 1273 684 1340 Graecam:
708 1271 755 1338 ὅτι
780 1270 847 1354 ἀχη
872 1275 993 1351 νὶνετοιι
1018 1279 1104 1352 μετά
1129 1281 1163 1343 τὸ
1188 1281 1264 1357 ῆρέον
1284 1283 1348 1363 (ἀχ

159 1419 200 1430 --
222 1381 315 1465 ηρθον,
336 1382 501 1462 Ἀχέρων).
525 1379 654 1456 Restat,
667 1385 705 1444 ut
716 1382 949 1466 investigemus
962 1384 1090 1448 cuinam
1101 1384 1183 1449 hanc
1196 1385 1347 1450 eximiam

157 1483 335 1554 doctrinam
367 1493 529 1573 acceptam
553 1487 736 1552 referamus.
786 1485 910 1571 Nempe
933 1493 1041 1553 nostra
1063 1490 1102 1555 ad
1126 1491 1261 1557 verbum
1284 1491 1348 1557 iere

157 1603 304 1681 excerpta
327 1603 403 1660 suut
426 1617 465 1662 ex
485 1593 668 1670 Heraclito,
685 1592 924 1680 allegoriarum
944 1593 1188 1662 Homericarum
1209 1603 1346 1676 auctore,

157 1723 238 1788 quae
271 1724 320 1768 res
352 1700 551 1768 Dindorfium
584 1702 706 1787 tugisse
736 1699 880 1782 videtur,
905 1705 1000 1787 atque
1023 1704 1069 1768 ita
1093 1703 1347 1771 emendationem

157 1815 298 1874 nostram
322 1809 409 1873 facili
433 1810 562 1895 negotio
586 1805 729 1871 stabilire
753 1805 874 1870 licebit.
910 1805 961 1871 Ita
991 1812 1076 1873 enim
1101 1811 1155 1876 hic
1179 1849 1219 1860 -
1246 1821 1278 1877 et
1301 1813 1347 1878 sic

158 1915 289 1980 demum
309 1923 495 2000 excerptum
514 1919 660 1978 nostrum
678 1907 773 1998 plene
790 1911 939 2000 intellegi
955 1914 1072 1999 poterit
1089 1953 1126 1965 --
1140 1917 1179 2002 (c.
1194 1917 1344 1998 LXXIII,

157 2041 188 2108 p.
215 2022 279 2086 144
302 2021 433 2105 Mehl.):
468 2023 627 2098 Μεσοιβάς
654 2018 678 2082 δ’
712 2018 746 2082 ἐκ
776 2026 835 2082 τῶν
867 2019 940 2098 ὑπὲρ
972 2030 1031 2098 νῦν
1057 2022 1257 2101 θεωρημάτων
1280 2025 1347 2091 οὐδὲ

156 2131 212 2204 τῆν
235 2131 343 2210 ἀφοινῆ
369 2131 421 2194 acl
448 2130 554 2208 νεκρὰν
575 2128 669 2208 φύσιν
689 2124 792 2190 εέοισεν
811 2127 1082 2206 ἀνωνληγθρηπον,
1112 2130 1200 2196 ἀλλά
1227 2133 1279 2196 sai
1305 2132 1347 2197 τά

157 2239 187 2303 έν
220 2233 316 2302 Αἴδου
348 2236 545 2314 συμβολικῶς
577 2231 799 2314 ἐφιλοσόφησε.
826 2235 967 2304 Κωκυτὸς
991 2229 1040 2298 οὖν
1065 2233 1078 2297 ὃ
1103 2242 1216 2316 πρῶτος
1240 2237 1348 2312 θνομά-

157 2343 245 2425 ζεσοιι
271 2340 434 2421 ποπιοριθς,
459 2344 614 2418 ἐπώνυμον
633 2339 816 2418 ἀνθρωπίνου
837 2338 951 2412 πάθους
973 2341 1078 2407 aazia.
1101 2343 1195 2420 θρῆνοι
1214 2345 1277 2424 aaa
1295 2345 1346 2409 ἐπὶ

157 2461 219 2524 τοῖς
245 2453 400 2516 τεθνεῶσιν
424 2451 449 2514 οἱ
474 2451 561 2529 ποιρά
585 2455 642 2512 τῶν
668 2447 793 2528 ζώντων.
818 2446 1091 2528 Πυριφλεγέθοντα
1111 2450 1136 2515 θ’
1155 2448 1269 2531 ἐφεξῆς
1289 2451 1346 2516 iao·

157 2557 262 2641 μάζει.
283 2558 367 2636 μετά
389 2558 452 2636 γάρ
472 2557 515 2621 τά
536 2554 653 2634 δάιιρυοο
674 2555 778 2635 τοιφοά
799 2553 850 2617 sai
872 2557 931 2634 πῦρ
952 2555 1104 2636 ἀφοινέζον
1123 2551 1222 2621 θὲστι
1239 2559 1346 2632 θνητῆς

156 2663 267 2745 capric
288 2667 319 2729 έν
339 2667 422 2740 ἡμῖν.
444 2662 638 2744 ἀμφοτέρους
658 2662 689 2727 tt
709 2663 777 2732 τοὺς
799 2661 959 2738 ποταμοὺς
980 2663 1022 2734 εἰς
1040 2660 1159 2727 ένιιτὸν
1173 2661 1346 2745 Ἀχέροντα

157 2775 334 2853 συρρέοντος
357 2766 456 2849 οἶδεν,
481 2771 653 2849 έπεθπερ
677 2768 898 2850 έκδέχετοιι
924 2770 1031 2846 μετὰ
1054 2771 1146 2842 τοὺς
1171 2773 1345 2852 πρώτους

157 2879 359 2949 κωκυτοὺς
393 2877 458 2941 rai
490 2877 562 2951 τῆν
591 2873 865 2956 ὀφειλομένην
890 2877 1028 2956 τοιφῆν
1051 2873 1134 2957 ἀχη
1159 2879 1250 2942 τινά
1274 2879 1344 2944 eat

157 2991 283 3050 λῦποιι
314 2983 488 3067 χρόνιοι,
520 2983 592 3064 πρὸς
625 2984 747 3060 θλέγοις
770 2980 952 3058 ὑπομνήσεις
977 2981 1158 3063 έρεθθζουσοιι
1184 2987 1226 3049 rai
1250 2985 1344 3062 πάθη.

159 3093 281 3171 Στυγὸς
305 3093 330 3159 δ’
358 3095 532 3170 ἀπορρῶγες
556 3091 580 3154 oi
605 3089 739 3164 ποτοιμοὶ
764 3087 815 3153 irai
837 3089 891 3163 τῆν
915 3089 1115 3167 στυννθτησοι
1138 3091 1190 3155 acti
1216 3095 1270 3166 τῆν
1295 3093 1344 3157 ἐπὶ

157 3204 199 3279 τῷ
220 3199 341 3277 θοινάτῳ
363 3198 550 3272 ιιωτῆφειωι.
587 3195 656 3261 Ιιιιιι
677 3195 760 3280 quod
780 3194 942 3272 dicebam,
963 3195 1040 3260 satia
1061 3233 1101 3244 -
1123 3205 1161 3260 ut
1179 3201 1290 3282 opinor
1304 3235 1344 3248 -

156 3307 230 3374 hinc
261 3306 516 3372 demonstratum
548 3304 618 3367 erit.
666 3301 777 3386 Neque
809 3307 917 3366 tamen
940 3300 1098 3366 Heracliti
1122 3304 1240 3388 ipsius,
1265 3325 1346 3390 quae

157 3413 353 3489 adferebam,
374 3411 471 3476 verba
490 3411 529 3475 ab
549 3411 638 3474 omni
659 3415 747 3492 parte
766 3410 891 3494 integra
910 3407 992 3471 mihi
1006 3408 1171 3486 videntur,
1184 3411 1217 3473 in
1230 3411 1346 3495 quibus

157 3541 214 3586 uec
244 3523 337 3599 θρῆνοι
370 3555 411 3565 -
444 3518 476 3581 ol
510 3518 595 3594 πορθ
626 3521 685 3580 τῶν
716 3511 833 3595 ζώντων
865 3515 1032 3580 «ammodo
1064 3515 1164 3580 babeo
1188 3516 1345 3600 explicare

156 3647 214 3692 nec
236 3631 334 3690 λῦπαι
358 3623 489 3706 χρθνιοι,
510 3625 582 3703 πρθς
606 3623 670 3688 ν’λέ
678 3645 757 3699 νοις
780 3621 963 3696 ὑπομνήσεις
985 3619 1166 3700 ε’ρεθέζουσοιι
1186 3623 1230 3686 σά
1250 3623 1344 3696 πάθη.

157 3733 314 3819 Equidem
337 3730 431 3816 plane
455 3730 649 3795 contrarium
672 3729 908 3813 exspectabam,
936 3727 1008 3807 πρὸς
1032 3728 1156 3808 μωκράς
1180 3732 1249 3794 sive
1272 3731 1344 3794 alc·

156 3843 233 3912 νθους
258 3838 452 3915 ὑπομνήσεις.
500 3835 561 3902 Sed
585 3835 669 3920 quod
692 3841 777 3900 certo
801 3853 968 3919 reponam,
994 3849 1106 3899 neutro
1125 3834 1195 3900 loco
1214 3839 1344 3922 reperio.

158 3951 207 4012 An
236 3967 292 4032 pro
323 3945 434 4023 ι’λθνοις
466 3943 683 4008 scribendum:
717 3947 815 4006 λῡποιι
848 3940 979 4022 χρόνιοι,
1005 3941 1077 4020 πρὸς
1101 3939 1272 4020 διωλυρθ
1282 3967 1344 4018 ους

158 4251 190 4302 ibi
218 4255 354 4317 comparet?
381 4251 445 4300 Nam
466 4249 529 4314 quod
552 4247 714 4314 auspicantur,
733 4247 757 4295 id
775 4245 834 4296 olim
851 4246 939 4296 lactum
957 4245 1028 4295 ianime
1047 4245 1103 4296 ibid.
1121 4265 1140 4296 c.
1161 4249 1196 4297 lv
1215 4251 1287 4312 qao,
1307 4250 1346 4302 ubi

156 4359 218 4392 nunc
242 4337 256 4396 ῆ
275 4339 348 4402 μηδὲν
367 4335 453 4402 ’θφελος
473 4335 553 4386 airus
572 4333 646 4393 εἶναι,
663 4337 716 4401 quis
739 4337 784 4385 hnc
804 4336 906 4401 probet?
929 4337 974 4386 Sed
992 4337 1036 4386 boc
1053 4335 1139 4386 obiter.
1164 4339 1344 4390 Aduomverunt

156 4432 271 4482 ’Πιοευιιιι
294 4430 448 4497 stephanioni
469 4429 571 4476 editores
589 4431 612 4475 et
631 4427 693 4491 apud
711 4427 770 4474 alios
787 4425 906 4490 aequiores
924 4441 1005 4476 vocem
1022 4423 1109 4488 θφοιλῆ
1124 4427 1250 4491 aliquoties
1267 4447 1346 4480 occur-

156 4529 222 4574 rere,
241 4513 311 4564 utin
329 4515 359 4562 N.
379 4513 405 4562 i.
425 4528 460 4576 sp.
481 4510 570 4562 mitti.
590 4509 691 4568 xviii,
710 4509 742 4558 32
760 4513 784 4560 et
801 4511 830 4558 ad
849 4509 917 4560 Rom.
937 4509 1009 4569 illi.
1030 4509 1344 4576 attemptantibus.
