<?xml version="1.0" encoding="UTF-8"?>
<!DOCTYPE html PUBLIC "-//W3C//DTD XHTML 1.0 Transitional//EN"
    "http://www.w3.org/TR/xhtml1/DTD/xhtml1-transitional.dtd">
<html xmlns="http://www.w3.org/1999/xhtml" xml:lang="en" lang="en">
 <head>
  <title>
</title>
<meta http-equiv="Content-Type" content="text/html;charset=utf-8" />
  <meta name='ocr-system' content='tesseract 3.04.00' />
  <meta name='ocr-capabilities' content='ocr_page ocr_carea ocr_par ocr_line ocrx_word'/>
</head>
<body>
  <div class='ocr_page' id='page_1' title='image "./adodysseameiusq01polagoog_0116.png"; bbox 0 0 3318 5138; ppageno 0'>
   <div class='ocr_carea' id='block_1_1' title="bbox 787 333 850 423">
    <p class='ocr_par' dir='ltr' id='par_1_1' title="bbox 787 333 850 423">
     <span class='ocr_line' id='line_1_1' title="bbox 787 333 850 423; baseline 0 -1"><span class='ocrx_word' id='word_1_1' title='bbox 787 333 850 423; x_wconf 80' lang='lat'><em>101</em></span> 
     </span>
    </p>
   </div>
   <div class='ocr_carea' id='block_1_2' title="bbox 216 535 1440 2551">
    <p class='ocr_par' dir='ltr' id='par_1_2' title="bbox 216 535 1413 1484">
     <span class='ocr_line' id='line_1_2' title="bbox 266 535 1410 626; baseline -0.001 -15"><span class='ocrx_word' id='word_1_2' title='bbox 266 535 309 625; x_wconf 75' lang='grc' dir='ltr'><em>β,</em></span> <span class='ocrx_word' id='word_1_3' title='bbox 334 543 411 612; x_wconf 84' lang='grc'><em>102.</em></span> <span class='ocrx_word' id='word_1_4' title='bbox 435 545 471 612; x_wconf 76' lang='lat' dir='ltr'><strong>ai</strong></span> <span class='ocrx_word' id='word_1_5' title='bbox 493 569 543 612; x_wconf 84' lang='grc' dir='ltr'><em>ιιεν</em></span> <span class='ocrx_word' id='word_1_6' title='bbox 566 541 640 624; x_wconf 81' lang='grc' dir='ltr'><em>ἄτερ</em></span> <span class='ocrx_word' id='word_1_7' title='bbox 665 544 787 626; x_wconf 87' lang='grc' dir='ltr'><em>ττείρου</em></span> <span class='ocrx_word' id='word_1_8' title='bbox 812 551 904 618; x_wconf 78' lang='grc' dir='ltr'><em>νοῆται</em></span> <span class='ocrx_word' id='word_1_9' title='bbox 928 546 1034 612; x_wconf 87' lang='grc' dir='ltr'><em>τολλόι</em></span> <span class='ocrx_word' id='word_1_10' title='bbox 1059 543 1261 620; x_wconf 70' lang='grc' dir='ltr'><strong><em>κτεατίσσας.</em></strong></span> <span class='ocrx_word' id='word_1_11' title='bbox 1284 537 1321 611; x_wconf 87' lang='lat' dir='ltr'><em>ld</em></span> <span class='ocrx_word' id='word_1_12' title='bbox 1344 541 1410 622; x_wconf 73' lang='lat' dir='ltr'><strong>osi,</strong></span> 
     </span>
     <span class='ocr_line' id='line_1_3' title="bbox 216 649 1411 738; baseline -0.003 -18"><span class='ocrx_word' id='word_1_13' title='bbox 216 651 398 720; x_wconf 72' lang='lat' dir='ltr'><strong>Scholiasta</strong></span> <span class='ocrx_word' id='word_1_14' title='bbox 427 653 565 738; x_wconf 74' lang='lat' dir='ltr'><strong>quodam</strong></span> <span class='ocrx_word' id='word_1_15' title='bbox 595 657 723 719; x_wconf 80' lang='lat' dir='ltr'><strong>auctore</strong></span> <span class='ocrx_word' id='word_1_16' title='bbox 755 652 800 738; x_wconf 84' lang='lat' dir='ltr'><em>(in</em></span> <span class='ocrx_word' id='word_1_17' title='bbox 825 650 915 734; x_wconf 80' lang='lat' dir='ltr'><strong>EQ),</strong></span> <span class='ocrx_word' id='word_1_18' title='bbox 949 654 988 725; x_wconf 77' lang='grc' dir='ltr'><em>ὥς</em></span> <span class='ocrx_word' id='word_1_19' title='bbox 1013 649 1100 728; x_wconf 74' lang='grc' dir='ltr'><em>αέίου</em></span> <span class='ocrx_word' id='word_1_20' title='bbox 1124 652 1250 731; x_wconf 85' lang='grc' dir='ltr'><em>ίματίου</em></span> <span class='ocrx_word' id='word_1_21' title='bbox 1274 652 1411 718; x_wconf 89' lang='grc' dir='ltr'><em>ττανί·</em></span> 
     </span>
     <span class='ocr_line' id='line_1_4' title="bbox 217 755 1410 840; baseline 0 -17"><span class='ocrx_word' id='word_1_22' title='bbox 217 757 241 840; x_wconf 87' lang='grc' dir='ltr'><strong><em>ζ</em></strong></span> <span class='ocrx_word' id='word_1_23' title='bbox 247 780 377 832; x_wconf 84' lang='grc' dir='ltr'><em>οντσς</em></span> <span class='ocrx_word' id='word_1_24' title='bbox 409 760 442 826; x_wconf 79' lang='grc' dir='ltr'><em>οὐ</em></span> <span class='ocrx_word' id='word_1_25' title='bbox 475 759 539 840; x_wconf 72' lang='grc' dir='ltr'><em>γὰρ</em></span> <span class='ocrx_word' id='word_1_26' title='bbox 560 763 732 832; x_wconf 78' lang='grc' dir='ltr'><em>παντελῶς</em></span> <span class='ocrx_word' id='word_1_27' title='bbox 766 755 921 840; x_wconf 81' lang='grc' dir='ltr'><em>έοσοίνιζε.</em></span> <span class='ocrx_word' id='word_1_28' title='bbox 969 756 1083 825; x_wconf 78' lang='lat' dir='ltr'>Voluit</span> <span class='ocrx_word' id='word_1_29' title='bbox 1070 765 1234 826; x_wconf 81' lang='lat' dir='ltr'><strong>t:cuctor</strong></span> <span class='ocrx_word' id='word_1_30' title='bbox 1260 761 1298 832; x_wconf 83' lang='grc' dir='ltr'><em>ός</em></span> <span class='ocrx_word' id='word_1_31' title='bbox 1323 756 1410 835; x_wconf 74' lang='grc' dir='ltr'><em>όξίου</em></span> 
     </span>
     <span class='ocr_line' id='line_1_5' title="bbox 218 860 1409 948; baseline -0.001 -17"><span class='ocrx_word' id='word_1_32' title='bbox 218 867 348 944; x_wconf 80' lang='grc' dir='ltr'><em>ἱματίου</em></span> <span class='ocrx_word' id='word_1_33' title='bbox 372 865 591 947; x_wconf 77' lang='grc' dir='ltr'><em>σπανίζων,</em></span> <span class='ocrx_word' id='word_1_34' title='bbox 616 886 692 930; x_wconf 83' lang='lat' dir='ltr'><em>nam</em></span> <span class='ocrx_word' id='word_1_35' title='bbox 717 860 914 944; x_wconf 70' lang='grc' dir='ltr'><em>σπανίζοντες</em></span> <span class='ocrx_word' id='word_1_36' title='bbox 939 861 1085 945; x_wconf 84' lang='grc' dir='ltr'><em>όονόρωποι</em></span> <span class='ocrx_word' id='word_1_37' title='bbox 1104 871 1198 942; x_wconf 85' lang='lat' dir='ltr'><strong>sunt,</strong></span> <span class='ocrx_word' id='word_1_38' title='bbox 1220 865 1409 948; x_wconf 69' lang='grc' dir='ltr'><em>σπανίζοντα</em></span> 
     </span>
     <span class='ocr_line' id='line_1_6' title="bbox 218 970 1411 1059; baseline 0 -21"><span class='ocrx_word' id='word_1_39' title='bbox 218 971 338 1052; x_wconf 83' lang='grc' dir='ltr'><em>ίμοίτιοο</em></span> <span class='ocrx_word' id='word_1_40' title='bbox 371 994 435 1039; x_wconf 90' lang='lat' dir='ltr'><em>non</em></span> <span class='ocrx_word' id='word_1_41' title='bbox 470 978 555 1039; x_wconf 85' lang='lat' dir='ltr'><strong>suni.</strong></span> <span class='ocrx_word' id='word_1_42' title='bbox 602 971 728 1038; x_wconf 81' lang='lat' dir='ltr'><strong>Vitium</strong></span> <span class='ocrx_word' id='word_1_43' title='bbox 762 975 809 1037; x_wconf 80' lang='lat' dir='ltr'><em>ost</em></span> <span class='ocrx_word' id='word_1_44' title='bbox 841 992 858 1037; x_wconf 87' lang='lat' dir='ltr'>e</span> <span class='ocrx_word' id='word_1_45' title='bbox 888 970 1188 1059; x_wconf 81' lang='lat' dir='ltr'><strong>pervulgatissimis.</strong></span> <span class='ocrx_word' id='word_1_46' title='bbox 1235 970 1411 1040; x_wconf 81' lang='lat' dir='ltr'><strong>Genetivus</strong></span> 
     </span>
     <span class='ocr_line' id='line_1_7' title="bbox 219 1078 1412 1166; baseline 0 -22"><span class='ocrx_word' id='word_1_47' title='bbox 219 1079 349 1158; x_wconf 84' lang='grc' dir='ltr'><em>ίματίον</em></span> <span class='ocrx_word' id='word_1_48' title='bbox 372 1080 509 1146; x_wconf 82' lang='lat' dir='ltr'><strong>scribam</strong></span> <span class='ocrx_word' id='word_1_49' title='bbox 532 1078 664 1166; x_wconf 81' lang='lat' dir='ltr'><strong>impulit</strong></span> <span class='ocrx_word' id='word_1_50' title='bbox 691 1084 728 1142; x_wconf 90' lang='lat' dir='ltr'><em>ut</em></span> <span class='ocrx_word' id='word_1_51' title='bbox 750 1079 954 1164; x_wconf 76' lang='lat' dir='ltr'><strong>participium</strong></span> <span class='ocrx_word' id='word_1_52' title='bbox 979 1098 1103 1163; x_wconf 88' lang='lat' dir='ltr'><strong>quoquc</strong></span> <span class='ocrx_word' id='word_1_53' title='bbox 1125 1079 1201 1145; x_wconf 91' lang='lat' dir='ltr'><strong>huic</strong></span> <span class='ocrx_word' id='word_1_54' title='bbox 1232 1079 1412 1146; x_wconf 81' lang='lat' dir='ltr'><strong>adcommo-</strong></span> 
     </span>
     <span class='ocr_line' id='line_1_8' title="bbox 219 1181 1412 1264; baseline -0.001 -12"><span class='ocrx_word' id='word_1_55' title='bbox 219 1186 331 1264; x_wconf 85' lang='lat' dir='ltr'><strong>daret,</strong></span> <span class='ocrx_word' id='word_1_56' title='bbox 359 1186 397 1253; x_wconf 84' lang='lat' dir='ltr'><em>de</em></span> <span class='ocrx_word' id='word_1_57' title='bbox 420 1189 578 1253; x_wconf 80' lang='lat' dir='ltr'><strong>sententis</strong></span> <span class='ocrx_word' id='word_1_58' title='bbox 601 1206 739 1252; x_wconf 85' lang='lat' dir='ltr'><strong>securus.</strong></span> <span class='ocrx_word' id='word_1_59' title='bbox 763 1181 852 1250; x_wconf 82' lang='lat' dir='ltr'><strong>Idam</strong></span> <span class='ocrx_word' id='word_1_60' title='bbox 875 1185 997 1250; x_wconf 77' lang='lat' dir='ltr'><strong>factum</strong></span> <span class='ocrx_word' id='word_1_61' title='bbox 1028 1191 1076 1251; x_wconf 88' lang='lat' dir='ltr'><em>est</em></span> <span class='ocrx_word' id='word_1_62' title='bbox 1097 1185 1138 1252; x_wconf 82' lang='lat' dir='ltr'><em>ud</em></span> <span class='ocrx_word' id='word_1_63' title='bbox 1160 1211 1194 1264; x_wconf 76' lang='lat' dir='ltr'><em>y,</em></span> <span class='ocrx_word' id='word_1_64' title='bbox 1220 1185 1286 1253; x_wconf 75' lang='lat'><em>372</em></span> <span class='ocrx_word' id='word_1_65' title='bbox 1309 1189 1342 1251; x_wconf 90' lang='lat' dir='ltr'><em>in</em></span> <span class='ocrx_word' id='word_1_66' title='bbox 1366 1189 1412 1251; x_wconf 88' lang='lat' dir='ltr'><em>in-</em></span> 
     </span>
     <span class='ocr_line' id='line_1_9' title="bbox 219 1286 1413 1379; baseline 0.001 -21"><span class='ocrx_word' id='word_1_67' title='bbox 219 1295 448 1379; x_wconf 71' lang='lat' dir='ltr'><strong>terpretatione</strong></span> <span class='ocrx_word' id='word_1_68' title='bbox 482 1292 630 1360; x_wconf 76' lang='lat' dir='ltr'><strong>vocabuli</strong></span> <span class='ocrx_word' id='word_1_69' title='bbox 664 1291 745 1374; x_wconf 78' lang='grc' dir='ltr'><em>φίνη</em></span> <span class='ocrx_word' id='word_1_70' title='bbox 779 1289 933 1368; x_wconf 73' lang='grc' dir='ltr'><em>είδομένηι</em></span> <span class='ocrx_word' id='word_1_71' title='bbox 964 1286 1041 1365; x_wconf 75' lang='grc' dir='ltr'><em>εἶδος</em></span> <span class='ocrx_word' id='word_1_72' title='bbox 1073 1291 1169 1372; x_wconf 80' lang='grc' dir='ltr'><em>ὀρνέου</em></span> <span class='ocrx_word' id='word_1_73' title='bbox 1200 1294 1281 1374; x_wconf 77' lang='grc' dir='ltr'><em>οίετῷ</em></span> <span class='ocrx_word' id='word_1_74' title='bbox 1314 1291 1413 1372; x_wconf 86' lang='grc' dir='ltr'><em>όμοιον</em></span> 
     </span>
     <span class='ocr_line' id='line_1_10' title="bbox 220 1396 1411 1484; baseline 0.001 -19"><span class='ocrx_word' id='word_1_75' title='bbox 220 1399 369 1478; x_wconf 80' lang='grc' dir='ltr'><em>όξνπετεί</em></span> <span class='ocrx_word' id='word_1_76' title='bbox 397 1400 515 1481; x_wconf 74' lang='grc' dir='ltr'><em>φαιδρῷ</em></span> <span class='ocrx_word' id='word_1_77' title='bbox 548 1396 587 1484; x_wconf 91' lang='lat'><em>¹),</em></span> <span class='ocrx_word' id='word_1_78' title='bbox 622 1397 1015 1479; x_wconf 79' lang='grc' dir='ltr'><em>σροσαρμόζοντι-τηῑ</em></span> <span class='ocrx_word' id='word_1_79' title='bbox 1047 1400 1172 1483; x_wconf 75' lang='grc' dir='ltr'><em>Ἀθηνᾷ.</em></span> <span class='ocrx_word' id='word_1_80' title='bbox 1198 1401 1325 1483; x_wconf 82' lang='grc' dir='ltr'><em>φαεινόν</em></span> <span class='ocrx_word' id='word_1_81' title='bbox 1348 1401 1411 1481; x_wconf 75' lang='grc' dir='ltr'><em>γὰρ</em></span> 
     </span>
    </p>

    <p class='ocr_par' dir='ltr' id='par_1_3' title="bbox 217 1504 1440 2551">
     <span class='ocr_line' id='line_1_11' title="bbox 220 1504 1412 1588; baseline 0.002 -17.043"><span class='ocrx_word' id='word_1_82' title='bbox 220 1509 261 1580; x_wconf 78' lang='grc' dir='ltr'><em>ὥς</em></span> <span class='ocrx_word' id='word_1_83' title='bbox 297 1505 360 1572; x_wconf 74' lang='lat' dir='ltr'><strong>ciri</strong></span> <span class='ocrx_word' id='word_1_84' title='bbox 394 1531 448 1572; x_wconf 91' lang='grc' dir='ltr'><em>του</em></span> <span class='ocrx_word' id='word_1_85' title='bbox 484 1507 584 1587; x_wconf 82' lang='grc' dir='ltr'><em>Φαίνιο</em></span> <span class='ocrx_word' id='word_1_86' title='bbox 617 1505 803 1585; x_wconf 62' lang='grc' dir='ltr'><em>γινόμενον</em></span> <span class='ocrx_word' id='word_1_87' title='bbox 822 1505 874 1570; x_wconf 78' lang='grc' dir='ltr'><em>καί</em></span> <span class='ocrx_word' id='word_1_88' title='bbox 907 1507 924 1581; x_wconf 78' lang='grc' dir='ltr'><em>η</em></span> <span class='ocrx_word' id='word_1_89' title='bbox 958 1504 1121 1580; x_wconf 83' lang='grc' dir='ltr'><em>Ἀόηνα</em></span> <span class='ocrx_word' id='word_1_90' title='bbox 1105 1531 1198 1586; x_wconf 74' lang='grc' dir='ltr'><em>ηχουν</em></span> <span class='ocrx_word' id='word_1_91' title='bbox 1229 1507 1412 1588; x_wconf 73' lang='grc' dir='ltr'><em>ἧ.φρόνησις</em></span> 
     </span>
     <span class='ocr_line' id='line_1_12' title="bbox 219 1609 1412 1700; baseline 0 -20"><span class='ocrx_word' id='word_1_92' title='bbox 219 1611 415 1696; x_wconf 85' lang='grc' dir='ltr'><em>Φαεινοτοίτη</em></span> <span class='ocrx_word' id='word_1_93' title='bbox 439 1613 491 1678; x_wconf 77' lang='grc' dir='ltr'><em>καί</em></span> <span class='ocrx_word' id='word_1_94' title='bbox 515 1611 724 1692; x_wconf 73' lang='grc' dir='ltr'><em>λαμπροτάτη</em></span> <span class='ocrx_word' id='word_1_95' title='bbox 750 1611 842 1677; x_wconf 89' lang='grc' dir='ltr'><em>έν.στί</em></span> <span class='ocrx_word' id='word_1_96' title='bbox 866 1609 931 1695; x_wconf 81' lang='grc' dir='ltr'><em>(Ε.)</em></span> <span class='ocrx_word' id='word_1_97' title='bbox 949 1610 1041 1676; x_wconf 81' lang='lat' dir='ltr'><strong>Rcs&#39;</strong></span> <span class='ocrx_word' id='word_1_98' title='bbox 1033 1632 1102 1697; x_wconf 76' lang='lat' dir='ltr'><strong>lpsa</strong></span> <span class='ocrx_word' id='word_1_99' title='bbox 1120 1612 1239 1679; x_wconf 83' lang='lat' dir='ltr'><strong>cismai</strong></span> <span class='ocrx_word' id='word_1_100' title='bbox 1259 1617 1412 1700; x_wconf 85' lang='lat' dir='ltr'><strong>scriptum</strong></span> 
     </span>
     <span class='ocr_line' id='line_1_13' title="bbox 220 1713 1411 1806; baseline 0.001 -21"><span class='ocrx_word' id='word_1_101' title='bbox 220 1723 337 1787; x_wconf 84' lang='lat' dir='ltr'><strong>inisse:</strong></span> <span class='ocrx_word' id='word_1_102' title='bbox 374 1715 453 1792; x_wconf 76' lang='grc' dir='ltr'><em>είδος</em></span> <span class='ocrx_word' id='word_1_103' title='bbox 490 1720 550 1798; x_wconf 82' lang='grc' dir='ltr'><em>όρνί</em></span> <span class='ocrx_word' id='word_1_104' title='bbox 554 1742 586 1784; x_wconf 90' lang='grc' dir='ltr'><em>ου</em></span> <span class='ocrx_word' id='word_1_105' title='bbox 619 1719 698 1800; x_wconf 58' lang='lat' dir='ltr'><strong>dordr</strong></span> <span class='ocrx_word' id='word_1_106' title='bbox 730 1713 880 1797; x_wconf 86' lang='grc' dir='ltr'><em>όμοιον-</em></span> <span class='ocrx_word' id='word_1_107' title='bbox 895 1741 1059 1798; x_wconf 87' lang='grc' dir='ltr'><em>τροσαρ</em></span> <span class='ocrx_word' id='word_1_108' title='bbox 1068 1716 1115 1797; x_wconf 88' lang='grc' dir='ltr'><em>μό</em></span> <span class='ocrx_word' id='word_1_109' title='bbox 1124 1717 1185 1799; x_wconf 80' lang='grc' dir='ltr'><em>ζον</em></span> <span class='ocrx_word' id='word_1_110' title='bbox 1214 1729 1253 1804; x_wconf 66' lang='grc' dir='ltr'><em>τῇ</em></span> <span class='ocrx_word' id='word_1_111' title='bbox 1286 1720 1411 1806; x_wconf 75' lang='grc' dir='ltr'><em>Ἀθηνᾷ.</em></span> 
     </span>
     <span class='ocr_line' id='line_1_14' title="bbox 219 1821 1412 1913; baseline -0.002 -19"><span class='ocrx_word' id='word_1_112' title='bbox 219 1827 333 1913; x_wconf 84' lang='lat' dir='ltr'>Neque</span> <span class='ocrx_word' id='word_1_113' title='bbox 352 1826 445 1893; x_wconf 84' lang='lat' dir='ltr'><strong>alitor</strong></span> <span class='ocrx_word' id='word_1_114' title='bbox 465 1827 498 1892; x_wconf 93' lang='lat' dir='ltr'><em>in</em></span> <span class='ocrx_word' id='word_1_115' title='bbox 515 1825 682 1892; x_wconf 78' lang='lat' dir='ltr'><strong>Nicanoris</strong></span> <span class='ocrx_word' id='word_1_116' title='bbox 697 1821 736 1909; x_wconf 80' lang='lat' dir='ltr'><strong>(i)</strong></span> <span class='ocrx_word' id='word_1_117' title='bbox 761 1829 837 1890; x_wconf 83' lang='lat' dir='ltr'><strong>nota</strong></span> <span class='ocrx_word' id='word_1_118' title='bbox 860 1824 898 1889; x_wconf 80' lang='lat' dir='ltr'><em>ad</em></span> <span class='ocrx_word' id='word_1_119' title='bbox 923 1824 957 1907; x_wconf 81' lang='grc' dir='ltr'><em>ζ,</em></span> <span class='ocrx_word' id='word_1_120' title='bbox 984 1823 1068 1889; x_wconf 79' lang='lat'>163:</span> <span class='ocrx_word' id='word_1_121' title='bbox 1093 1825 1226 1907; x_wconf 77' lang='grc' dir='ltr'><em>φοίνικος</em></span> <span class='ocrx_word' id='word_1_122' title='bbox 1250 1825 1312 1892; x_wconf 81' lang='grc' dir='ltr'><em>νόον</em></span> <span class='ocrx_word' id='word_1_123' title='bbox 1335 1825 1412 1908; x_wconf 76' lang='grc' dir='ltr'><em>ἔρνος</em></span> 
     </span>
     <span class='ocr_line' id='line_1_15' title="bbox 219 1929 1412 2015; baseline 0.001 -16"><span class='ocrx_word' id='word_1_124' title='bbox 219 1933 424 2015; x_wconf 67' lang='grc' dir='ltr'><em>ἐνισχόμενον</em></span> <span class='ocrx_word' id='word_1_125' title='bbox 457 1932 567 2008; x_wconf 78' lang='grc' dir='ltr'><em>ἐνόησα</em></span> <span class='ocrx_word' id='word_1_126' title='bbox 577 1980 586 2011; x_wconf 90' lang='grc'><em>,</em></span> <span class='ocrx_word' id='word_1_127' title='bbox 618 1932 675 1998; x_wconf 92' lang='lat' dir='ltr'><em>ubi</em></span> <span class='ocrx_word' id='word_1_128' title='bbox 708 1929 781 2011; x_wconf 82' lang='lat' dir='ltr'><em>PQ:</em></span> <span class='ocrx_word' id='word_1_129' title='bbox 815 1929 849 1995; x_wconf 84' lang='grc' dir='ltr'><em>οὔ</em></span> <span class='ocrx_word' id='word_1_130' title='bbox 878 1937 964 2013; x_wconf 81' lang='grc' dir='ltr'><em>Φημι</em></span> <span class='ocrx_word' id='word_1_131' title='bbox 988 1929 1092 2010; x_wconf 70' lang='grc' dir='ltr'><em>λέγειν</em></span> <span class='ocrx_word' id='word_1_132' title='bbox 1113 1935 1206 1999; x_wconf 81' lang='grc' dir='ltr'><em>αὐτόν</em></span> <span class='ocrx_word' id='word_1_133' title='bbox 1230 1931 1307 2015; x_wconf 86' lang='grc' dir='ltr'><em>ἔρνος</em></span> <span class='ocrx_word' id='word_1_134' title='bbox 1333 1933 1412 2014; x_wconf 90' lang='grc' dir='ltr'><em>νέον,</em></span> 
     </span>
     <span class='ocr_line' id='line_1_16' title="bbox 219 2035 1415 2123; baseline 0.001 -16"><span class='ocrx_word' id='word_1_135' title='bbox 219 2041 310 2107; x_wconf 68' lang='grc' dir='ltr'><em>ἀλλὰ</em></span> <span class='ocrx_word' id='word_1_136' title='bbox 330 2040 365 2105; x_wconf 81' lang='grc' dir='ltr'><em>τό</em></span> <span class='ocrx_word' id='word_1_137' title='bbox 384 2040 445 2105; x_wconf 82' lang='grc' dir='ltr'><em>νέον</em></span> <span class='ocrx_word' id='word_1_138' title='bbox 468 2041 511 2121; x_wconf 76' lang='grc' dir='ltr'><em>τῷ</em></span> <span class='ocrx_word' id='word_1_139' title='bbox 534 2037 738 2121; x_wconf 68' lang='grc' dir='ltr'><em>ἀνερχόμενον</em></span> <span class='ocrx_word' id='word_1_140' title='bbox 763 2037 811 2104; x_wconf 77' lang='grc' dir='ltr'><em>δεῖ</em></span> <span class='ocrx_word' id='word_1_141' title='bbox 831 2037 1010 2117; x_wconf 85' lang='grc' dir='ltr'><em>συνόττειν,</em></span> <span class='ocrx_word' id='word_1_142' title='bbox 1033 2035 1071 2102; x_wconf 79' lang='grc' dir='ltr'><em>ἵν’</em></span> <span class='ocrx_word' id='word_1_143' title='bbox 1097 2037 1132 2122; x_wconf 65' lang='grc' dir='ltr'><em>ᾗ,</em></span> <span class='ocrx_word' id='word_1_144' title='bbox 1160 2039 1221 2106; x_wconf 85' lang='grc' dir='ltr'><em>νέον</em></span> <span class='ocrx_word' id='word_1_145' title='bbox 1244 2041 1415 2123; x_wconf 82' lang='grc' dir='ltr'><em>οὶνερχόμε·</em></span> 
     </span>
     <span class='ocr_line' id='line_1_17' title="bbox 219 2143 1414 2236; baseline 0.003 -24"><span class='ocrx_word' id='word_1_146' title='bbox 219 2171 288 2224; x_wconf 91' lang='grc' dir='ltr'><em>νον,</em></span> <span class='ocrx_word' id='word_1_147' title='bbox 312 2149 452 2212; x_wconf 81' lang='grc' dir='ltr'><em>τουτέστι</em></span> <span class='ocrx_word' id='word_1_148' title='bbox 477 2145 580 2212; x_wconf 78' lang='grc' dir='ltr'><em>νεωστί</em></span> <span class='ocrx_word' id='word_1_149' title='bbox 605 2143 828 2226; x_wconf 69' lang='grc' dir='ltr'><em>ἀνερχόμενον,</em></span> <span class='ocrx_word' id='word_1_150' title='bbox 853 2148 890 2218; x_wconf 69' lang='lat' dir='ltr'><strong>cic</strong></span> <span class='ocrx_word' id='word_1_151' title='bbox 911 2145 946 2210; x_wconf 83' lang='grc' dir='ltr'><em>τό</em></span> <span class='ocrx_word' id='word_1_152' title='bbox 967 2145 1050 2224; x_wconf 86' lang='grc' dir='ltr'><em>,νέον</em></span> <span class='ocrx_word' id='word_1_153' title='bbox 1070 2145 1251 2225; x_wconf 49' lang='lat' dir='ltr'><strong>iocosis?</strong></span> <span class='ocrx_word' id='word_1_154' title='bbox 1270 2150 1308 2233; x_wconf 90' lang='lat' dir='ltr'><em>(i,</em></span> <span class='ocrx_word' id='word_1_155' title='bbox 1323 2148 1414 2236; x_wconf 84' lang='grc'><em>446.)</em></span> 
     </span>
     <span class='ocr_line' id='line_1_18' title="bbox 220 2251 1411 2338; baseline 0.002 -18"><span class='ocrx_word' id='word_1_156' title='bbox 220 2291 243 2306; x_wconf 90' lang='lat'><em>·-</em></span> <span class='ocrx_word' id='word_1_157' title='bbox 259 2291 278 2304; x_wconf 95' lang='lat'>·</span> <span class='ocrx_word' id='word_1_158' title='bbox 293 2289 312 2304; x_wconf 91' lang='lat'>·</span> <span class='ocrx_word' id='word_1_159' title='bbox 325 2254 502 2336; x_wconf 87' lang='grc' dir='ltr'><em>πρόσκειται</em></span> <span class='ocrx_word' id='word_1_160' title='bbox 527 2253 557 2319; x_wconf 75' lang='grc' dir='ltr'><em>δέ</em></span> <span class='ocrx_word' id='word_1_161' title='bbox 582 2253 624 2335; x_wconf 80' lang='grc' dir='ltr'><em>τῷ</em></span> <span class='ocrx_word' id='word_1_162' title='bbox 649 2251 711 2318; x_wconf 90' lang='grc' dir='ltr'><em>νέον</em></span> <span class='ocrx_word' id='word_1_163' title='bbox 728 2251 762 2317; x_wconf 83' lang='grc' dir='ltr'><em>τό</em></span> <span class='ocrx_word' id='word_1_164' title='bbox 785 2251 1005 2332; x_wconf 82' lang='grc' dir='ltr'><em>όνερχόμενον,</em></span> <span class='ocrx_word' id='word_1_165' title='bbox 1024 2251 1086 2319; x_wconf 81' lang='grc' dir='ltr'><em>ίσον</em></span> <span class='ocrx_word' id='word_1_166' title='bbox 1105 2255 1147 2333; x_wconf 80' lang='grc' dir='ltr'><em>τῷ</em></span> <span class='ocrx_word' id='word_1_167' title='bbox 1168 2254 1411 2338; x_wconf 82' lang='grc' dir='ltr'><em>όνατρέχοντι.</em></span> 
     </span>
     <span class='ocr_line' id='line_1_19' title="bbox 218 2359 1411 2444; baseline 0.001 -16"><span class='ocrx_word' id='word_1_168' title='bbox 218 2362 257 2428; x_wconf 81' lang='grc' dir='ltr'><em>τὸ</em></span> <span class='ocrx_word' id='word_1_169' title='bbox 281 2363 344 2442; x_wconf 72' lang='grc' dir='ltr'><em>γὰρ</em></span> <span class='ocrx_word' id='word_1_170' title='bbox 368 2361 493 2442; x_wconf 79' lang='grc' dir='ltr'><em>ταχέως</em></span> <span class='ocrx_word' id='word_1_171' title='bbox 518 2361 560 2426; x_wconf 70' lang='lat' dir='ltr'><strong>itu</strong></span> <span class='ocrx_word' id='word_1_172' title='bbox 583 2359 700 2444; x_wconf 89' lang='grc' dir='ltr'><em>τρέχει.</em></span> <span class='ocrx_word' id='word_1_173' title='bbox 726 2375 795 2425; x_wconf 86' lang='grc' dir='ltr'><em>κτλ.</em></span> <span class='ocrx_word' id='word_1_174' title='bbox 821 2359 926 2426; x_wconf 89' lang='lat' dir='ltr'><strong>Immo</strong></span> <span class='ocrx_word' id='word_1_175' title='bbox 945 2379 1037 2428; x_wconf 79' lang='lat' dir='ltr'><strong>varo:</strong></span> <span class='ocrx_word' id='word_1_176' title='bbox 1055 2359 1090 2425; x_wconf 78' lang='grc' dir='ltr'><em>τὸ</em></span> <span class='ocrx_word' id='word_1_177' title='bbox 1109 2359 1329 2443; x_wconf 78' lang='grc' dir='ltr'><em>όνερχόμενον,</em></span> <span class='ocrx_word' id='word_1_178' title='bbox 1350 2362 1411 2430; x_wconf 85' lang='grc' dir='ltr'><em>ίσον</em></span> 
     </span>
     <span class='ocr_line' id='line_1_20' title="bbox 217 2463 1440 2551; baseline -0.002 -15"><span class='ocrx_word' id='word_1_179' title='bbox 217 2469 265 2550; x_wconf 78' lang='grc' dir='ltr'><em>τῷ</em></span> <span class='ocrx_word' id='word_1_180' title='bbox 287 2469 399 2551; x_wconf 71' lang='grc' dir='ltr'><em>ἀνατρέ</em></span> <span class='ocrx_word' id='word_1_181' title='bbox 407 2493 488 2550; x_wconf 92' lang='grc' dir='ltr'><em>χον.</em></span> <span class='ocrx_word' id='word_1_182' title='bbox 1433 2463 1440 2475; x_wconf 78' lang='grc'><strong>’</strong></span> 
     </span>
    </p>
   </div>
   <div class='ocr_carea' id='block_1_3' title="bbox 220 2681 1416 3726">
    <p class='ocr_par' dir='ltr' id='par_1_4' title="bbox 220 2681 1416 3726">
     <span class='ocr_line' id='line_1_21' title="bbox 269 2681 1412 2768; baseline 0.003 -20"><span class='ocrx_word' id='word_1_183' title='bbox 269 2683 294 2761; x_wconf 85' lang='grc' dir='ltr'><em>β</em></span> <span class='ocrx_word' id='word_1_184' title='bbox 302 2734 316 2760; x_wconf 85' lang='grc'><em>,,</em></span> <span class='ocrx_word' id='word_1_185' title='bbox 339 2681 414 2750; x_wconf 83' lang='grc'><em>127.</em></span> <span class='ocrx_word' id='word_1_186' title='bbox 439 2681 610 2749; x_wconf 85' lang='lat' dir='ltr'><strong>Profitciur</strong></span> <span class='ocrx_word' id='word_1_187' title='bbox 633 2683 808 2748; x_wconf 80' lang='lat' dir='ltr'><strong>Antinous:</strong></span> <span class='ocrx_word' id='word_1_188' title='bbox 832 2685 922 2761; x_wconf 70' lang='grc' dir='ltr'><em>ἡμεῖς</em></span> <span class='ocrx_word' id='word_1_189' title='bbox 946 2683 972 2750; x_wconf 74' lang='grc' dir='ltr'><em>δ’</em></span> <span class='ocrx_word' id='word_1_190' title='bbox 997 2683 1061 2750; x_wconf 81' lang='grc' dir='ltr'><em>οὔτ’</em></span> <span class='ocrx_word' id='word_1_191' title='bbox 1085 2683 1135 2750; x_wconf 77' lang='grc' dir='ltr'><em>ἐπί</em></span> <span class='ocrx_word' id='word_1_192' title='bbox 1157 2682 1236 2766; x_wconf 66' lang='grc' dir='ltr'><em>ἔργα</em></span> <span class='ocrx_word' id='word_1_193' title='bbox 1259 2682 1354 2768; x_wconf 82' lang='grc' dir='ltr'><em>τόρος</em></span> <span class='ocrx_word' id='word_1_194' title='bbox 1378 2681 1412 2767; x_wconf 73' lang='grc' dir='ltr'><em>γ’</em></span> 
     </span>
     <span class='ocr_line' id='line_1_22' title="bbox 222 2785 1415 2875; baseline 0.003 -19"><span class='ocrx_word' id='word_1_195' title='bbox 222 2788 294 2869; x_wconf 86' lang='grc' dir='ltr'><em>ίμεν</em></span> <span class='ocrx_word' id='word_1_196' title='bbox 316 2790 385 2856; x_wconf 89' lang='grc' dir='ltr'><em>οίίτε</em></span> <span class='ocrx_word' id='word_1_197' title='bbox 410 2815 452 2872; x_wconf 82' lang='grc' dir='ltr'><em>τη</em></span> <span class='ocrx_word' id='word_1_198' title='bbox 476 2789 578 2874; x_wconf 77' lang='grc' dir='ltr'><em>ἄλλη,</em></span> <span class='ocrx_word' id='word_1_199' title='bbox 601 2792 619 2866; x_wconf 95' lang='grc' dir='ltr'><em>ΙΙ</em></span> <span class='ocrx_word' id='word_1_200' title='bbox 638 2791 706 2870; x_wconf 90' lang='grc' dir='ltr'><em>τρίν</em></span> <span class='ocrx_word' id='word_1_201' title='bbox 729 2789 765 2868; x_wconf 74' lang='grc' dir='ltr'><em>γ’</em></span> <span class='ocrx_word' id='word_1_202' title='bbox 791 2792 888 2865; x_wconf 77' lang='grc' dir='ltr'><em>αὐτην</em></span> <span class='ocrx_word' id='word_1_203' title='bbox 911 2793 1075 2870; x_wconf 72' lang='grc' dir='ltr'><em>χημασόαι</em></span> <span class='ocrx_word' id='word_1_204' title='bbox 1098 2795 1239 2874; x_wconf 82' lang='grc' dir='ltr'><em>’λχαιῶν</em></span> <span class='ocrx_word' id='word_1_205' title='bbox 1262 2785 1283 2875; x_wconf 78' lang='grc' dir='ltr'><strong><em>ᾧ</em></strong></span> <span class='ocrx_word' id='word_1_206' title='bbox 1304 2795 1334 2859; x_wconf 81' lang='grc' dir='ltr'><em>κ’</em></span> <span class='ocrx_word' id='word_1_207' title='bbox 1355 2793 1415 2860; x_wconf 84' lang='grc' dir='ltr'><em>ε’όέ·</em></span> 
     </span>
     <span class='ocr_line' id='line_1_23' title="bbox 222 2896 1414 2985; baseline 0.004 -23"><span class='ocrx_word' id='word_1_208' title='bbox 222 2913 321 2980; x_wconf 82' lang='grc' dir='ltr'><em>λησιν.</em></span> <span class='ocrx_word' id='word_1_209' title='bbox 352 2897 497 2985; x_wconf 81' lang='lat' dir='ltr'><strong>Vulgata</strong></span> <span class='ocrx_word' id='word_1_210' title='bbox 526 2897 565 2962; x_wconf 84' lang='lat' dir='ltr'><em>ad</em></span> <span class='ocrx_word' id='word_1_211' title='bbox 589 2896 685 2962; x_wconf 86' lang='lat' dir='ltr'><strong>haec:</strong></span> <span class='ocrx_word' id='word_1_212' title='bbox 709 2903 799 2962; x_wconf 82' lang='grc' dir='ltr'><em>τοῦτο</em></span> <span class='ocrx_word' id='word_1_213' title='bbox 823 2897 896 2978; x_wconf 79' lang='grc' dir='ltr'><em>πρὸς</em></span> <span class='ocrx_word' id='word_1_214' title='bbox 920 2903 1017 2964; x_wconf 85' lang='grc' dir='ltr'><em>κακοῦ</em></span> <span class='ocrx_word' id='word_1_215' title='bbox 1040 2907 1103 2972; x_wconf 81' lang='grc' dir='ltr'><em>τοῖς</em></span> <span class='ocrx_word' id='word_1_216' title='bbox 1127 2907 1322 2981; x_wconf 72' lang='grc' dir='ltr'><em>μνηστῆρσιν.</em></span> <span class='ocrx_word' id='word_1_217' title='bbox 1348 2898 1414 2978; x_wconf 81' lang='grc' dir='ltr'><em>έξὸν</em></span> 
     </span>
     <span class='ocr_line' id='line_1_24' title="bbox 222 3000 1413 3086; baseline 0.003 -16"><span class='ocrx_word' id='word_1_218' title='bbox 222 3006 352 3080; x_wconf 77' lang='grc' dir='ltr'><em>συόῆναι</em></span> <span class='ocrx_word' id='word_1_219' title='bbox 386 3003 486 3078; x_wconf 75' lang='grc' dir='ltr'><em>ἄλλην</em></span> <span class='ocrx_word' id='word_1_220' title='bbox 514 3004 722 3083; x_wconf 83' lang='grc' dir='ltr'><em>τραπομένους</em></span> <span class='ocrx_word' id='word_1_221' title='bbox 747 3000 827 3082; x_wconf 72' lang='grc' dir='ltr'><em>ὅμως</em></span> <span class='ocrx_word' id='word_1_222' title='bbox 851 3004 957 3070; x_wconf 84' lang='grc' dir='ltr'><em>ποίνυ</em></span> <span class='ocrx_word' id='word_1_223' title='bbox 981 3006 1056 3082; x_wconf 77' lang='grc' dir='ltr'><em>όμσῦ</em></span> <span class='ocrx_word' id='word_1_224' title='bbox 1081 3007 1248 3086; x_wconf 83' lang='grc' dir='ltr'><em>εόρεόέντες</em></span> <span class='ocrx_word' id='word_1_225' title='bbox 1272 3024 1413 3074; x_wconf 86' lang='grc' dir='ltr'><em>τανυλε·</em></span> 
     </span>
     <span class='ocr_line' id='line_1_25' title="bbox 224 3109 1414 3201; baseline 0.005 -23"><span class='ocrx_word' id='word_1_226' title='bbox 224 3113 307 3192; x_wconf 81' lang='grc' dir='ltr'><em>όρίαν</em></span> <span class='ocrx_word' id='word_1_227' title='bbox 340 3110 461 3178; x_wconf 75' lang='grc' dir='ltr'><em>ἔπαθον.</em></span> <span class='ocrx_word' id='word_1_228' title='bbox 507 3109 622 3177; x_wconf 77' lang='lat' dir='ltr'><strong>Deleta</strong></span> <span class='ocrx_word' id='word_1_229' title='bbox 656 3111 733 3176; x_wconf 86' lang='lat' dir='ltr'><strong>haec</strong></span> <span class='ocrx_word' id='word_1_230' title='bbox 765 3110 837 3177; x_wconf 79' lang='lat' dir='ltr'><strong>vult</strong></span> <span class='ocrx_word' id='word_1_231' title='bbox 866 3111 1049 3178; x_wconf 85' lang='lat' dir='ltr'><strong>Dindorfius</strong></span> <span class='ocrx_word' id='word_1_232' title='bbox 1084 3113 1200 3196; x_wconf 86' lang='lat' dir='ltr'><strong>(Praei.</strong></span> <span class='ocrx_word' id='word_1_233' title='bbox 1232 3135 1265 3200; x_wconf 89' lang='lat' dir='ltr'><em>p.</em></span> <span class='ocrx_word' id='word_1_234' title='bbox 1298 3115 1414 3201; x_wconf 79' lang='lat' dir='ltr'><strong>nuru),</strong></span> 
     </span>
     <span class='ocr_line' id='line_1_26' title="bbox 222 3203 1416 3306; baseline 0.002 -21"><span class='ocrx_word' id='word_1_235' title='bbox 222 3224 261 3286; x_wconf 88' lang='lat' dir='ltr'><em>ut</em></span> <span class='ocrx_word' id='word_1_236' title='bbox 289 3240 327 3284; x_wconf 87' lang='lat' dir='ltr'><em>ex</em></span> <span class='ocrx_word' id='word_1_237' title='bbox 354 3219 523 3284; x_wconf 75' lang='lat' dir='ltr'><strong>Euststhio</strong></span> <span class='ocrx_word' id='word_1_238' title='bbox 547 3217 638 3283; x_wconf 85' lang='lat' dir='ltr'><strong>illats</strong></span> <span class='ocrx_word' id='word_1_239' title='bbox 661 3239 691 3304; x_wconf 88' lang='lat' dir='ltr'><em>p.</em></span> <span class='ocrx_word' id='word_1_240' title='bbox 720 3216 814 3296; x_wconf 82' lang='grc'><em>1436,</em></span> <span class='ocrx_word' id='word_1_241' title='bbox 842 3203 896 3284; x_wconf 88' lang='grc'><em>33.</em></span> <span class='ocrx_word' id='word_1_242' title='bbox 943 3219 1004 3284; x_wconf 83' lang='lat' dir='ltr'><em>Sed</em></span> <span class='ocrx_word' id='word_1_243' title='bbox 1026 3219 1110 3284; x_wconf 89' lang='lat' dir='ltr'><strong>nihil</strong></span> <span class='ocrx_word' id='word_1_244' title='bbox 1132 3220 1269 3306; x_wconf 84' lang='lat' dir='ltr'><strong>impedit</strong></span> <span class='ocrx_word' id='word_1_245' title='bbox 1291 3223 1416 3305; x_wconf 90' lang='lat' dir='ltr'><strong>quomi-</strong></span> 
     </span>
     <span class='ocr_line' id='line_1_27' title="bbox 222 3323 1413 3411; baseline 0.003 -20"><span class='ocrx_word' id='word_1_246' title='bbox 222 3347 285 3392; x_wconf 85' lang='lat' dir='ltr'><em>nus</em></span> <span class='ocrx_word' id='word_1_247' title='bbox 319 3326 557 3411; x_wconf 84' lang='lat' dir='ltr'><strong>Archicpiscopi</strong></span> <span class='ocrx_word' id='word_1_248' title='bbox 591 3323 767 3389; x_wconf 83' lang='lat' dir='ltr'><strong>doctissimi</strong></span> <span class='ocrx_word' id='word_1_249' title='bbox 802 3324 907 3391; x_wconf 79' lang='lat' dir='ltr'><strong>verbis</strong></span> <span class='ocrx_word' id='word_1_250' title='bbox 942 3346 1069 3390; x_wconf 82' lang='lat' dir='ltr'><strong>sensum</strong></span> <span class='ocrx_word' id='word_1_251' title='bbox 1103 3326 1284 3392; x_wconf 79' lang='lat' dir='ltr'><strong>reddamus.</strong></span> <span class='ocrx_word' id='word_1_252' title='bbox 1330 3327 1413 3394; x_wconf 82' lang='lat' dir='ltr'><em>Nam</em></span> 
     </span>
     <span class='ocr_line' id='line_1_28' title="bbox 222 3427 1413 3520; baseline 0 -22"><span class='ocrx_word' id='word_1_253' title='bbox 222 3432 301 3520; x_wconf 88' lang='lat' dir='ltr'><strong>quid</strong></span> <span class='ocrx_word' id='word_1_254' title='bbox 333 3437 380 3498; x_wconf 81' lang='lat' dir='ltr'><em>esi</em></span> <span class='ocrx_word' id='word_1_255' title='bbox 411 3427 491 3510; x_wconf 82' lang='grc' dir='ltr'><em>όμοις</em></span> <span class='ocrx_word' id='word_1_256' title='bbox 522 3428 628 3496; x_wconf 85' lang='grc' dir='ltr'><em>τοίνυ</em></span> <span class='ocrx_word' id='word_1_257' title='bbox 664 3430 761 3509; x_wconf 82' lang='grc' dir='ltr'><em>όμοῢ</em></span> <span class='ocrx_word' id='word_1_258' title='bbox 793 3429 978 3512; x_wconf 81' lang='grc' dir='ltr'><em>εὑρεόὲντεςί</em></span> <span class='ocrx_word' id='word_1_259' title='bbox 1013 3431 1074 3498; x_wconf 80' lang='lat' dir='ltr'><em>Sed</em></span> <span class='ocrx_word' id='word_1_260' title='bbox 1098 3430 1186 3498; x_wconf 92' lang='lat' dir='ltr'><strong>nullo</strong></span> <span class='ocrx_word' id='word_1_261' title='bbox 1209 3435 1338 3520; x_wconf 79' lang='lat' dir='ltr'><strong>negotio</strong></span> <span class='ocrx_word' id='word_1_262' title='bbox 1361 3437 1413 3498; x_wconf 87' lang='lat' dir='ltr'><em>in·</em></span> 
     </span>
     <span class='ocr_line' id='line_1_29' title="bbox 221 3535 1414 3626; baseline 0 -21"><span class='ocrx_word' id='word_1_263' title='bbox 221 3537 411 3626; x_wconf 83' lang='lat' dir='ltr'><strong>tellegctur:</strong></span> <span class='ocrx_word' id='word_1_264' title='bbox 444 3535 510 3614; x_wconf 76' lang='grc' dir='ltr'><em>ἐξὸν</em></span> <span class='ocrx_word' id='word_1_265' title='bbox 540 3540 669 3611; x_wconf 77' lang='grc' dir='ltr'><em>σωθῆναι</em></span> <span class='ocrx_word' id='word_1_266' title='bbox 701 3535 803 3612; x_wconf 76' lang='grc' dir='ltr'><em>ἄλλην</em></span> <span class='ocrx_word' id='word_1_267' title='bbox 825 3538 1032 3618; x_wconf 85' lang='grc' dir='ltr'><em>τρατομίνοος</em></span> <span class='ocrx_word' id='word_1_268' title='bbox 1056 3535 1136 3616; x_wconf 81' lang='grc' dir='ltr'><em>όμως</em></span> <span class='ocrx_word' id='word_1_269' title='bbox 1160 3539 1313 3614; x_wconf 83' lang='grc' dir='ltr'><em>τοίντες</em></span> <span class='ocrx_word' id='word_1_270' title='bbox 1338 3540 1414 3619; x_wconf 84' lang='grc' dir='ltr'><em>ίμοῦ</em></span> 
     </span>
     <span class='ocr_line' id='line_1_30' title="bbox 220 3643 767 3726; baseline -0.004 -14"><span class='ocrx_word' id='word_1_271' title='bbox 220 3645 390 3726; x_wconf 83' lang='grc' dir='ltr'><em>εὑρεόέντες</em></span> <span class='ocrx_word' id='word_1_272' title='bbox 413 3645 622 3726; x_wconf 79' lang='grc' dir='ltr'><em>πανοιλεόρίαν</em></span> <span class='ocrx_word' id='word_1_273' title='bbox 645 3643 767 3710; x_wconf 84' lang='grc' dir='ltr'><em>έπαόον.</em></span> 
     </span>
    </p>
   </div>
   <div class='ocr_carea' id='block_1_4' title="bbox 222 3855 1413 4262">
    <p class='ocr_par' dir='ltr' id='par_1_5' title="bbox 222 3855 1413 4262">
     <span class='ocr_line' id='line_1_31' title="bbox 267 3855 1413 3946; baseline 0.002 -23"><span class='ocrx_word' id='word_1_274' title='bbox 267 3857 310 3936; x_wconf 82' lang='grc' dir='ltr'><em>β,</em></span> <span class='ocrx_word' id='word_1_275' title='bbox 337 3855 412 3924; x_wconf 88' lang='grc'><em>133.</em></span> <span class='ocrx_word' id='word_1_276' title='bbox 436 3856 475 3922; x_wconf 83' lang='grc' dir='ltr'><em>Ιιι</em></span> <span class='ocrx_word' id='word_1_277' title='bbox 496 3855 641 3944; x_wconf 75' lang='lat' dir='ltr'><strong>‚longiore</strong></span> <span class='ocrx_word' id='word_1_278' title='bbox 664 3858 724 3924; x_wconf 87' lang='lat' dir='ltr'><em>hcc</em></span> <span class='ocrx_word' id='word_1_279' title='bbox 745 3855 888 3943; x_wconf 72' lang='lat' dir='ltr'><strong>acholio,</strong></span> <span class='ocrx_word' id='word_1_280' title='bbox 914 3894 957 3908; x_wconf 92' lang='lat'><em>--</em></span> <span class='ocrx_word' id='word_1_281' title='bbox 980 3878 1021 3924; x_wconf 84' lang='lat' dir='ltr'><em>un</em></span> <span class='ocrx_word' id='word_1_282' title='bbox 1040 3855 1232 3946; x_wconf 76' lang='lat' dir='ltr'><strong>Porphyrii?</strong></span> <span class='ocrx_word' id='word_1_283' title='bbox 1256 3895 1296 3910; x_wconf 87' lang='lat'>-</span> <span class='ocrx_word' id='word_1_284' title='bbox 1316 3860 1413 3926; x_wconf 83' lang='lat' dir='ltr'><strong>inter·</strong></span> 
     </span>
     <span class='ocr_line' id='line_1_32' title="bbox 222 3963 1410 4051; baseline 0.003 -22"><span class='ocrx_word' id='word_1_285' title='bbox 222 3965 354 4050; x_wconf 87' lang='lat' dir='ltr'><strong>punctio</strong></span> <span class='ocrx_word' id='word_1_286' title='bbox 384 3963 573 4050; x_wconf 82' lang='lat' dir='ltr'><strong>pravissima</strong></span> <span class='ocrx_word' id='word_1_287' title='bbox 604 3969 651 4028; x_wconf 84' lang='lat' dir='ltr'><em>est</em></span> <span class='ocrx_word' id='word_1_288' title='bbox 681 3964 819 4050; x_wconf 84' lang='lat' dir='ltr'><strong>adeoque</strong></span> <span class='ocrx_word' id='word_1_289' title='bbox 851 3971 957 4030; x_wconf 88' lang='lat' dir='ltr'><strong>totum</strong></span> <span class='ocrx_word' id='word_1_290' title='bbox 988 3965 1035 4030; x_wconf 85' lang='lat' dir='ltr'><em>ita</em></span> <span class='ocrx_word' id='word_1_291' title='bbox 1063 3965 1311 4051; x_wconf 86' lang='lat' dir='ltr'><strong>disponendum:</strong></span> <span class='ocrx_word' id='word_1_292' title='bbox 1336 3965 1410 4032; x_wconf 76' lang='grc' dir='ltr'><em>κατ’</em></span> 
     </span>
     <span class='ocr_line' id='line_1_33' title="bbox 223 4069 1410 4155; baseline 0.004 -20"><span class='ocrx_word' id='word_1_293' title='bbox 223 4070 289 4136; x_wconf 82' lang='grc' dir='ltr'><em>ένια</em></span> <span class='ocrx_word' id='word_1_294' title='bbox 320 4076 379 4137; x_wconf 80' lang='grc' dir='ltr'><em>τῶν</em></span> <span class='ocrx_word' id='word_1_295' title='bbox 411 4069 680 4148; x_wconf 58' lang='lat' dir='ltr'><em>durocortorum?</em></span> <span class='ocrx_word' id='word_1_296' title='bbox 705 4071 819 4137; x_wconf 80' lang='grc' dir='ltr'><em>τούτων</em></span> <span class='ocrx_word' id='word_1_297' title='bbox 842 4071 986 4150; x_wconf 76' lang='grc' dir='ltr'><em>έξιίγησις</em></span> <span class='ocrx_word' id='word_1_298' title='bbox 1011 4071 1198 4152; x_wconf 73' lang='grc' dir='ltr'><em>ἡμάρτηται.</em></span> <span class='ocrx_word' id='word_1_299' title='bbox 1223 4074 1304 4155; x_wconf 72' lang='grc' dir='ltr'><em>Φασὶ</em></span> <span class='ocrx_word' id='word_1_300' title='bbox 1331 4075 1410 4152; x_wconf 74' lang='grc' dir='ltr'><em>χείρ,</em></span> 
     </span>
     <span class='ocr_line' id='line_1_34' title="bbox 223 4175 1413 4262; baseline 0.004 -19"><span class='ocrx_word' id='word_1_301' title='bbox 223 4177 287 4252; x_wconf 84' lang='grc' dir='ltr'><em>έόσς</em></span> <span class='ocrx_word' id='word_1_302' title='bbox 317 4175 367 4256; x_wconf 67' lang='grc' dir='ltr'><em>ἦν,</em></span> <span class='ocrx_word' id='word_1_303' title='bbox 399 4177 428 4244; x_wconf 85' lang='grc' dir='ltr'><em>εί</em></span> <span class='ocrx_word' id='word_1_304' title='bbox 454 4199 501 4252; x_wconf 90' lang='grc' dir='ltr'><em>τις</em></span> <span class='ocrx_word' id='word_1_305' title='bbox 525 4177 597 4243; x_wconf 79' lang='grc' dir='ltr'><em>έκόνν</em></span> <span class='ocrx_word' id='word_1_306' title='bbox 621 4176 655 4256; x_wconf 74' lang='grc' dir='ltr'><em>ἐξ</em></span> <span class='ocrx_word' id='word_1_307' title='bbox 679 4177 757 4244; x_wconf 85' lang='grc' dir='ltr'><em>οίκου</em></span> <span class='ocrx_word' id='word_1_308' title='bbox 780 4187 916 4259; x_wconf 72' lang='grc' dir='ltr'><em>γυναῖκα</em></span> <span class='ocrx_word' id='word_1_309' title='bbox 942 4177 1131 4260; x_wconf 77' lang='grc' dir='ltr'><em>ότέίτεμψε,</em></span> <span class='ocrx_word' id='word_1_310' title='bbox 1155 4180 1312 4262; x_wconf 80' lang='grc' dir='ltr'><em>χρίματα</em></span> <span class='ocrx_word' id='word_1_311' title='bbox 1336 4183 1413 4248; x_wconf 77' lang='lat' dir='ltr'><strong>cirro-</strong></span> 
     </span>
    </p>
   </div>
   <div class='ocr_carea' id='block_1_5' title="bbox 226 4353 373 4366">
    <p class='ocr_par' dir='ltr' id='par_1_6' title="bbox 226 4353 373 4366">
     <span class='ocr_line' id='line_1_35' title="bbox 226 4353 373 4366; baseline -0.014 0"><span class='ocrx_word' id='word_1_312' title='bbox 226 4353 373 4366; x_wconf 49' lang='lat' dir='ltr'><em>un.-</em></span> 
     </span>
    </p>
   </div>
   <div class='ocr_carea' id='block_1_6' title="bbox 224 4439 1411 4590">
    <p class='ocr_par' dir='ltr' id='par_1_7' title="bbox 224 4439 1411 4590">
     <span class='ocr_line' id='line_1_36' title="bbox 259 4439 1411 4515; baseline 0.005 -25"><span class='ocrx_word' id='word_1_313' title='bbox 259 4442 284 4502; x_wconf 83' lang='lat' dir='ltr'><em>i)</em></span> <span class='ocrx_word' id='word_1_314' title='bbox 305 4440 405 4490; x_wconf 68' lang='grc' dir='ltr'><em>,Νεσοίο</em></span> <span class='ocrx_word' id='word_1_315' title='bbox 422 4440 484 4489; x_wconf 84' lang='lat' dir='ltr'><strong>unde</strong></span> <span class='ocrx_word' id='word_1_316' title='bbox 500 4439 547 4488; x_wconf 83' lang='lat' dir='ltr'><strong>truc</strong></span> <span class='ocrx_word' id='word_1_317' title='bbox 562 4439 632 4488; x_wconf 69' lang='lat' dir='ltr'><strong>ilitio</strong></span> <span class='ocrx_word' id='word_1_318' title='bbox 648 4439 696 4489; x_wconf 82' lang='lat' dir='ltr'><strong>sint</strong></span> <span class='ocrx_word' id='word_1_319' title='bbox 712 4439 759 4490; x_wconf 88' lang='lat' dir='ltr'><em>dcc</em></span> <span class='ocrx_word' id='word_1_320' title='bbox 773 4440 830 4490; x_wconf 74' lang='lat' dir='ltr'><strong>hacc</strong></span> <span class='ocrx_word' id='word_1_321' title='bbox 843 4440 914 4490; x_wconf 77' lang='lat' dir='ltr'><strong>verbs</strong></span> <span class='ocrx_word' id='word_1_322' title='bbox 928 4441 1027 4506; x_wconf 71' lang='lat' dir='ltr'><strong>poitim,</strong></span> <span class='ocrx_word' id='word_1_323' title='bbox 1043 4455 1104 4506; x_wconf 76' lang='lat' dir='ltr'><strong>quoa</strong></span> <span class='ocrx_word' id='word_1_324' title='bbox 1117 4441 1281 4495; x_wconf 80' lang='lat' dir='ltr'><strong>hcxrmctrcm</strong></span> <span class='ocrx_word' id='word_1_325' title='bbox 1289 4441 1411 4515; x_wconf 75' lang='lat' dir='ltr'><strong>inchoant,</strong></span> 
     </span>
     <span class='ocr_line' id='line_1_37' title="bbox 224 4521 955 4590; baseline 0.001 -17"><span class='ocrx_word' id='word_1_326' title='bbox 224 4537 373 4590; x_wconf 73' lang='lat' dir='ltr'><strong>quorumque</strong></span> <span class='ocrx_word' id='word_1_327' title='bbox 388 4522 455 4588; x_wconf 82' lang='lat' dir='ltr'><strong>prius</strong></span> <span class='ocrx_word' id='word_1_328' title='bbox 472 4521 553 4571; x_wconf 74' lang='lat' dir='ltr'><strong>lexicis</strong></span> <span class='ocrx_word' id='word_1_329' title='bbox 569 4522 641 4572; x_wconf 77' lang='lat' dir='ltr'><strong>ctiam</strong></span> <span class='ocrx_word' id='word_1_330' title='bbox 658 4523 767 4588; x_wconf 73' lang='lat' dir='ltr'><strong>ignotum</strong></span> <span class='ocrx_word' id='word_1_331' title='bbox 783 4522 842 4572; x_wconf 73' lang='lat' dir='ltr'><strong>ut.&#39;&#39;</strong></span> <span class='ocrx_word' id='word_1_332' title='bbox 861 4523 955 4574; x_wconf 86' lang='lat' dir='ltr'><strong>Botim.</strong></span> 
     </span>
    </p>
   </div>
   <div class='ocr_carea' id='block_1_7' title="bbox 0 0 1671 5138">
    <p class='ocr_par' dir='ltr' id='par_1_8' title="bbox 0 0 1671 5138">
     <span class='ocr_line' id='line_1_38' title="bbox 0 0 1671 5138; baseline 0 0"><span class='ocrx_word' id='word_1_333' title='bbox 0 0 1671 5138; x_wconf 95' lang='lat' dir='ltr'><em> </em></span> 
     </span>
    </p>
   </div>
  </div>
 </body>
</html>
