3278 5148
884 345 949 420 358

317 537 573 609 adnotationibus
608 545 684 628 qnin
720 539 855 629 Didymi
891 545 955 607 sint
990 565 1043 608 me
1073 543 1178 609 indice
1208 535 1350 608 dubitari
1381 543 1503 627 nequit.

319 650 527 716 Dubitantius
552 649 679 715 locutus
702 669 773 714 sum
799 649 838 714 dc
861 657 936 714 nota
958 671 996 715 ex
1021 647 1076 731 QV
1100 650 1139 716 ad
1162 672 1208 716 vs.
1223 649 1285 727 22,
1306 671 1388 736 quae
1408 653 1505 714 etiam

319 758 488 823 Aristonici
521 775 587 822 esse
620 762 724 841 potest
754 760 788 820 in
811 755 893 822 libro
916 755 982 836 πορθ
1008 757 1139 836 capetus
1164 757 1313 842 Ἰλιθθος,
1339 793 1382 806 -·
1407 777 1447 822 ns
1470 755 1508 820 de

319 867 388 930 eins
411 865 449 929 ad
470 861 645 950 Odysseam
664 862 806 950 reliquiis
826 883 921 950 agam
940 865 1178 948 incertioribus,
1201 901 1242 913 -
1265 862 1415 948 quatenu
1434 859 1507 942 169,

319 981 340 1038 Ξ
366 969 425 1046 31,
454 957 483 1035 *θ
509 969 593 1054 679,
621 977 655 1034 Ω
680 967 760 1055 282)
784 967 920 1034 Cratetis
943 973 1132 1036 sententiam
1157 969 1314 1035 afferentis
1336 980 1369 1034 et
1389 971 1508 1054 impro-

317 1077 431 1142 bantis.
479 1076 591 1143 Potest
615 1083 721 1142 tamen
746 1075 856 1141 eadem
877 1078 975 1142 ctiam
995 1073 1174 1163 Didymnm
1197 1075 1312 1141 habere
1325 1079 1506 1149 auctorem,

318 1186 373 1270 qui
402 1189 499 1260 certe,
528 1185 581 1248 ubi
607 1183 772 1249 admonuit
796 1183 921 1254 ἀέθλους
946 1179 1067 1249 Crateti
1091 1203 1157 1248 esse
1181 1183 1251 1254 τοὺς
1276 1181 1361 1248 sarci
1388 1179 1508 1256 Ἰθθκνν

317 1289 443 1368 πθνονς,
480 1293 628 1355 omittere
660 1309 721 1354 non
752 1291 856 1374 potuit
888 1309 925 1354 ex
957 1289 1099 1354 eiusdem
1125 1295 1194 1354 tam
1222 1286 1360 1355 Cratetis
1384 1295 1509 1354 senten·

319 1401 365 1463 tia
387 1417 515 1463 versum
537 1415 660 1480 qnoque
684 1391 726 1461 23
751 1415 817 1460 essa
830 1393 1053 1460 damnandum.
1081 1395 1144 1475 Qui
1165 1399 1251 1462 eninr
1274 1396 1400 1468 οὶέθνιονς
1413 1397 1510 1462 inter-

318 1504 502 1592 pretabatur
531 1501 601 1574 τοὺς
633 1502 718 1566 κοινοὶ
748 1501 868 1574 ’liciano
892 1500 1017 1577 πθνονς,
1046 1541 1086 1551 -
1112 1503 1285 1568 certamina
1310 1523 1383 1567 cum
1407 1481 1510 1590 piceis

318 1617 413 1697 puto,
445 1630 507 1695 qna
538 1629 599 1674 non
623 1614 671 1674 est
695 1608 757 1673 alia
780 1611 1000 1693 interpretatio
1024 1611 1196 1675 contortior
1219 1615 1250 1674 et
1274 1611 1314 1674 ab
1336 1608 1510 1675 Homerica

317 1719 543 1803 perspicuitate
574 1717 740 1798 remotior,
766 1752 807 1763 —
832 1715 918 1780 idem
942 1717 1004 1779 nisi
1027 1716 1120 1800 plana
1143 1715 1295 1782 dormivit
1317 1737 1378 1780 non
1403 1717 1509 1801 potuit

318 1826 452 1889 retinere
488 1822 672 1906 sequentia:
709 1821 865 1899 πολλούς,
901 1821 993 1894 τοὺς
1029 1823 1206 1896 Φιιθνκες
1242 1822 1508 1903 ἐπειρήσαντ’

319 1929 526 2003 Ὀδυσῆος.
574 1927 617 1992 At
649 1927 687 1994 de
718 1928 777 1992 hec
809 1925 947 1992 Cratetis
978 1928 1113 1994 athetasi
1136 1930 1170 1993 in
1194 1931 1310 1994 nostris
1334 1923 1391 1995 deo
1416 1930 1507 2004 vola.

317 2044 355 2102 ut
386 2039 494 2113 aiunt,
526 2055 583 2098 nec
613 2035 801 2120 vestigium.
849 2033 919 2099 Hoc
951 2055 1075 2120 quoqne
1106 2053 1162 2099 nos
1192 2035 1231 2100 ed
1255 2033 1434 2123 Didymum
1459 2058 1507 2100 re·

318 2145 441 2218 mittit,
467 2143 559 2207 cuins
584 2139 817 2205 observationes
840 2139 944 2204 multo
967 2143 1057 2226 peine
1080 2161 1177 2226 quam
1201 2140 1401 2208 Aristonicca
1425 2143 1507 2207 mui-

317 2250 402 2315 cavit
433 2252 641 2334 epitomat0r‚
666 2245 743 2311 adeo
767 2252 803 2311 nt
827 2265 936 2311 earnm
961 2247 1247 2332 componendarum
1271 2269 1308 2314 ac
1331 2249 1507 2315 diiudican-

315 2357 428 2421 darum
453 2356 635 2440 saepissime
658 2354 761 2418 omnia
784 2351 874 2418 labor
896 2353 938 2433 sit
961 2355 1080 2419 irritus.

361 2571 396 2653 θ,
420 2569 474 2633 24.
522 2567 571 2632 Ad
597 2565 696 2646 κθπθιρ
721 2567 789 2630 tect
813 2566 835 2646 ῥ’
856 2565 980 2645 ἤγερθεν
1004 2566 1167 2646 ὁμηγερέες
1188 2570 1218 2632 π’
1239 2568 1375 2646 ἐγένοντο
1393 2569 1505 2654 (Phae-

318 2676 402 2761 aces)
425 2673 469 2739 E:
496 2676 512 2750 θ
545 2673 637 2753 Φθμνι
668 2674 701 2736 ἐκ
735 2673 905 2754 φρονήσεως
941 2673 993 2737 cccci
1029 2674 1199 2752 οἰκονομίας
1233 2679 1286 2739 τοῦ
1322 2675 1503 2748 Ὀθνοοὲιις.

317 2781 382 2846 ἔστι
408 2780 440 2845 δὲ
464 2780 515 2845 xci
540 2785 594 2845 ποῦ
618 2781 771 2858 Ὀμήρου,
797 2777 845 2843 ioca
870 2783 1016 2862 γνωρισθῇ
1037 2781 1089 2845 acci
1110 2783 1151 2862 τῷ
1174 2783 1257 2862 κοινῷ
1277 2783 1344 2862 λινῷ
1363 2783 1376 2847 θ
1397 2783 1504 2849 'Oduc-

315 2888 405 2964 πεθς,
430 2888 539 2964 μήπως
561 2889 628 2951 κοιθ·
649 2887 711 2951 coco
733 2885 928 2966 κομιζόμενος
946 2886 1129 2966 παρ’πθτιῗιν
1151 2888 1312 2969 ἕμποιιχθή
1326 2911 1366 2954 πι.
1393 2889 1503 2956 Obiter
1605 2951 1606 2968 p

314 2995 436 3060 iamin
461 2992 639 3058 Observati.
665 2995 708 3078 (p.
731 2991 792 3070 36,
816 2991 872 3077 37)
891 2993 1091 3058 verissimam
1108 2991 1300 3058 Buttmanni
1316 2999 1502 3061 sententiam

315 3101 580 3176 commemoravi,
605 3100 738 3165 verbnm
764 3099 932 3174 cicerculae
956 3099 996 3164 ad
1019 3119 1151 3184 sequens
1173 3105 1227 3165 ποῦ
1251 3103 1388 3182 Ὀμήρου
1408 3109 1503 3169 retra·

315 3207 455 3272 handum
487 3227 553 3272 esse
585 3209 749 3271 consentis.
797 3205 858 3271 Sed
886 3227 969 3270 nnnc
992 3207 1074 3270 mihi
1097 3227 1159 3272 non
1183 3209 1260 3273 satis
1282 3209 1341 3274 huc
1365 3210 1499 3276 videtur.

313 3312 396 3377 Nam
432 3311 601 3397 adsumpta
636 3311 825 3377 Buttmanni
856 3313 1036 3377 coniectura
1066 3313 1285 3379 scribendum:
1317 3326 1364 3398 πή
1388 3317 1501 3398 φήμῃ

316 3419 350 3482 ἐκ
381 3421 551 3500 φρονήσεως
582 3423 636 3482 ποῦ
669 3417 848 3490 Ὀδυσσέως.
882 3417 946 3483 ἔστι
972 3417 1003 3483 δὲ
1028 3419 1080 3483 κιο)
1105 3427 1150 3493 rai
1160 3443 1174 3492 ς
1198 3422 1333 3500 Ὀμήρου
1358 3425 1499 3490 circuc-

314 3525 360 3603 μθ
367 3551 432 3602 οις,
456 3521 505 3590 icoc
529 3527 675 3608 γνωριοθή
700 3549 729 3590 κ.
755 3550 786 3589 π.
811 3525 894 3606 κοινῷ
918 3525 984 3606 λινῷ
1009 3523 1023 3587 θ
1047 3527 1226 3599 Ὀδυσσεύς.

355 3741 385 3817 θ,
412 3739 465 3804 31.
513 3736 665 3804 Alcinous
688 3739 728 3803 ad
751 3738 910 3802 Phaeaces
933 3755 1023 3802 suos:
1051 3739 1139 3812 ήμεῖς
1164 3737 1191 3801 θ’
1214 3739 1253 3802 cic
1273 3737 1308 3802 πθ
1328 3737 1426 3818 ποθρος
1445 3765 1497 3818 περ
1594 3765 1604 3841 'p

311 3846 540 3925 ἐποτρυνώμεθα
572 3846 708 3920 πομπήν.
756 3843 964 3908 observatur:
992 3841 1086 3919 θοξιθν
1110 3843 1139 3908 δὲ
1165 3845 1199 3908 πθ
1222 3845 1420 3911 &cccccccccc
1443 3851 1496 3920 τήν

309 3962 366 4018 τῶν
398 3949 542 4016 ccciccc
573 3949 767 4032 φιλοξενιόιν,
799 3949 846 4014 iux
878 3949 955 4025 μηδὲ
992 3954 1177 4014 τοιοῦτον
1213 3953 1348 4024 πέμπειν
1382 3956 1495 4019 θκνῶπι,

309 4065 398 4126 τοῦτο
434 4061 497 4139 γὰρ
534 4059 564 4122 ἐν
599 4061 639 4137 τῷ
677 4057 792 4136 ,,ποθρος
824 4055 897 4134 περ”
926 4056 1086 4130 ἐδήλωσεν.
1119 4055 1204 4144 (HQ)
1237 4057 1429 4125 Perversum
1452 4067 1497 4125 est

305 4173 454 4233 resource:
490 4186 529 4230 ne
563 4166 651 4228 θοθενι
686 4184 809 4250 qnoque
844 4164 950 4227 virum
983 4167 1111 4229 mittere
1141 4171 1322 4252 graventur.
1373 4165 1406 4233 Si
1439 4169 1495 4232 hoc

194 4329 198 4337 .
303 4273 408 4342 voluit
431 4277 609 4354 enarrator,
634 4269 851 4355 praecedentia
874 4289 935 4334 non
960 4277 1044 4335 recte
1067 4271 1260 4336 dictasunt.
1296 4271 1387 4338 Nihil
1407 4277 1492 4340 enim

302 4387 347 4448 sic
372 4403 450 4464 opus
473 4385 570 4454 esset,
595 4379 784 4442 memoriam
807 4378 924 4442 veteris
948 4373 1130 4442 Phaeacum
1153 4375 1382 4462 hospitalitatis
1409 4399 1498 4446 reno·

307 4511 390 4558 vare.
440 4491 481 4551 At
505 4485 630 4568 scripsit
653 4487 719 4548 sine
743 4485 856 4549 dubio:
882 4479 931 4544 θνιι
955 4485 1030 4558 unii
1056 4481 1353 4562 retroactorum
1378 4488 1491 4552 invoca.
