<?xml version="1.0" encoding="UTF-8"?>
<!DOCTYPE html PUBLIC "-//W3C//DTD XHTML 1.0 Transitional//EN"
    "http://www.w3.org/TR/xhtml1/DTD/xhtml1-transitional.dtd">
<html xmlns="http://www.w3.org/1999/xhtml" xml:lang="en" lang="en">
 <head>
  <title>
</title>
<meta http-equiv="Content-Type" content="text/html;charset=utf-8" />
  <meta name='ocr-system' content='tesseract 3.04.00' />
  <meta name='ocr-capabilities' content='ocr_page ocr_carea ocr_par ocr_line ocrx_word'/>
</head>
<body>
  <div class='ocr_page' id='page_1' title='image "./adodysseameiusq01polagoog_0019.png"; bbox 0 0 3232 5136; ppageno 0'>
   <div class='ocr_carea' id='block_1_1' title="bbox 867 343 887 414">
    <p class='ocr_par' dir='ltr' id='par_1_1' title="bbox 867 343 887 414">
     <span class='ocr_line' id='line_1_1' title="bbox 867 343 887 414; baseline 0 0"><span class='ocrx_word' id='word_1_1' title='bbox 867 343 887 414; x_wconf 77' lang='lat'>4</span> 
     </span>
    </p>
   </div>
   <div class='ocr_carea' id='block_1_2' title="bbox 178 530 1471 2332">
    <p class='ocr_par' dir='ltr' id='par_1_2' title="bbox 178 530 1471 2332">
     <span class='ocr_line' id='line_1_2' title="bbox 178 530 1469 629; baseline 0 -21"><span class='ocrx_word' id='word_1_2' title='bbox 178 530 203 584; x_wconf 57' lang='grc'><strong>·’</strong></span> <span class='ocrx_word' id='word_1_3' title='bbox 281 541 371 608; x_wconf 87' lang='lat' dir='ltr'><strong>nium</strong></span> <span class='ocrx_word' id='word_1_4' title='bbox 392 543 512 608; x_wconf 87' lang='lat' dir='ltr'><strong>vocatis</strong></span> <span class='ocrx_word' id='word_1_5' title='bbox 535 538 716 606; x_wconf 80' lang='lat' dir='ltr'><strong>Herodiano</strong></span> <span class='ocrx_word' id='word_1_6' title='bbox 740 561 773 603; x_wconf 82' lang='grc' dir='ltr'><strong>τ.</strong></span> <span class='ocrx_word' id='word_1_7' title='bbox 800 563 865 624; x_wconf 83' lang='grc' dir='ltr'><strong><em>μον.</em></strong></span> <span class='ocrx_word' id='word_1_8' title='bbox 892 535 957 614; x_wconf 60' lang='lat' dir='ltr'><strong>alf.</strong></span> <span class='ocrx_word' id='word_1_9' title='bbox 981 559 1013 624; x_wconf 53' lang='lat' dir='ltr'><strong>p,</strong></span> <span class='ocrx_word' id='word_1_10' title='bbox 1039 538 1092 618; x_wconf 82' lang='lat'><strong>43,</strong></span> <span class='ocrx_word' id='word_1_11' title='bbox 1120 537 1162 606; x_wconf 79' lang='lat'><strong>17</strong></span> <span class='ocrx_word' id='word_1_12' title='bbox 1183 541 1227 626; x_wconf 83' lang='lat' dir='ltr'><strong>(p.</strong></span> <span class='ocrx_word' id='word_1_13' title='bbox 1243 538 1309 606; x_wconf 76' lang='lat'><strong>150</strong></span> <span class='ocrx_word' id='word_1_14' title='bbox 1329 539 1469 629; x_wconf 67' lang='lat' dir='ltr'><strong>nsunp</strong></span> 
     </span>
     <span class='ocr_line' id='line_1_3' title="bbox 282 641 1468 734; baseline 0 -22"><span class='ocrx_word' id='word_1_15' title='bbox 282 647 365 728; x_wconf 77' lang='grc' dir='ltr'><strong><em>ειπερ</em></strong></span> <span class='ocrx_word' id='word_1_16' title='bbox 394 641 443 712; x_wconf 84' lang='grc' dir='ltr'><strong>οὖν</strong></span> <span class='ocrx_word' id='word_1_17' title='bbox 473 646 612 712; x_wconf 77' lang='grc' dir='ltr'><strong><em>Αἷολικέν</em></strong></span> <span class='ocrx_word' id='word_1_18' title='bbox 646 646 793 734; x_wconf 86' lang='lat' dir='ltr'><strong>(verbum</strong></span> <span class='ocrx_word' id='word_1_19' title='bbox 823 643 926 724; x_wconf 78' lang='grc' dir='ltr'><strong><em>ἔρρει),</em></strong></span> <span class='ocrx_word' id='word_1_20' title='bbox 952 644 1096 726; x_wconf 73' lang='grc' dir='ltr'><strong>ζητητέον</strong></span> <span class='ocrx_word' id='word_1_21' title='bbox 1120 647 1153 712; x_wconf 80' lang='grc' dir='ltr'><strong><em>τι</em></strong></span> <span class='ocrx_word' id='word_1_22' title='bbox 1177 649 1273 712; x_wconf 69' lang='grc' dir='ltr'><strong><em>αὐτοῦ</em></strong></span> <span class='ocrx_word' id='word_1_23' title='bbox 1298 641 1332 722; x_wconf 74' lang='grc' dir='ltr'><strong>ἦν</strong></span> <span class='ocrx_word' id='word_1_24' title='bbox 1356 647 1468 724; x_wconf 77' lang='grc' dir='ltr'><strong><em>ιιοινέν,</em></strong></span> 
     </span>
     <span class='ocr_line' id='line_1_4' title="bbox 281 749 1469 840; baseline 0.001 -19"><span class='ocrx_word' id='word_1_25' title='bbox 281 762 312 821; x_wconf 90' lang='lat' dir='ltr'><strong>et</strong></span> <span class='ocrx_word' id='word_1_26' title='bbox 347 753 484 820; x_wconf 82' lang='lat' dir='ltr'><strong>Scholiis</strong></span> <span class='ocrx_word' id='word_1_27' title='bbox 518 753 633 819; x_wconf 89' lang='lat' dir='ltr'><strong>nostris</strong></span> <span class='ocrx_word' id='word_1_28' title='bbox 663 777 691 837; x_wconf 84' lang='grc' dir='ltr'><strong><em>ι,</em></strong></span> <span class='ocrx_word' id='word_1_29' title='bbox 722 749 787 817; x_wconf 80' lang='grc'><strong>257</strong></span> <span class='ocrx_word' id='word_1_30' title='bbox 819 760 863 838; x_wconf 91' lang='lat' dir='ltr'><strong>(p.</strong></span> <span class='ocrx_word' id='word_1_31' title='bbox 897 751 973 836; x_wconf 83' lang='lat'>426,</span> <span class='ocrx_word' id='word_1_32' title='bbox 1006 750 1078 838; x_wconf 83' lang='lat'><strong>30),</strong></span> <span class='ocrx_word' id='word_1_33' title='bbox 1112 753 1151 819; x_wconf 87' lang='lat' dir='ltr'><strong>ds</strong></span> <span class='ocrx_word' id='word_1_34' title='bbox 1182 773 1245 840; x_wconf 83' lang='lat' dir='ltr'><strong>qua</strong></span> <span class='ocrx_word' id='word_1_35' title='bbox 1267 755 1469 822; x_wconf 72' lang='lat' dir='ltr'>adnotatione</span> 
     </span>
     <span class='ocr_line' id='line_1_5' title="bbox 280 858 1470 948; baseline 0.001 -21"><span class='ocrx_word' id='word_1_36' title='bbox 280 868 388 948; x_wconf 87' lang='lat' dir='ltr'><strong>postea</strong></span> <span class='ocrx_word' id='word_1_37' title='bbox 422 861 549 926; x_wconf 77' lang='lat' dir='ltr'>uberior</span> <span class='ocrx_word' id='word_1_38' title='bbox 583 861 643 926; x_wconf 86' lang='lat' dir='ltr'><strong>erit</strong></span> <span class='ocrx_word' id='word_1_39' title='bbox 676 858 859 946; x_wconf 88' lang='lat' dir='ltr'><strong>disputandi</strong></span> <span class='ocrx_word' id='word_1_40' title='bbox 893 858 992 926; x_wconf 84' lang='lat' dir='ltr'><strong>locus.</strong></span> <span class='ocrx_word' id='word_1_41' title='bbox 1041 859 1103 926; x_wconf 81' lang='lat' dir='ltr'><strong>Sed</strong></span> <span class='ocrx_word' id='word_1_42' title='bbox 1138 861 1215 928; x_wconf 87' lang='lat' dir='ltr'><strong>haec</strong></span> <span class='ocrx_word' id='word_1_43' title='bbox 1247 864 1356 929; x_wconf 87' lang='lat' dir='ltr'><strong>omnia</strong></span> <span class='ocrx_word' id='word_1_44' title='bbox 1385 883 1470 928; x_wconf 92' lang='lat' dir='ltr'><strong>nuno</strong></span> 
     </span>
     <span class='ocr_line' id='line_1_6' title="bbox 280 965 1470 1055; baseline -0.001 -20"><span class='ocrx_word' id='word_1_45' title='bbox 280 989 476 1055; x_wconf 86' lang='lat' dir='ltr'><strong>supervacua</strong></span> <span class='ocrx_word' id='word_1_46' title='bbox 506 971 598 1051; x_wconf 86' lang='lat' dir='ltr'><strong>sunt,</strong></span> <span class='ocrx_word' id='word_1_47' title='bbox 631 987 706 1032; x_wconf 89' lang='lat' dir='ltr'><strong>cum</strong></span> <span class='ocrx_word' id='word_1_48' title='bbox 736 965 844 1032; x_wconf 81' lang='lat' dir='ltr'>Codex</span> <span class='ocrx_word' id='word_1_49' title='bbox 866 973 977 1051; x_wconf 90' lang='lat' dir='ltr'><strong>sponte</strong></span> <span class='ocrx_word' id='word_1_50' title='bbox 999 989 1057 1034; x_wconf 84' lang='lat' dir='ltr'><strong>sua</strong></span> <span class='ocrx_word' id='word_1_51' title='bbox 1079 968 1162 1055; x_wconf 87' lang='lat' dir='ltr'><strong>quod</strong></span> <span class='ocrx_word' id='word_1_52' title='bbox 1185 989 1298 1035; x_wconf 89' lang='lat' dir='ltr'><strong>sanum</strong></span> <span class='ocrx_word' id='word_1_53' title='bbox 1317 975 1372 1038; x_wconf 88' lang='grc' dir='ltr'><strong><em>,ειι</em></strong></span> <span class='ocrx_word' id='word_1_54' title='bbox 1395 989 1470 1055; x_wconf 86' lang='lat' dir='ltr'><strong>snp-</strong></span> 
     </span>
     <span class='ocr_line' id='line_1_7' title="bbox 278 1073 1468 1162; baseline -0.002 -20"><span class='ocrx_word' id='word_1_55' title='bbox 278 1075 414 1161; x_wconf 82' lang='lat' dir='ltr'><strong>peditet‚</strong></span> <span class='ocrx_word' id='word_1_56' title='bbox 444 1079 476 1141; x_wconf 89' lang='lat' dir='ltr'><strong>et</strong></span> <span class='ocrx_word' id='word_1_57' title='bbox 496 1074 598 1140; x_wconf 64' lang='lat' dir='ltr'><strong>&#39;lactor</strong></span> <span class='ocrx_word' id='word_1_58' title='bbox 620 1084 658 1155; x_wconf 69' lang='grc' dir='ltr'><strong>τῇ</strong></span> <span class='ocrx_word' id='word_1_59' title='bbox 683 1076 905 1151; x_wconf 83' lang='grc' dir='ltr'><strong><em>ουνεμιιτιιοει.</em></strong></span> <span class='ocrx_word' id='word_1_60' title='bbox 952 1073 1002 1140; x_wconf 86' lang='lat' dir='ltr'><strong>Ite</strong></span> <span class='ocrx_word' id='word_1_61' title='bbox 1025 1095 1100 1142; x_wconf 84' lang='lat' dir='ltr'><strong>vero</strong></span> <span class='ocrx_word' id='word_1_62' title='bbox 1123 1076 1314 1160; x_wconf 76' lang='lat' dir='ltr'>profecimus</span> <span class='ocrx_word' id='word_1_63' title='bbox 1337 1075 1468 1162; x_wconf 88' lang='lat' dir='ltr'><strong>quidem</strong></span> 
     </span>
     <span class='ocr_line' id='line_1_8' title="bbox 280 1181 1469 1270; baseline -0.001 -21"><span class='ocrx_word' id='word_1_64' title='bbox 280 1182 417 1269; x_wconf 86' lang='lat' dir='ltr'><strong>aliquid,</strong></span> <span class='ocrx_word' id='word_1_65' title='bbox 458 1182 514 1247; x_wconf 89' lang='lat' dir='ltr'><strong>sed</strong></span> <span class='ocrx_word' id='word_1_66' title='bbox 554 1183 600 1246; x_wconf 90' lang='lat' dir='ltr'><strong>sio</strong></span> <span class='ocrx_word' id='word_1_67' title='bbox 641 1185 679 1246; x_wconf 89' lang='lat' dir='ltr'><strong>ut</strong></span> <span class='ocrx_word' id='word_1_68' title='bbox 712 1183 822 1246; x_wconf 86' lang='lat' dir='ltr'><strong>statim</strong></span> <span class='ocrx_word' id='word_1_69' title='bbox 856 1183 977 1247; x_wconf 85' lang='lat' dir='ltr'><strong>iterum</strong></span> <span class='ocrx_word' id='word_1_70' title='bbox 1009 1181 1206 1248; x_wconf 83' lang='lat' dir='ltr'><strong>haereamus.</strong></span> <span class='ocrx_word' id='word_1_71' title='bbox 1253 1182 1337 1249; x_wconf 86' lang='lat' dir='ltr'><strong>Nam</strong></span> <span class='ocrx_word' id='word_1_72' title='bbox 1371 1183 1469 1270; x_wconf 85' lang='lat' dir='ltr'><strong>quid,</strong></span> 
     </span>
     <span class='ocr_line' id='line_1_9' title="bbox 279 1285 1469 1376; baseline -0.003 -21"><span class='ocrx_word' id='word_1_73' title='bbox 279 1309 411 1376; x_wconf 74' lang='lat' dir='ltr'><strong>quacun,</strong></span> <span class='ocrx_word' id='word_1_74' title='bbox 440 1293 508 1355; x_wconf 84' lang='lat' dir='ltr'><strong>est:</strong></span> <span class='ocrx_word' id='word_1_75' title='bbox 539 1289 572 1352; x_wconf 80' lang='grc' dir='ltr'><strong>οὔ</strong></span> <span class='ocrx_word' id='word_1_76' title='bbox 601 1288 650 1352; x_wconf 78' lang='grc' dir='ltr'><strong><em>δεῖ</em></strong></span> <span class='ocrx_word' id='word_1_77' title='bbox 675 1285 777 1368; x_wconf 77' lang='grc' dir='ltr'><strong><em>ζητεῖν</em></strong></span> <span class='ocrx_word' id='word_1_78' title='bbox 808 1291 871 1353; x_wconf 79' lang='grc' dir='ltr'><strong><em>τῶι</em></strong></span> <span class='ocrx_word' id='word_1_79' title='bbox 900 1295 971 1360; x_wconf 80' lang='grc' dir='ltr'><strong><em>τοῖς</em></strong></span> <span class='ocrx_word' id='word_1_80' title='bbox 996 1287 1144 1362; x_wconf 64' lang='lat' dir='ltr'><strong>ficedulam</strong></span> <span class='ocrx_word' id='word_1_81' title='bbox 1168 1289 1305 1364; x_wconf 79' lang='grc' dir='ltr'><strong><em>ὃμιλέοιις</em></strong></span> <span class='ocrx_word' id='word_1_82' title='bbox 1328 1298 1446 1369; x_wconf 76' lang='grc' dir='ltr'><strong><em>χρῆτοιι</em></strong></span> <span class='ocrx_word' id='word_1_83' title='bbox 1460 1334 1469 1367; x_wconf 95' lang='grc'><strong><em>,</em></strong></span> 
     </span>
     <span class='ocr_line' id='line_1_10' title="bbox 278 1391 1467 1482; baseline -0.001 -20"><span class='ocrx_word' id='word_1_84' title='bbox 278 1395 362 1477; x_wconf 71' lang='lat' dir='ltr'><strong>eim</strong></span> <span class='ocrx_word' id='word_1_85' title='bbox 391 1393 446 1470; x_wconf 78' lang='grc' dir='ltr'><strong><em>ἕξοι</em></strong></span> <span class='ocrx_word' id='word_1_86' title='bbox 466 1393 621 1474; x_wconf 81' lang='grc' dir='ltr'><strong><em>τυγχοένει</em></strong></span> <span class='ocrx_word' id='word_1_87' title='bbox 641 1401 696 1468; x_wconf 75' lang='grc' dir='ltr'><strong>τῆς</strong></span> <span class='ocrx_word' id='word_1_88' title='bbox 715 1391 888 1470; x_wconf 75' lang='grc' dir='ltr'><strong><em>οἰκουμένης</em></strong></span> <span class='ocrx_word' id='word_1_89' title='bbox 914 1393 974 1459; x_wconf 78' lang='grc' dir='ltr'><strong><em>έτι</em></strong></span> <span class='ocrx_word' id='word_1_90' title='bbox 994 1395 1119 1476; x_wconf 78' lang='grc' dir='ltr'><strong><em>τούτῳ</em></strong></span> <span class='ocrx_word' id='word_1_91' title='bbox 1144 1397 1192 1476; x_wconf 80' lang='grc' dir='ltr'><strong>τῷ</strong></span> <span class='ocrx_word' id='word_1_92' title='bbox 1218 1395 1344 1475; x_wconf 78' lang='grc' dir='ltr'><strong><em>λόγῳ,</em></strong></span> <span class='ocrx_word' id='word_1_93' title='bbox 1359 1391 1467 1482; x_wconf 69' lang='lat' dir='ltr'><strong>&#39;quam</strong></span> 
     </span>
     <span class='ocr_line' id='line_1_11' title="bbox 279 1498 1469 1588; baseline 0 -20"><span class='ocrx_word' id='word_1_94' title='bbox 279 1511 386 1570; x_wconf 87' lang='lat' dir='ltr'><strong>tamen</strong></span> <span class='ocrx_word' id='word_1_95' title='bbox 411 1505 600 1588; x_wconf 77' lang='lat' dir='ltr'><strong>scripturam</strong></span> <span class='ocrx_word' id='word_1_96' title='bbox 625 1507 657 1564; x_wconf 88' lang='lat' dir='ltr'><strong>et</strong></span> <span class='ocrx_word' id='word_1_97' title='bbox 680 1500 887 1566; x_wconf 82' lang='lat' dir='ltr'><strong>Ludwichius</strong></span> <span class='ocrx_word' id='word_1_98' title='bbox 912 1498 1063 1566; x_wconf 78' lang='lat' dir='ltr'><strong>retinuit?</strong></span> <span class='ocrx_word' id='word_1_99' title='bbox 1088 1499 1209 1568; x_wconf 80' lang='lat' dir='ltr'>Suntne</span> <span class='ocrx_word' id='word_1_100' title='bbox 1228 1501 1306 1570; x_wconf 89' lang='lat' dir='ltr'><strong>haec</strong></span> <span class='ocrx_word' id='word_1_101' title='bbox 1324 1509 1469 1569; x_wconf 83' lang='lat' dir='ltr'><strong>extrema</strong></span> 
     </span>
     <span class='ocr_line' id='line_1_12' title="bbox 279 1605 1469 1691; baseline -0.003 -15"><span class='ocrx_word' id='word_1_102' title='bbox 279 1631 352 1676; x_wconf 88' lang='lat' dir='ltr'><strong>cum</strong></span> <span class='ocrx_word' id='word_1_103' title='bbox 377 1607 460 1687; x_wconf 74' lang='lat' dir='ltr'><strong>simp</strong></span> <span class='ocrx_word' id='word_1_104' title='bbox 484 1606 540 1682; x_wconf 76' lang='grc' dir='ltr'><strong>ἔξω</strong></span> <span class='ocrx_word' id='word_1_105' title='bbox 565 1605 719 1686; x_wconf 78' lang='grc' dir='ltr'><strong><em>τυγχοένει</em></strong></span> <span class='ocrx_word' id='word_1_106' title='bbox 745 1622 814 1671; x_wconf 81' lang='grc' dir='ltr'><strong><em>κτλ.</em></strong></span> <span class='ocrx_word' id='word_1_107' title='bbox 840 1627 879 1673; x_wconf 83' lang='lat' dir='ltr'><strong>an</strong></span> <span class='ocrx_word' id='word_1_108' title='bbox 904 1628 978 1672; x_wconf 86' lang='lat' dir='ltr'><strong>oum</strong></span> <span class='ocrx_word' id='word_1_109' title='bbox 1003 1613 1066 1680; x_wconf 82' lang='grc' dir='ltr'><strong>πῶς</strong></span> <span class='ocrx_word' id='word_1_110' title='bbox 1085 1609 1165 1673; x_wconf 71' lang='lat' dir='ltr'><strong>mi.</strong></span> <span class='ocrx_word' id='word_1_111' title='bbox 1194 1606 1330 1687; x_wconf 79' lang='grc' dir='ltr'><strong><em>ὃμοιέοιις</em></strong></span> <span class='ocrx_word' id='word_1_112' title='bbox 1350 1607 1469 1691; x_wconf 75' lang='grc' dir='ltr'><strong><em>χοῆτοοι</em></strong></span> 
     </span>
     <span class='ocr_line' id='line_1_13' title="bbox 279 1711 1468 1804; baseline 0 -22"><span class='ocrx_word' id='word_1_113' title='bbox 279 1711 517 1804; x_wconf 72' lang='lat' dir='ltr'><strong>coniungenda?</strong></span> <span class='ocrx_word' id='word_1_114' title='bbox 547 1713 664 1779; x_wconf 85' lang='lat' dir='ltr'><strong>Utrum</strong></span> <span class='ocrx_word' id='word_1_115' title='bbox 696 1713 860 1778; x_wconf 70' lang='lat' dir='ltr'><strong>obscurius</strong></span> <span class='ocrx_word' id='word_1_116' title='bbox 891 1717 951 1798; x_wconf 86' lang='lat' dir='ltr'><strong>sit,</strong></span> <span class='ocrx_word' id='word_1_117' title='bbox 975 1734 1069 1780; x_wconf 92' lang='lat' dir='ltr'><strong>nemo</strong></span> <span class='ocrx_word' id='word_1_118' title='bbox 1092 1715 1185 1782; x_wconf 83' lang='lat' dir='ltr'><strong>focile</strong></span> <span class='ocrx_word' id='word_1_119' title='bbox 1209 1716 1335 1782; x_wconf 82' lang='lat' dir='ltr'><strong>dixerit.</strong></span> <span class='ocrx_word' id='word_1_120' title='bbox 1383 1716 1468 1782; x_wconf 83' lang='lat' dir='ltr'><strong>Nam</strong></span> 
     </span>
     <span class='ocr_line' id='line_1_14' title="bbox 280 1819 1466 1908; baseline 0.002 -22"><span class='ocrx_word' id='word_1_121' title='bbox 280 1821 336 1901; x_wconf 72' lang='grc' dir='ltr'><strong>ἔξω</strong></span> <span class='ocrx_word' id='word_1_122' title='bbox 368 1819 541 1901; x_wconf 73' lang='grc' dir='ltr'><strong><em>τυγχάνειν</em></strong></span> <span class='ocrx_word' id='word_1_123' title='bbox 573 1828 628 1894; x_wconf 74' lang='grc' dir='ltr'><strong>τῆς</strong></span> <span class='ocrx_word' id='word_1_124' title='bbox 658 1820 831 1895; x_wconf 72' lang='grc' dir='ltr'><strong><em>οἰκουμένης</em></strong></span> <span class='ocrx_word' id='word_1_125' title='bbox 862 1820 929 1884; x_wconf 69' lang='lat' dir='ltr'><strong>tet</strong></span> <span class='ocrx_word' id='word_1_126' title='bbox 958 1842 1036 1885; x_wconf 91' lang='grc' dir='ltr'><strong><em>τινι</em></strong></span> <span class='ocrx_word' id='word_1_127' title='bbox 1061 1820 1165 1902; x_wconf 73' lang='grc' dir='ltr'><strong>λόγῳ</strong></span> <span class='ocrx_word' id='word_1_128' title='bbox 1190 1842 1313 1908; x_wconf 80' lang='lat' dir='ltr'><strong>semper</strong></span> <span class='ocrx_word' id='word_1_129' title='bbox 1335 1821 1466 1908; x_wconf 86' lang='lat' dir='ltr'><strong>quidem</strong></span> 
     </span>
     <span class='ocr_line' id='line_1_15' title="bbox 279 1925 1469 2002; baseline -0.001 -7"><span class='ocrx_word' id='word_1_130' title='bbox 279 1929 451 1996; x_wconf 83' lang='lat' dir='ltr'><strong>absurdum</strong></span> <span class='ocrx_word' id='word_1_131' title='bbox 481 1931 544 2002; x_wconf 88' lang='grc' dir='ltr'><strong><em>εει,</em></strong></span> <span class='ocrx_word' id='word_1_132' title='bbox 578 1946 639 1992; x_wconf 91' lang='lat' dir='ltr'><strong>nou</strong></span> <span class='ocrx_word' id='word_1_133' title='bbox 672 1928 780 1990; x_wconf 87' lang='lat' dir='ltr'><strong>minus</strong></span> <span class='ocrx_word' id='word_1_134' title='bbox 808 1931 917 1990; x_wconf 89' lang='lat' dir='ltr'><strong>autem</strong></span> <span class='ocrx_word' id='word_1_135' title='bbox 946 1925 1006 1992; x_wconf 91' lang='lat' dir='ltr'><strong>hoo</strong></span> <span class='ocrx_word' id='word_1_136' title='bbox 1035 1933 1141 1994; x_wconf 87' lang='lat' dir='ltr'><strong>nostro</strong></span> <span class='ocrx_word' id='word_1_137' title='bbox 1164 1927 1280 1994; x_wconf 83' lang='lat' dir='ltr'><strong>sultam</strong></span> <span class='ocrx_word' id='word_1_138' title='bbox 1302 1927 1373 1995; x_wconf 87' lang='lat' dir='ltr'><strong>loco</strong></span> <span class='ocrx_word' id='word_1_139' title='bbox 1397 1937 1469 2001; x_wconf 80' lang='grc' dir='ltr'><strong><em>τοῖο</em></strong></span> 
     </span>
     <span class='ocr_line' id='line_1_16' title="bbox 280 2032 1468 2122; baseline 0 -22"><span class='ocrx_word' id='word_1_140' title='bbox 280 2035 426 2105; x_wconf 76' lang='grc' dir='ltr'><strong><em>εἶυιυέοιις</em></strong></span> <span class='ocrx_word' id='word_1_141' title='bbox 451 2033 588 2110; x_wconf 73' lang='grc' dir='ltr'><strong>ὁμιλίαις</strong></span> <span class='ocrx_word' id='word_1_142' title='bbox 607 2033 739 2113; x_wconf 73' lang='grc' dir='ltr'><strong><em>χρῆσθαι</em></strong></span> <span class='ocrx_word' id='word_1_143' title='bbox 764 2032 827 2096; x_wconf 66' lang='lat' dir='ltr'><strong>tet</strong></span> <span class='ocrx_word' id='word_1_144' title='bbox 852 2033 978 2112; x_wconf 84' lang='grc' dir='ltr'><strong><em>τούτῳ</em></strong></span> <span class='ocrx_word' id='word_1_145' title='bbox 1002 2037 1051 2114; x_wconf 78' lang='grc' dir='ltr'><strong>τῷ</strong></span> <span class='ocrx_word' id='word_1_146' title='bbox 1075 2033 1201 2115; x_wconf 76' lang='grc' dir='ltr'><strong><em>λόγῳ,</em></strong></span> <span class='ocrx_word' id='word_1_147' title='bbox 1220 2037 1310 2120; x_wconf 83' lang='lat' dir='ltr'><strong>quasi</strong></span> <span class='ocrx_word' id='word_1_148' title='bbox 1329 2033 1468 2122; x_wconf 81' lang='lat' dir='ltr'><strong>Cyclops</strong></span> 
     </span>
     <span class='ocr_line' id='line_1_17' title="bbox 278 2137 1471 2230; baseline 0 -22"><span class='ocrx_word' id='word_1_149' title='bbox 278 2163 339 2209; x_wconf 93' lang='lat' dir='ltr'><strong>non</strong></span> <span class='ocrx_word' id='word_1_150' title='bbox 371 2161 496 2227; x_wconf 87' lang='lat' dir='ltr'><strong>semper</strong></span> <span class='ocrx_word' id='word_1_151' title='bbox 518 2145 550 2205; x_wconf 92' lang='lat' dir='ltr'><strong>et</strong></span> <span class='ocrx_word' id='word_1_152' title='bbox 573 2140 691 2225; x_wconf 91' lang='lat' dir='ltr'><strong>ubique</strong></span> <span class='ocrx_word' id='word_1_153' title='bbox 715 2139 798 2224; x_wconf 88' lang='lat' dir='ltr'><strong>apud</strong></span> <span class='ocrx_word' id='word_1_154' title='bbox 821 2137 1000 2205; x_wconf 87' lang='lat' dir='ltr'><strong>Homerum</strong></span> <span class='ocrx_word' id='word_1_155' title='bbox 1025 2139 1146 2207; x_wconf 85' lang='lat' dir='ltr'><strong>Graeca</strong></span> <span class='ocrx_word' id='word_1_156' title='bbox 1168 2141 1282 2230; x_wconf 81' lang='lat' dir='ltr'><strong>lingua</strong></span> <span class='ocrx_word' id='word_1_157' title='bbox 1304 2149 1398 2208; x_wconf 88' lang='lat' dir='ltr'><strong>utens</strong></span> <span class='ocrx_word' id='word_1_158' title='bbox 1420 2145 1471 2207; x_wconf 91' lang='lat' dir='ltr'><strong>in·</strong></span> 
     </span>
     <span class='ocr_line' id='line_1_18' title="bbox 280 2244 1468 2332; baseline 0 -18"><span class='ocrx_word' id='word_1_159' title='bbox 280 2250 424 2314; x_wconf 87' lang='lat' dir='ltr'><strong>ducatur.</strong></span> <span class='ocrx_word' id='word_1_160' title='bbox 473 2247 515 2312; x_wconf 79' lang='lat' dir='ltr'><strong>Et</strong></span> <span class='ocrx_word' id='word_1_161' title='bbox 549 2247 623 2332; x_wconf 90' lang='lat' dir='ltr'><strong>quid</strong></span> <span class='ocrx_word' id='word_1_162' title='bbox 661 2247 815 2312; x_wconf 85' lang='lat' dir='ltr'><strong>faciamus</strong></span> <span class='ocrx_word' id='word_1_163' title='bbox 848 2244 933 2310; x_wconf 87' lang='lat' dir='ltr'><strong>illis:</strong></span> <span class='ocrx_word' id='word_1_164' title='bbox 966 2248 1017 2311; x_wconf 75' lang='grc' dir='ltr'><strong>ιιι</strong></span> <span class='ocrx_word' id='word_1_165' title='bbox 1048 2249 1090 2312; x_wconf 78' lang='grc' dir='ltr'><strong><em>τοι</em></strong></span> <span class='ocrx_word' id='word_1_166' title='bbox 1123 2248 1190 2328; x_wconf 78' lang='grc' dir='ltr'><strong><em>περὶ</em></strong></span> <span class='ocrx_word' id='word_1_167' title='bbox 1222 2249 1293 2320; x_wconf 74' lang='grc' dir='ltr'><strong>τοὺς</strong></span> <span class='ocrx_word' id='word_1_168' title='bbox 1324 2251 1468 2321; x_wconf 74' lang='grc' dir='ltr'><strong><em>Φοίνικος</em></strong></span> 
     </span>
    </p>
   </div>
   <div class='ocr_carea' id='block_1_3' title="bbox 277 2351 1592 2538">
    <p class='ocr_par' dir='ltr' id='par_1_3' title="bbox 277 2351 1592 2538">
     <span class='ocr_line' id='line_1_19' title="bbox 280 2351 1592 2448; baseline -0.001 -27"><span class='ocrx_word' id='word_1_169' title='bbox 280 2351 549 2432; x_wconf 78' lang='grc' dir='ltr'><strong><em>οὶνοοκευοιοομεν,</em></strong></span> <span class='ocrx_word' id='word_1_170' title='bbox 574 2374 654 2439; x_wconf 87' lang='lat' dir='ltr'><strong>quae</strong></span> <span class='ocrx_word' id='word_1_171' title='bbox 677 2357 723 2418; x_wconf 88' lang='lat' dir='ltr'><strong>sic</strong></span> <span class='ocrx_word' id='word_1_172' title='bbox 746 2352 844 2436; x_wconf 90' lang='lat' dir='ltr'><strong>nude,</strong></span> <span class='ocrx_word' id='word_1_173' title='bbox 866 2351 954 2419; x_wconf 92' lang='lat' dir='ltr'><strong>nullo</strong></span> <span class='ocrx_word' id='word_1_174' title='bbox 973 2354 1101 2420; x_wconf 85' lang='lat' dir='ltr'><strong>vinculo</strong></span> <span class='ocrx_word' id='word_1_175' title='bbox 1119 2375 1193 2420; x_wconf 87' lang='lat' dir='ltr'><strong>oum</strong></span> <span class='ocrx_word' id='word_1_176' title='bbox 1206 2355 1467 2440; x_wconf 79' lang='lat' dir='ltr'><strong>praecedentibus</strong></span> <span class='ocrx_word' id='word_1_177' title='bbox 1591 2443 1592 2448; x_wconf 8' lang='grc' dir='ltr'>ἵ</span> 
     </span>
     <span class='ocr_line' id='line_1_20' title="bbox 277 2451 1592 2538; baseline -0.002 -9"><span class='ocrx_word' id='word_1_178' title='bbox 277 2483 434 2537; x_wconf 83' lang='lat' dir='ltr'><strong>connexa,</strong></span> <span class='ocrx_word' id='word_1_179' title='bbox 472 2481 607 2538; x_wconf 85' lang='lat' dir='ltr'><strong>„vacuos</strong></span> <span class='ocrx_word' id='word_1_180' title='bbox 639 2460 715 2526; x_wconf 87' lang='lat' dir='ltr'><strong>dant</strong></span> <span class='ocrx_word' id='word_1_181' title='bbox 748 2463 782 2525; x_wconf 91' lang='lat' dir='ltr'><strong>in</strong></span> <span class='ocrx_word' id='word_1_182' title='bbox 818 2465 888 2526; x_wconf 86' lang='lat' dir='ltr'><strong>a‘e&#39;re</strong></span> <span class='ocrx_word' id='word_1_183' title='bbox 918 2457 1059 2526; x_wconf 82' lang='lat' dir='ltr'><strong>saltus&#39;&#39;?</strong></span> <span class='ocrx_word' id='word_1_184' title='bbox 1091 2459 1153 2527; x_wconf 83' lang='lat' dir='ltr'><strong>Sed</strong></span> <span class='ocrx_word' id='word_1_185' title='bbox 1176 2464 1242 2526; x_wconf 90' lang='lat' dir='ltr'><strong>iam</strong></span> <span class='ocrx_word' id='word_1_186' title='bbox 1266 2463 1468 2529; x_wconf 88' lang='lat' dir='ltr'><strong>tenebrarum</strong></span> <span class='ocrx_word' id='word_1_187' title='bbox 1591 2451 1592 2478; x_wconf 71' lang='lat'>³</span> 
     </span>
    </p>
   </div>
   <div class='ocr_carea' id='block_1_4' title="bbox 204 2566 1470 3188">
    <p class='ocr_par' dir='ltr' id='par_1_4' title="bbox 204 2566 1470 3188">
     <span class='ocr_line' id='line_1_21' title="bbox 279 2566 1469 2653; baseline -0.001 -19"><span class='ocrx_word' id='word_1_188' title='bbox 279 2573 357 2636; x_wconf 84' lang='lat' dir='ltr'><strong>satis</strong></span> <span class='ocrx_word' id='word_1_189' title='bbox 381 2568 562 2634; x_wconf 87' lang='lat' dir='ltr'><strong>offudimus.</strong></span> <span class='ocrx_word' id='word_1_190' title='bbox 610 2566 695 2648; x_wconf 83' lang='lat' dir='ltr'><strong>Quas</strong></span> <span class='ocrx_word' id='word_1_191' title='bbox 718 2587 827 2634; x_wconf 91' lang='lat' dir='ltr'><strong>omnes</strong></span> <span class='ocrx_word' id='word_1_192' title='bbox 852 2566 1021 2653; x_wconf 86' lang='lat' dir='ltr'><strong>dispellent</strong></span> <span class='ocrx_word' id='word_1_193' title='bbox 1044 2570 1257 2653; x_wconf 88' lang='lat' dir='ltr'><strong>interpunctio</strong></span> <span class='ocrx_word' id='word_1_194' title='bbox 1277 2575 1417 2635; x_wconf 85' lang='lat' dir='ltr'><strong>correcta</strong></span> <span class='ocrx_word' id='word_1_195' title='bbox 1436 2574 1469 2634; x_wconf 89' lang='grc' dir='ltr'><strong>ει</strong></span> 
     </span>
     <span class='ocr_line' id='line_1_22' title="bbox 276 2673 1468 2763; baseline -0.001 -22"><span class='ocrx_word' id='word_1_196' title='bbox 276 2676 441 2741; x_wconf 87' lang='lat' dir='ltr'><strong>lenissima</strong></span> <span class='ocrx_word' id='word_1_197' title='bbox 461 2677 616 2748; x_wconf 86' lang='lat' dir='ltr'><strong>mutatio,</strong></span> <span class='ocrx_word' id='word_1_198' title='bbox 636 2674 704 2740; x_wconf 89' lang='lat' dir='ltr'><strong>sive</strong></span> <span class='ocrx_word' id='word_1_199' title='bbox 723 2677 829 2760; x_wconf 86' lang='lat' dir='ltr'><strong>potius</strong></span> <span class='ocrx_word' id='word_1_200' title='bbox 849 2673 948 2740; x_wconf 85' lang='lat' dir='ltr'><strong>nulle.</strong></span> <span class='ocrx_word' id='word_1_201' title='bbox 978 2673 1153 2763; x_wconf 80' lang='lat' dir='ltr'><strong>Legamus:</strong></span> <span class='ocrx_word' id='word_1_202' title='bbox 1175 2677 1214 2740; x_wconf 85' lang='grc' dir='ltr'><strong><em>οι</em></strong></span> <span class='ocrx_word' id='word_1_203' title='bbox 1234 2675 1298 2742; x_wconf 70' lang='grc' dir='ltr'><strong>δεῖ</strong></span> <span class='ocrx_word' id='word_1_204' title='bbox 1315 2676 1468 2758; x_wconf 78' lang='grc' dir='ltr'><strong><em>ζητεῖν,</em></strong></span> 
     </span>
     <span class='ocr_line' id='line_1_23' title="bbox 279 2779 1470 2864; baseline 0 -17"><span class='ocrx_word' id='word_1_205' title='bbox 279 2789 341 2856; x_wconf 79' lang='grc' dir='ltr'><strong>πῶς</strong></span> <span class='ocrx_word' id='word_1_206' title='bbox 359 2790 443 2852; x_wconf 81' lang='grc' dir='ltr'><strong><em>’τοῖς</em></strong></span> <span class='ocrx_word' id='word_1_207' title='bbox 476 2781 623 2851; x_wconf 70' lang='lat' dir='ltr'><strong>etatulam</strong></span> <span class='ocrx_word' id='word_1_208' title='bbox 658 2779 792 2857; x_wconf 80' lang='grc' dir='ltr'><strong><em>ιμιλέοοις</em></strong></span> <span class='ocrx_word' id='word_1_209' title='bbox 817 2789 953 2862; x_wconf 76' lang='grc' dir='ltr'><strong><em>χρῆτοοι,</em></strong></span> <span class='ocrx_word' id='word_1_210' title='bbox 979 2781 1064 2861; x_wconf 75' lang='grc' dir='ltr'><strong><em>εἴπερ</em></strong></span> <span class='ocrx_word' id='word_1_211' title='bbox 1088 2779 1144 2858; x_wconf 75' lang='grc' dir='ltr'><strong>ἔξω</strong></span> <span class='ocrx_word' id='word_1_212' title='bbox 1169 2779 1324 2864; x_wconf 78' lang='grc' dir='ltr'><strong><em>τὐγχοινει</em></strong></span> <span class='ocrx_word' id='word_1_213' title='bbox 1350 2792 1405 2857; x_wconf 73' lang='grc' dir='ltr'><strong>τῆς</strong></span> <span class='ocrx_word' id='word_1_214' title='bbox 1429 2784 1470 2848; x_wconf 82' lang='grc' dir='ltr'><strong><em>οι-</em></strong></span> 
     </span>
     <span class='ocr_line' id='line_1_24' title="bbox 204 2885 1465 2968; baseline -0.002 -13"><span class='ocrx_word' id='word_1_215' title='bbox 204 2941 209 2954; x_wconf 63' lang='grc'><strong><em>,</em></strong></span> <span class='ocrx_word' id='word_1_216' title='bbox 275 2888 440 2964; x_wconf 81' lang='grc' dir='ltr'><strong><em>κουμένης,</em></strong></span> <span class='ocrx_word' id='word_1_217' title='bbox 468 2895 563 2953; x_wconf 66' lang='lat' dir='ltr'>&amp;Hel</span> <span class='ocrx_word' id='word_1_218' title='bbox 587 2886 684 2966; x_wconf 81' lang='grc' dir='ltr'><strong><em>τούτῳ</em></strong></span> <span class='ocrx_word' id='word_1_219' title='bbox 709 2887 749 2967; x_wconf 77' lang='grc' dir='ltr'><strong>τῷ</strong></span> <span class='ocrx_word' id='word_1_220' title='bbox 774 2885 859 2968; x_wconf 77' lang='grc' dir='ltr'><strong><em>λόγῳ</em></strong></span> <span class='ocrx_word' id='word_1_221' title='bbox 885 2887 936 2950; x_wconf 73' lang='lat' dir='ltr'><strong>axi</strong></span> <span class='ocrx_word' id='word_1_222' title='bbox 962 2888 1005 2951; x_wconf 74' lang='lat' dir='ltr'><strong>rot</strong></span> <span class='ocrx_word' id='word_1_223' title='bbox 1029 2889 1096 2968; x_wconf 75' lang='grc' dir='ltr'><strong><em>περὶ</em></strong></span> <span class='ocrx_word' id='word_1_224' title='bbox 1121 2890 1190 2960; x_wconf 78' lang='grc' dir='ltr'><strong><em>τοὺς</em></strong></span> <span class='ocrx_word' id='word_1_225' title='bbox 1217 2889 1360 2962; x_wconf 79' lang='grc' dir='ltr'><strong><em>Φοιέοικοος</em></strong></span> <span class='ocrx_word' id='word_1_226' title='bbox 1386 2891 1465 2954; x_wconf 77' lang='grc' dir='ltr'><strong><em>οινο-</em></strong></span> 
     </span>
     <span class='ocr_line' id='line_1_25' title="bbox 278 2989 1469 3070; baseline -0.001 -9"><span class='ocrx_word' id='word_1_227' title='bbox 278 2996 478 3070; x_wconf 79' lang='grc' dir='ltr'><strong><em>οιιευοὶτομεν.</em></strong></span> <span class='ocrx_word' id='word_1_228' title='bbox 523 2994 601 3064; x_wconf 75' lang='grc' dir='ltr'><strong><em>εἰκὸς</em></strong></span> <span class='ocrx_word' id='word_1_229' title='bbox 635 2989 685 3058; x_wconf 82' lang='grc' dir='ltr'><strong>οὖν</strong></span> <span class='ocrx_word' id='word_1_230' title='bbox 720 2994 771 3058; x_wconf 75' lang='lat' dir='ltr'><strong>sat</strong></span> <span class='ocrx_word' id='word_1_231' title='bbox 810 2991 926 3064; x_wconf 80' lang='grc' dir='ltr'><strong><em>ἄλλους</em></strong></span> <span class='ocrx_word' id='word_1_232' title='bbox 961 2996 1191 3066; x_wconf 75' lang='grc' dir='ltr'><strong><em>τετιλοονῆοιοιι.</em></strong></span> <span class='ocrx_word' id='word_1_233' title='bbox 1239 2996 1277 3062; x_wconf 92' lang='lat' dir='ltr'><strong>Id</strong></span> <span class='ocrx_word' id='word_1_234' title='bbox 1309 3002 1373 3062; x_wconf 84' lang='lat' dir='ltr'><strong>est:</strong></span> <span class='ocrx_word' id='word_1_235' title='bbox 1406 3015 1469 3062; x_wconf 90' lang='lat' dir='ltr'><strong>non</strong></span> 
     </span>
     <span class='ocr_line' id='line_1_26' title="bbox 276 3097 1464 3188; baseline -0.003 -19"><span class='ocrx_word' id='word_1_236' title='bbox 276 3108 398 3188; x_wconf 85' lang='lat' dir='ltr'><strong>oportet</strong></span> <span class='ocrx_word' id='word_1_237' title='bbox 428 3102 554 3185; x_wconf 86' lang='lat' dir='ltr'><strong>quaeri,</strong></span> <span class='ocrx_word' id='word_1_238' title='bbox 587 3099 642 3184; x_wconf 91' lang='lat' dir='ltr'><strong>qui</strong></span> <span class='ocrx_word' id='word_1_239' title='bbox 671 3097 726 3162; x_wconf 86' lang='lat' dir='ltr'><strong>fiat</strong></span> <span class='ocrx_word' id='word_1_240' title='bbox 756 3106 792 3163; x_wconf 92' lang='lat' dir='ltr'><strong>ut</strong></span> <span class='ocrx_word' id='word_1_241' title='bbox 823 3097 978 3184; x_wconf 77' lang='lat' dir='ltr'><strong>Cyclops,</strong></span> <span class='ocrx_word' id='word_1_242' title='bbox 1010 3119 1084 3164; x_wconf 90' lang='lat' dir='ltr'><strong>cnm</strong></span> <span class='ocrx_word' id='word_1_243' title='bbox 1110 3105 1216 3166; x_wconf 90' lang='lat' dir='ltr'><strong>tamen</strong></span> <span class='ocrx_word' id='word_1_244' title='bbox 1241 3115 1330 3166; x_wconf 86' lang='lat' dir='ltr'><strong>extra</strong></span> <span class='ocrx_word' id='word_1_245' title='bbox 1353 3107 1464 3167; x_wconf 88' lang='lat' dir='ltr'><strong>notum</strong></span> 
     </span>
    </p>
   </div>
   <div class='ocr_carea' id='block_1_5' title="bbox 277 3202 1590 3293">
    <p class='ocr_par' dir='ltr' id='par_1_5' title="bbox 277 3202 1590 3293">
     <span class='ocr_line' id='line_1_27' title="bbox 277 3202 1590 3293; baseline 0 -19"><span class='ocrx_word' id='word_1_246' title='bbox 277 3215 431 3274; x_wconf 87' lang='lat' dir='ltr'><strong>terrarum</strong></span> <span class='ocrx_word' id='word_1_247' title='bbox 470 3207 578 3273; x_wconf 90' lang='lat' dir='ltr'><strong>orbem</strong></span> <span class='ocrx_word' id='word_1_248' title='bbox 619 3205 807 3281; x_wconf 86' lang='lat' dir='ltr'><strong>collocetur,</strong></span> <span class='ocrx_word' id='word_1_249' title='bbox 840 3205 1003 3271; x_wconf 89' lang='lat' dir='ltr'><strong>communi</strong></span> <span class='ocrx_word' id='word_1_250' title='bbox 1041 3202 1188 3293; x_wconf 85' lang='lat' dir='ltr'><strong>(Graeco)</strong></span> <span class='ocrx_word' id='word_1_251' title='bbox 1225 3228 1385 3282; x_wconf 82' lang='lat' dir='ltr'><strong>sermone,</strong></span> <span class='ocrx_word' id='word_1_252' title='bbox 1425 3247 1467 3256; x_wconf 89' lang='lat'>—</span> <span class='ocrx_word' id='word_1_253' title='bbox 1589 3259 1590 3290; x_wconf 71' lang='grc'><strong><em>,</em></strong></span> 
     </span>
    </p>
   </div>
   <div class='ocr_carea' id='block_1_6' title="bbox 273 3309 1588 4252">
    <p class='ocr_par' dir='ltr' id='par_1_6' title="bbox 273 3309 1588 4252">
     <span class='ocr_line' id='line_1_28' title="bbox 277 3309 1468 3398; baseline -0.003 -16"><span class='ocrx_word' id='word_1_254' title='bbox 277 3315 406 3389; x_wconf 71' lang='lat' dir='ltr'><strong>roridos</strong></span> <span class='ocrx_word' id='word_1_255' title='bbox 431 3317 519 3390; x_wconf 74' lang='grc' dir='ltr'><strong><em>ἡμῖν.</em></strong></span> <span class='ocrx_word' id='word_1_256' title='bbox 548 3317 584 3377; x_wconf 90' lang='lat' dir='ltr'><strong>ut</strong></span> <span class='ocrx_word' id='word_1_257' title='bbox 610 3310 789 3377; x_wconf 86' lang='lat' dir='ltr'><strong>Aristonico</strong></span> <span class='ocrx_word' id='word_1_258' title='bbox 813 3313 845 3375; x_wconf 88' lang='lat' dir='ltr'><strong>in</strong></span> <span class='ocrx_word' id='word_1_259' title='bbox 870 3309 1079 3388; x_wconf 69' lang='lat' dir='ltr'><strong>dedidicerat,</strong></span> <span class='ocrx_word' id='word_1_260' title='bbox 1102 3321 1139 3394; x_wconf 69' lang='grc' dir='ltr'><strong><em>τι</em></strong></span> <span class='ocrx_word' id='word_1_261' title='bbox 1161 3313 1468 3398; x_wconf 56' lang='lat' dir='ltr'><strong>stamparum,</strong></span> 
     </span>
     <span class='ocr_line' id='line_1_29' title="bbox 276 3414 1468 3506; baseline -0.002 -17"><span class='ocrx_word' id='word_1_262' title='bbox 276 3429 314 3489; x_wconf 92' lang='lat' dir='ltr'><strong>ut</strong></span> <span class='ocrx_word' id='word_1_263' title='bbox 343 3419 542 3486; x_wconf 85' lang='lat' dir='ltr'><strong>Herodianus</strong></span> <span class='ocrx_word' id='word_1_264' title='bbox 573 3418 657 3484; x_wconf 85' lang='lat' dir='ltr'><strong>dixit</strong></span> <span class='ocrx_word' id='word_1_265' title='bbox 682 3414 707 3498; x_wconf 61' lang='grc' dir='ltr'><strong><em>ἰ</em></strong></span> <span class='ocrx_word' id='word_1_266' title='bbox 736 3455 775 3466; x_wconf 90' lang='lat'><em>-</em></span> <span class='ocrx_word' id='word_1_267' title='bbox 802 3422 921 3483; x_wconf 89' lang='lat' dir='ltr'><strong>utatur.</strong></span> <span class='ocrx_word' id='word_1_268' title='bbox 969 3417 1040 3483; x_wconf 86' lang='lat' dir='ltr'><strong>Hac</strong></span> <span class='ocrx_word' id='word_1_269' title='bbox 1069 3421 1154 3484; x_wconf 92' lang='lat' dir='ltr'><strong>enim</strong></span> <span class='ocrx_word' id='word_1_270' title='bbox 1185 3423 1306 3486; x_wconf 88' lang='lat' dir='ltr'><strong>rationo</strong></span> <span class='ocrx_word' id='word_1_271' title='bbox 1330 3425 1362 3486; x_wconf 88' lang='lat' dir='ltr'><strong>et</strong></span> <span class='ocrx_word' id='word_1_272' title='bbox 1386 3442 1468 3506; x_wconf 85' lang='lat' dir='ltr'><strong>quae</strong></span> 
     </span>
     <span class='ocr_line' id='line_1_30' title="bbox 276 3524 1467 3615; baseline -0.001 -20"><span class='ocrx_word' id='word_1_273' title='bbox 276 3529 360 3615; x_wconf 89' lang='lat' dir='ltr'><strong>apud</strong></span> <span class='ocrx_word' id='word_1_274' title='bbox 383 3527 540 3591; x_wconf 88' lang='lat' dir='ltr'><strong>Phaeaces</strong></span> <span class='ocrx_word' id='word_1_275' title='bbox 564 3531 704 3615; x_wconf 83' lang='lat' dir='ltr'><strong>aguntur</strong></span> <span class='ocrx_word' id='word_1_276' title='bbox 727 3524 818 3590; x_wconf 85' lang='lat' dir='ltr'><strong>nobis</strong></span> <span class='ocrx_word' id='word_1_277' title='bbox 841 3524 1009 3590; x_wconf 84' lang='lat' dir='ltr'><strong>evertenda</strong></span> <span class='ocrx_word' id='word_1_278' title='bbox 1034 3527 1114 3612; x_wconf 83' lang='lat' dir='ltr'><strong>(sire</strong></span> <span class='ocrx_word' id='word_1_279' title='bbox 1134 3527 1340 3612; x_wconf 84' lang='lat' dir='ltr'><strong>repudianda)</strong></span> <span class='ocrx_word' id='word_1_280' title='bbox 1361 3534 1467 3594; x_wconf 86' lang='lat' dir='ltr'><strong>erunt.</strong></span> 
     </span>
     <span class='ocr_line' id='line_1_31' title="bbox 277 3629 1467 3721; baseline -0.002 -19"><span class='ocrx_word' id='word_1_281' title='bbox 277 3635 360 3702; x_wconf 80' lang='lat' dir='ltr'><strong>Fieri</strong></span> <span class='ocrx_word' id='word_1_282' title='bbox 392 3635 487 3698; x_wconf 89' lang='lat' dir='ltr'><strong>etiam</strong></span> <span class='ocrx_word' id='word_1_283' title='bbox 519 3638 620 3717; x_wconf 85' lang='lat' dir='ltr'><strong>potest</strong></span> <span class='ocrx_word' id='word_1_284' title='bbox 653 3637 689 3697; x_wconf 89' lang='lat' dir='ltr'><strong>ut</strong></span> <span class='ocrx_word' id='word_1_285' title='bbox 721 3631 775 3696; x_wconf 86' lang='lat' dir='ltr'><strong>alii</strong></span> <span class='ocrx_word' id='word_1_286' title='bbox 802 3629 928 3713; x_wconf 79' lang='lat' dir='ltr'><strong>(Graeci</strong></span> <span class='ocrx_word' id='word_1_287' title='bbox 953 3633 1043 3717; x_wconf 86' lang='lat' dir='ltr'><strong>puta)</strong></span> <span class='ocrx_word' id='word_1_288' title='bbox 1067 3637 1206 3698; x_wconf 90' lang='lat' dir='ltr'><strong>errentes</strong></span> <span class='ocrx_word' id='word_1_289' title='bbox 1229 3633 1268 3698; x_wconf 88' lang='lat' dir='ltr'><strong>ed</strong></span> <span class='ocrx_word' id='word_1_290' title='bbox 1294 3655 1367 3699; x_wconf 86' lang='lat' dir='ltr'><strong>eum</strong></span> <span class='ocrx_word' id='word_1_291' title='bbox 1393 3655 1467 3721; x_wconf 90' lang='lat' dir='ltr'><strong>per-</strong></span> 
     </span>
     <span class='ocr_line' id='line_1_32' title="bbox 277 3737 1470 3825; baseline 0 -16"><span class='ocrx_word' id='word_1_292' title='bbox 277 3739 453 3809; x_wconf 83' lang='lat' dir='ltr'><strong>venerint.”</strong></span> <span class='ocrx_word' id='word_1_293' title='bbox 501 3738 685 3804; x_wconf 82' lang='lat' dir='ltr'><strong>Locutionis</strong></span> <span class='ocrx_word' id='word_1_294' title='bbox 719 3737 816 3816; x_wconf 84' lang='grc' dir='ltr'><strong><em>τούτῳ</em></strong></span> <span class='ocrx_word' id='word_1_295' title='bbox 852 3739 894 3816; x_wconf 73' lang='grc' dir='ltr'><strong>τῷ</strong></span> <span class='ocrx_word' id='word_1_296' title='bbox 930 3737 1032 3821; x_wconf 74' lang='grc' dir='ltr'><strong><em>λόγῳ,</em></strong></span> <span class='ocrx_word' id='word_1_297' title='bbox 1068 3739 1152 3825; x_wconf 91' lang='lat' dir='ltr'><strong>apud</strong></span> <span class='ocrx_word' id='word_1_298' title='bbox 1187 3761 1297 3806; x_wconf 87' lang='lat' dir='ltr'><strong>omnes</strong></span> <span class='ocrx_word' id='word_1_299' title='bbox 1330 3739 1470 3810; x_wconf 84' lang='lat' dir='ltr'><strong>Graecos</strong></span> 
     </span>
     <span class='ocr_line' id='line_1_33' title="bbox 273 3842 1467 3935; baseline -0.001 -18"><span class='ocrx_word' id='word_1_300' title='bbox 273 3852 333 3917; x_wconf 89' lang='lat' dir='ltr'><strong>hac</strong></span> <span class='ocrx_word' id='word_1_301' title='bbox 361 3867 458 3935; x_wconf 89' lang='lat' dir='ltr'><strong>quam</strong></span> <span class='ocrx_word' id='word_1_302' title='bbox 481 3866 576 3930; x_wconf 89' lang='lat' dir='ltr'><strong>supra</strong></span> <span class='ocrx_word' id='word_1_303' title='bbox 597 3847 689 3929; x_wconf 88' lang='lat' dir='ltr'><strong>posui</strong></span> <span class='ocrx_word' id='word_1_304' title='bbox 712 3842 944 3933; x_wconf 81' lang='lat' dir='ltr'><strong>significatione</strong></span> <span class='ocrx_word' id='word_1_305' title='bbox 967 3844 1158 3929; x_wconf 84' lang='lat' dir='ltr'><strong>frequentis,</strong></span> <span class='ocrx_word' id='word_1_306' title='bbox 1184 3847 1268 3932; x_wconf 86' lang='lat' dir='ltr'><strong>apud</strong></span> <span class='ocrx_word' id='word_1_307' title='bbox 1294 3845 1467 3916; x_wconf 84' lang='lat' dir='ltr'><strong>Gramma·</strong></span> 
     </span>
     <span class='ocr_line' id='line_1_34' title="bbox 275 3949 1468 4039; baseline 0 -17"><span class='ocrx_word' id='word_1_308' title='bbox 275 3958 354 4022; x_wconf 90' lang='lat' dir='ltr'><strong>ticos</strong></span> <span class='ocrx_word' id='word_1_309' title='bbox 387 3973 460 4020; x_wconf 87' lang='lat' dir='ltr'><strong>vero</strong></span> <span class='ocrx_word' id='word_1_310' title='bbox 493 3951 779 4035; x_wconf 82' lang='lat' dir='ltr'><strong>frequentissimae,</strong></span> <span class='ocrx_word' id='word_1_311' title='bbox 814 3949 959 4036; x_wconf 84' lang='lat' dir='ltr'><strong>exempla</strong></span> <span class='ocrx_word' id='word_1_312' title='bbox 984 3953 1167 4036; x_wconf 89' lang='lat' dir='ltr'><strong>conquirere</strong></span> <span class='ocrx_word' id='word_1_313' title='bbox 1191 3954 1341 4039; x_wconf 87' lang='lat' dir='ltr'><strong>putidum</strong></span> <span class='ocrx_word' id='word_1_314' title='bbox 1366 3955 1468 4023; x_wconf 85' lang='lat' dir='ltr'><strong>ferme</strong></span> 
     </span>
     <span class='ocr_line' id='line_1_35' title="bbox 277 4057 1588 4156; baseline 0 -27"><span class='ocrx_word' id='word_1_315' title='bbox 277 4068 334 4130; x_wconf 86' lang='lat' dir='ltr'><strong>est.</strong></span> <span class='ocrx_word' id='word_1_316' title='bbox 381 4059 479 4156; x_wconf 80' lang='lat' dir='ltr'><strong>Dato¹</strong></span> <span class='ocrx_word' id='word_1_317' title='bbox 503 4059 566 4122; x_wconf 92' lang='lat' dir='ltr'><strong>duo</strong></span> <span class='ocrx_word' id='word_1_318' title='bbox 598 4079 636 4123; x_wconf 87' lang='lat' dir='ltr'><strong>cx</strong></span> <span class='ocrx_word' id='word_1_319' title='bbox 666 4061 790 4146; x_wconf 80' lang='lat' dir='ltr'><strong>ingenti</strong></span> <span class='ocrx_word' id='word_1_320' title='bbox 814 4061 913 4144; x_wconf 89' lang='lat' dir='ltr'><strong>copia.</strong></span> <span class='ocrx_word' id='word_1_321' title='bbox 962 4057 1108 4124; x_wconf 86' lang='lat' dir='ltr'><strong>Alterum</strong></span> <span class='ocrx_word' id='word_1_322' title='bbox 1134 4059 1308 4127; x_wconf 88' lang='lat' dir='ltr'><strong>Herodiani</strong></span> <span class='ocrx_word' id='word_1_323' title='bbox 1332 4061 1468 4145; x_wconf 84' lang='lat' dir='ltr'><strong>(Schotl.</strong></span> <span class='ocrx_word' id='word_1_324' title='bbox 1587 4135 1588 4138; x_wconf 9' lang='grc' dir='ltr'><strong><em>η</em></strong></span> 
     </span>
     <span class='ocr_line' id='line_1_36' title="bbox 278 4149 1588 4252; baseline -0.002 -17"><span class='ocrx_word' id='word_1_325' title='bbox 278 4169 327 4236; x_wconf 85' lang='grc' dir='ltr'><strong><em>ιιι.</em></strong></span> <span class='ocrx_word' id='word_1_326' title='bbox 361 4179 401 4234; x_wconf 76' lang='grc' dir='ltr'><strong>ψ.</strong></span> <span class='ocrx_word' id='word_1_327' title='bbox 434 4165 513 4252; x_wconf 76' lang='grc' dir='ltr'><strong><em>εει)</em></strong></span> <span class='ocrx_word' id='word_1_328' title='bbox 544 4163 584 4229; x_wconf 73' lang='grc' dir='ltr'><strong><em>οε</em></strong></span> <span class='ocrx_word' id='word_1_329' title='bbox 616 4163 690 4244; x_wconf 66' lang='grc' dir='ltr'><strong><em>ενοι</em></strong></span> <span class='ocrx_word' id='word_1_330' title='bbox 713 4164 799 4248; x_wconf 52' lang='grc' dir='ltr'><strong><em>ιιι,</em></strong></span> <span class='ocrx_word' id='word_1_331' title='bbox 819 4203 860 4214; x_wconf 84' lang='grc'>-</span> <span class='ocrx_word' id='word_1_332' title='bbox 876 4203 916 4214; x_wconf 87' lang='grc'><strong>-</strong></span> <span class='ocrx_word' id='word_1_333' title='bbox 942 4169 1033 4231; x_wconf 62' lang='grc' dir='ltr'><strong><em>οισι</em></strong></span> <span class='ocrx_word' id='word_1_334' title='bbox 1057 4171 1120 4249; x_wconf 63' lang='grc' dir='ltr'><strong>γε,</strong></span> <span class='ocrx_word' id='word_1_335' title='bbox 1145 4167 1249 4244; x_wconf 59' lang='lat' dir='ltr'><strong>rosano</strong></span> <span class='ocrx_word' id='word_1_336' title='bbox 1274 4167 1469 4248; x_wconf 67' lang='grc' dir='ltr'><strong><em>ειειιοειε</em></strong></span> <span class='ocrx_word' id='word_1_337' title='bbox 1587 4149 1588 4174; x_wconf 60' lang='lat'>¹</span> 
     </span>
    </p>
   </div>
   <div class='ocr_carea' id='block_1_7' title="bbox 278 4409 1470 4566">
    <p class='ocr_par' dir='ltr' id='par_1_7' title="bbox 278 4409 1470 4566">
     <span class='ocr_line' id='line_1_37' title="bbox 313 4409 1470 4486; baseline 0.003 -20"><span class='ocrx_word' id='word_1_338' title='bbox 313 4419 336 4478; x_wconf 93' lang='lat' dir='ltr'><strong>l)</strong></span> <span class='ocrx_word' id='word_1_339' title='bbox 356 4417 384 4466; x_wconf 83' lang='lat' dir='ltr'><strong>V.</strong></span> <span class='ocrx_word' id='word_1_340' title='bbox 401 4433 421 4466; x_wconf 90' lang='lat' dir='ltr'><strong>c.</strong></span> <span class='ocrx_word' id='word_1_341' title='bbox 445 4415 497 4478; x_wconf 72' lang='lat' dir='ltr'><strong>crept</strong></span> <span class='ocrx_word' id='word_1_342' title='bbox 516 4432 568 4476; x_wconf 86' lang='grc' dir='ltr'><strong><em>μον.</em></strong></span> <span class='ocrx_word' id='word_1_343' title='bbox 589 4409 641 4473; x_wconf 64' lang='lat' dir='ltr'><strong>adl·</strong></span> <span class='ocrx_word' id='word_1_344' title='bbox 660 4431 681 4480; x_wconf 90' lang='lat' dir='ltr'><strong>p.</strong></span> <span class='ocrx_word' id='word_1_345' title='bbox 701 4415 740 4474; x_wconf 71' lang='grc' dir='ltr'><strong><em>ιι,</em></strong></span> <span class='ocrx_word' id='word_1_346' title='bbox 761 4415 791 4464; x_wconf 84' lang='grc'><strong>10</strong></span> <span class='ocrx_word' id='word_1_347' title='bbox 812 4415 881 4464; x_wconf 84' lang='lat' dir='ltr'><strong>Diud.</strong></span> <span class='ocrx_word' id='word_1_348' title='bbox 899 4421 931 4482; x_wconf 85' lang='lat' dir='ltr'><strong>(p.</strong></span> <span class='ocrx_word' id='word_1_349' title='bbox 951 4417 981 4469; x_wconf 76' lang='lat' dir='ltr'><strong>at</strong></span> <span class='ocrx_word' id='word_1_350' title='bbox 1000 4415 1101 4482; x_wconf 63' lang='lat' dir='ltr'><strong>lehn).</strong></span> <span class='ocrx_word' id='word_1_351' title='bbox 1121 4433 1168 4482; x_wconf 86' lang='lat' dir='ltr'><strong>quo</strong></span> <span class='ocrx_word' id='word_1_352' title='bbox 1186 4419 1213 4466; x_wconf 88' lang='lat' dir='ltr'><strong>de</strong></span> <span class='ocrx_word' id='word_1_353' title='bbox 1231 4418 1282 4468; x_wconf 87' lang='lat' dir='ltr'><strong>icco</strong></span> <span class='ocrx_word' id='word_1_354' title='bbox 1300 4423 1380 4485; x_wconf 71' lang='lat' dir='ltr'><strong>postea</strong></span> <span class='ocrx_word' id='word_1_355' title='bbox 1398 4420 1470 4486; x_wconf 78' lang='lat' dir='ltr'><strong>plara</strong></span> 
     </span>
     <span class='ocr_line' id='line_1_38' title="bbox 278 4497 796 4566; baseline -0.008 -16"><span class='ocrx_word' id='word_1_356' title='bbox 278 4501 393 4558; x_wconf 84' lang='lat' dir='ltr'><strong>dicentur,</strong></span> <span class='ocrx_word' id='word_1_357' title='bbox 411 4503 435 4549; x_wconf 91' lang='lat' dir='ltr'><strong>et</strong></span> <span class='ocrx_word' id='word_1_358' title='bbox 452 4517 474 4566; x_wconf 92' lang='lat' dir='ltr'><strong>p.</strong></span> <span class='ocrx_word' id='word_1_359' title='bbox 493 4499 532 4558; x_wconf 75' lang='grc' dir='ltr'><strong><em>ιι,</em></strong></span> <span class='ocrx_word' id='word_1_360' title='bbox 550 4501 566 4547; x_wconf 81' lang='lat'><em>4</em></span> <span class='ocrx_word' id='word_1_361' title='bbox 586 4499 620 4564; x_wconf 89' lang='lat' dir='ltr'><strong>(p.</strong></span> <span class='ocrx_word' id='word_1_362' title='bbox 642 4497 689 4546; x_wconf 88' lang='lat'><strong>100</strong></span> <span class='ocrx_word' id='word_1_363' title='bbox 706 4498 796 4559; x_wconf 83' lang='grc' dir='ltr'><strong><em>Ιιιιιιι).</em></strong></span> 
     </span>
    </p>
   </div>
   <div class='ocr_carea' id='block_1_8' title="bbox 0 0 1620 5136">
    <p class='ocr_par' dir='ltr' id='par_1_8' title="bbox 0 0 1620 5136">
     <span class='ocr_line' id='line_1_39' title="bbox 0 0 1620 5136; baseline 0 0"><span class='ocrx_word' id='word_1_364' title='bbox 0 0 1620 5136; x_wconf 95' lang='lat' dir='ltr'><strong> </strong></span> 
     </span>
    </p>
   </div>
  </div>
 </body>
</html>
