3220 5144
905 281 970 348 510

383 463 421 548 σ,
447 470 502 537 27.
548 472 599 538 Ad
622 472 692 554 γρηὶ
717 467 920 549 scaturiisse
943 470 1049 553 BHQ:
1071 472 1532 555 νιαμινευτρίρι,σαριιοτλησι’νς
1582 481 1589 512 t

338 579 423 643 κατοι
455 578 490 642 τὸ
521 574 600 651 εἶδος
632 579 685 644 καὶ
718 581 773 656 την
809 579 932 654 ἐσθῆτα.
981 578 1209 648 Scribendum:
1237 579 1444 661 ιιαμινεντρίιρ
1469 603 1534 642 πα

339 687 561 764 ραπλησιος
587 685 671 752 κατὰ
695 685 730 750 τδ
754 680 831 758 εἶδος
859 687 910 750 καὶ
936 688 991 757 τὴν
1015 686 1140 758 ἐσθῆτα.
1187 683 1337 751 Glossem
1361 686 1535 772 superbos

251 781 258 798 ’
338 791 493 858 vocabulo
516 789 792 878 corruptissimam
816 793 901 878 apud
925 791 1127 878 Apollonium
1153 789 1467 876 Sophistamsatins
1491 799 1536 856 est

338 919 411 963 eum
435 897 580 964 Bekkero
603 920 665 965 non
691 906 839 986 tangere,
865 919 960 984 quum
984 919 1058 964 oum
1082 897 1261 964 Vilioisono
1283 919 1400 984 perum
1426 899 1535 983 probs·

339 1003 398 1068 bili
433 1004 613 1070 coniectura
642 1026 765 1073 vexere.
812 1003 965 1091 Sequitur
992 1008 1026 1070 in
1050 1003 1100 1070 H:
1125 1004 1155 1070 ἐν
1179 1013 1308 1077 πολλοῖς
1334 1005 1429 1084 „ypsi
1454 1005 1535 1089 (cod.

330 1114 440 1194 Ιρρηνῖ)
466 1111 619 1188 καμινῶ.”
666 1111 719 1178 Sic
743 1112 860 1178 diserte
882 1113 978 1178 scribi
1001 1114 1034 1177 in
1059 1112 1167 1180 codiee
1189 1113 1317 1178 monuit
1339 1111 1535 1178 Dindorfins.

299 1205 301 1211 ’
339 1218 382 1282 At
415 1217 492 1303 quid
523 1218 583 1283 hoe
614 1219 734 1286 formes
766 1215 870 1284 esset?
902 1215 1119 1285 Correxerim:
1149 1221 1179 1283 ἐν
1203 1228 1330 1291 πολλοῖς
1358 1220 1450 1302 ,γρηὶ
1477 1245 1535 1282 νο-

338 1315 470 1406 μινῷ.”
517 1325 641 1411 Nempe
676 1329 709 1391 in
744 1347 821 1393 voce
851 1324 950 1391 semei
974 1326 1058 1412 opud
1081 1324 1260 1392 Homerum
1284 1326 1368 1392 lecta
1391 1330 1536 1412 qusestio

338 1437 387 1496 est
419 1431 677 1499 denominativi
708 1432 820 1498 iorms.
867 1429 903 1497 Si
933 1435 1049 1497 statuis
1081 1434 1097 1508 οἱ
1131 1435 1267 1510 καμινώ,
1296 1469 1337 1481 -
1363 1439 1400 1497 ut
1425 1431 1535 1518 procui

338 1537 434 1602 dubio
466 1543 646 1604 statuerunt
669 1539 784 1625 optimi
809 1543 930 1606 veteres
953 1539 1174 1625 grammatici,
1204 1577 1242 1588 -
1269 1538 1400 1606 dativus
1425 1547 1477 1605 est
1500 1551 1535 1617 n}

338 1650 478 1727 καμινοῖ,
502 1647 530 1708 si
554 1647 570 1718 i
597 1645 742 1730 καμινός,
768 1650 817 1712 est
840 1654 878 1727 τῇ
904 1647 1034 1725 καμινῷ.

384 1879 418 1928 σ,
444 1854 497 1922 76.
551 1855 640 1923 irum
671 1843 844 1942 procorum
870 1857 1029 1938 δρηστῆρες
1062 1853 1140 1935 ἄγον
1171 1857 1326 1938 ζώσαντες
1358 1857 1489 1938 ἀνάγκη
1512 1865 1527 1938 {ff

340 1961 482 2028 δειδιότα.
529 1961 712 2030 Adnotstnr
742 1966 776 2028 in
808 1962 852 2043 Q:
889 1963 1008 2036 ἁπλῶς.
1041 1964 1074 2028 οὐ
1105 1964 1168 2043 yda
1198 1963 1248 2028 ἐπὶ
1274 1970 1334 2028 τῶν
1366 1968 1535 2044 μαγείρων.

341 2067 439 2154 „siros
475 2070 563 2146 δῶμα
600 2072 684 2136 κοιτα
717 2073 878 2152 δρηστῆρες
911 2069 1026 2136 tarro?
1074 2069 1216 2156 Utroque
1247 2069 1413 2158 Odysseae
1447 2072 1534 2144 loeo¹

338 2199 432 2264 quem
466 2184 573 2243 tamen
605 2175 786 2244 Dindorfius
817 2177 1025 2262 indicavisse
1050 2175 1128 2262 349,
1152 2201 1171 2240 τ
1196 2176 1296 2262 345),
1321 2199 1384 2244 non
1408 2179 1473 2244 hos
1497 2179 1537 2242 ls-

298 2359 308 2381 ι
337 2287 445 2372 gitur,
478 2283 551 2349 sed:
584 2281 630 2348 ai
656 2285 689 2348 oi
721 2289 753 2350 et
786 2280 908 2349 αῗτοι
934 2284 960 2348 δ.
983 2309 1011 2349 ιι.
1033 2279 1275 2363 δρήστειραι
1298 2281 1396 2348 ἔασιν.
1448 2284 1533 2350 Hine

338 2397 451 2456 natum
482 2385 570 2455 οὗτοι.
621 2391 731 2456 Fuisse
762 2393 845 2456 inter
875 2395 1012 2474 veteres,
1044 2393 1099 2476 qui
1123 2390 1200 2456 locis
1224 2389 1328 2475 qualis
1356 2395 1468 2456 noster
1493 2406 1536 2455 est

337 2498 388 2562 τὸν
414 2497 564 2576 δρηστηρα
588 2517 645 2582 per
667 2496 816 2577 astysmos
839 2496 1021 2574 redderent,
1048 2503 1136 2581 patet
1159 2499 1258 2564 etism
1283 2519 1322 2562 ex
1348 2495 1535 2584 Hesychio‚

337 2607 410 2689 qui:
444 2611 646 2684 Arauricus·
679 2606 749 2676 τοὺς
781 2605 958 2682 ὀψοποιούς,
991 2605 1181 2682 μαγείρους,
1213 2624 1352 2688 quocum
1376 2608 1535 2669 consentit

336 2709 449 2796 Etym.
484 2709 531 2774 Μ.
565 2709 717 2798 glossula.
765 2709 901 2776 Uberior
933 2708 1030 2793 poulo
1065 2710 1105 2773 ad
1140 2713 1283 2774 nostrum
1321 2731 1456 2776 versum
1493 2725 1536 2774 est

337 2815 546 2881 Harleisnus:
579 2819 759 2896 δρηστῆρες·
792 2818 825 2880 οὐ
858 2814 974 2887 στάντες
1000 2816 1117 2899 δοῦλοι,
1142 2816 1216 2882 ἀλλ’
1237 2815 1307 2887 isse
1332 2817 1535 2894 θεράποντες,

338 2921 352 2988 δ
378 2923 430 2986 και
454 2921 587 2999 ἄμεινον.
629 2922 752 3003 Quibus
776 2924 809 2986 in
833 2923 938 2987 verbis
960 2943 1062 3007 neque
1087 2921 1202 2990 ratores
1227 2941 1329 3008 neque
1354 2921 1535 2994 incorrecte

337 3029 442 3094 hebet.
489 3028 597 3095 Immo
620 3050 678 3094 nec
698 3033 805 3094 nostro
828 3028 897 3095 loeo
920 3049 977 3094 nee
1002 3053 1026 3092 τ
1048 3028 1126 3114 248,
1152 3030 1208 3095 ubi
1228 3029 1341 3095 itidem
1363 3049 1533 3114 procorum

339 3133 499 3215 tumissa
532 3140 844 3208 commemorentur,
868 3157 966 3200 servos
988 3154 1041 3201 eos
1066 3135 1163 3200 fuisse
1186 3137 1350 3214 innuitur,
1373 3140 1453 3221 quin
1480 3145 1534 3202 τοῖν

334 3241 522 3323 θεραπόντων
547 3243 809 3308 commemoratio
834 3248 866 3306 et
890 3245 1084 3328 comparatio
1109 3247 1303 3308 contrarium
1327 3245 1463 3310 suadere
1489 3248 1532 3309 ri·

334 3351 436 3416 detur.
484 3349 532 3415 De
556 3349 606 3414 his
629 3353 715 3414 enim
740 3351 952 3426 Aristonicus,
979 3355 1016 3414 ut
1039 3357 1181 3425 constat,
1208 3351 1247 3416 de
1266 3351 1444 3417 Aristarchi
1465 3375 1531 3416 sen-

334 3459 435 3523 tentia
454 3457 571 3522 diserte
590 3451 757 3522 adnotavit
780 3459 805 3539 (o
827 3455 881 3527 95.
898 3455 972 3535 96):
994 3458 1047 3521 οὐκ
1067 3457 1239 3534 αναγκαῖον
1260 3457 1389 3523 ἀθετεῖν.
1412 3461 1445 3523 οὑ
1468 3463 1529 3535 γὰρ

334 3564 432 3628 δοῦλοι
459 3561 483 3642 ¹)
513 3563 538 3627 oi
570 3562 750 3643 θεράποντες
774 3559 853 3626 ὥστε
877 3564 906 3626 ἐν
931 3564 1073 3642 τῇαύτῇ
1099 3564 1178 3644 οἱιιίρν
1202 3563 1302 3626 οἰκεῖν.
1351 3561 1527 3629 Consimile

333 3668 409 3753 quid
435 3675 542 3734 nostro
562 3668 682 3734 scholio
702 3669 823 3732 dictum
846 3669 979 3733 coniieio
998 3674 1031 3733 et
1050 3670 1119 3752 ipso
1140 3670 1328 3734 Aristonici:
1348 3669 1529 3748 δρηστῆρες·
1551 3686 1555 3692 ·

333 3771 406 3860 (ὅτι)
439 3777 471 3839 οὐ
498 3775 656 3846 πάντας
681 3775 797 3850 δοῦλοι,
823 3773 900 3838 ἀλλ’
927 3775 1011 3838 ἴσον
1034 3776 1110 3857 (τῷ)
1135 3774 1325 3854 θεράποντες.
1373 3775 1531 3842 Similiter

334 3880 541 3969 Apollonius:
576 3893 602 3945 Δ
613 3883 885 3970 ρηστῆρεςῇοι
923 3883 1141 3960 ὑπουργοῦντες
1175 3881 1228 3946 καὶ
1253 3882 1459 3954 διακονοῦντες
1487 3885 1528 3946 θε-

332 3989 491 4068 ράποντες.
541 3987 601 4052 Sed
630 3990 664 4052 in
689 3987 793 4053 verbis
814 3986 876 4052 iesu
901 3990 942 4066 τῷ
968 3987 1147 4066 θεράποντες
1173 3995 1248 4054 nota
1272 3988 1415 4054 desinere
1438 3991 1528 4056 debe·

333 4099 396 4162 but.
445 4095 515 4176 Quo
553 4096 639 4159 enirn
671 4095 831 4179 pertinent
855 4097 1037 4179 sequentis:
1063 4085 1077 4157 i
1102 4096 1153 4160 asi
1179 4092 1323 4172 οιμεννονι
1347 4095 1420 4162 Νοιι
1443 4109 1526 4162 certe

333 4203 372 4269 sd
403 4200 717 4288 interpretationem,
750 4201 783 4264 in
808 4220 870 4284 que
893 4201 1053 4285 optionem
1078 4201 1186 4268 datam
1211 4219 1273 4268 non
1296 4203 1436 4270 invenio.
1486 4207 1524 4268 Ar

346 4351 513 4365 -———-—··‘¹¹
582 4348 586 4356 ¹

275 4465 286 4498 ρ
368 4435 391 4494 l)
412 4434 448 4482 ita
465 4432 593 4482 lurochius
611 4431 639 4479 ad
658 4429 683 4479 h.
702 4443 733 4476 vs.
752 4433 776 4476 st
793 4429 905 4490 Cobetus,
926 4433 1017 4482 Mnom.
1036 4433 1065 4482 N.
1085 4435 1107 4482 S.
1127 4433 1139 4482 Ι
1163 4431 1259 4496 (1873.)
1276 4449 1300 4500 p.
1320 4433 1361 4482 24.
