3330 5144
851 277 919 350 244
981 283 986 292 '

283 463 376 542 οὕτως
401 467 453 534 eal
478 470 503 536 οί
530 469 630 550 νεβροί
655 471 728 552 πρὸς
752 469 803 537 τίν
825 469 879 540 ἕνον
903 473 1096 558 ἰσχυρότερον
1121 479 1321 550 οίντίκειντοιι.
1368 485 1406 552 ln
1426 487 1479 554 his

283 576 425 660 primum
448 581 506 640 τῶν
532 576 642 655 νεβρῶν
666 580 820 644 vitiosum
844 585 902 647 est.
950 581 1079 650 Etenim
1103 587 1305 669 ἀμφοτέροισι
1327 590 1365 657 de
1386 613 1479 660 cerva

281 682 411 766 eiusque
441 681 602 749 hinnuleis
633 684 733 750 simul
762 685 825 751 dici
854 708 947 753 nemo
978 710 1040 755 non
1071 693 1174 771 videt,
1206 717 1307 782 neque
1338 699 1478 784 profecto

282 793 349 854 tem
380 788 488 855 fatuus
520 790 583 855 fuit
612 791 857 877 Aristophanes,
888 800 926 859 ut
959 794 1052 862 aliter
1083 802 1238 885 acciperet
1269 805 1354 890 quod
1384 806 1478 874 aliter

281 897 381 980 accipi
403 915 530 980 prorsus
552 915 615 961 non
637 899 745 983 possit.
793 895 854 964 Sed
879 898 1065 968 Aristotehs
1086 909 1273 974 auctoritate
1294 917 1476 996 permotus,

279 1000 480 1082 ἀμφοτέροισι
512 1002 552 1068 dc
582 1025 644 1066 ιινοο
672 1024 764 1070 cerva
787 1027 902 1090 unoque
925 1007 1077 1076 hinnuleo
1100 1012 1139 1076 eb
1164 1012 1306 1084 Homero
1329 1023 1476 1106 usurpari

278 1107 432 1186 credidit,
469 1111 564 1193 atque
594 1109 652 1176 hac
682 1110 828 1196 opinione
859 1112 1050 1196 perductum
1082 1139 1157 1184 eum
1182 1121 1216 1184 in
1239 1121 1381 1192 Homero
1403 1129 1474 1218 ipso

279 1213 474 1303 singularem
510 1216 722 1302 rescripsisse:
756 1217 858 1296 νεβρὸν
892 1222 1072 1296 κοιμησοσοο
1100 1228 1247 1304 νεηγενίοι
1278 1231 1473 1320 ηοιλοιίηνίν,

278 1320 445 1388 Nauckius
478 1321 650 1408 (Aristoph.
683 1323 760 1410 Byr.
785 1345 817 1409 p.
844 1323 901 1412 23)
925 1326 1096 1396 admodum
1120 1337 1348 1403 verosimiliter
1370 1344 1473 1408 conie-

279 1431 335 1494 cit.
381 1427 495 1512 Itaque
524 1435 653 1515 apparet
675 1431 709 1494 in
732 1430 852 1496 scholio
876 1435 1111 1503 rescribendum
1135 1460 1219 1506 esse:
1244 1446 1472 1527 Ἀριστοφάνης

278 1534 314 1600 τὸ
345 1535 546 1615 ἀμφοτέροισι
579 1536 627 1600 ἕτί
661 1541 715 1608 τῆς
749 1536 870 1620 ἐλοίφου
894 1540 946 1604 eal
971 1546 1039 1606 τοῦ
1065 1547 1206 1624 νεβροῦ
1231 1550 1413 1629 λοιμβοίνει,
1440 1558 1473 1620 et

279 1645 324 1708 sia
355 1641 487 1708 demum
517 1648 601 1709 recle
629 1633 787 1729 sequitur:
811 1646 825 1710 ί
849 1645 927 1724 γὰρ
951 1649 1166 1730 Ἀριστοτέλης
1193 1650 1230 1718 ἕν
1253 1665 1330 1738 φησι
1355 1658 1471 1724 τίκτειν

277 1751 332 1825 την
356 1745 492 1834 ἕλοιφον,
516 1749 650 1820 crevier
672 1750 704 1815 δὲ
728 1751 789 1816 δύο.
825 1751 900 1858 Ηοοι
922 1753 974 1819 aa>
1000 1760 1110 1838 τυφλῷ
1135 1761 1241 1838 δῆλον,
1264 1773 1373 1850 estque
1387 1767 1471 1852 quod

276 1858 403 1941 requiro
433 1857 467 1920 in
498 1856 630 1920 omuibus
660 1857 821 1924 codicibus
844 1865 967 1944 practer
990 1883 1102 1929 unum.
1138 1866 1317 1936 Dindorfiue
1341 1878 1468 1952 tamen,

276 1966 382 2030 neseio
410 1984 473 2050 quo
496 1963 608 2030 iudicii
631 1983 752 2042 errore,
775 1966 894 2032 vitium
918 1970 1000 2054 quod
1023 1974 1057 2036 in
1081 1993 1143 2040 uno
1165 1973 1199 2041 H
1222 1985 1270 2044 est
1289 1981 1323 2043 in
1342 1985 1469 2048 textum

276 2072 399 2138 invexit
434 2090 470 2136 ac
504 2068 549 2135 sic
579 2071 655 2136 fecit
686 2076 722 2136 ut
754 2073 980 2158 Aristophanes
1009 2079 1144 2164 ineptire
1167 2082 1338 2154 videretur.
1373 2087 1413 2153 Io
1435 2088 1469 2156 H

276 2183 385 2244 autem
417 2184 488 2264 post
510 2175 592 2242 illud
615 2177 774 2262 scholion,
799 2180 883 2264 quod
905 2201 1000 2267 supra
1025 2184 1174 2272 descripsi
1175 2237 1191 2286 Ι,
1215 2191 1303 2257 alind
1327 2196 1470 2280 sequitur

275 2285 404 2350 brevius
428 2284 537 2350 eodem
563 2283 643 2350 vitio
663 2284 829 2350 infectum.
848 2287 1074 2370 Ἀριστοφάνης
1095 2293 1280 2376 ἀμφοτέροις
1306 2298 1341 2387 (l.
1364 2304 1466 2390 ροισι)

275 2390 400 2466 ἤκουσεν
424 2392 526 2472 αὕτη
551 2390 603 2454 eal
623 2396 694 2454 reio
715 2391 860 2473 νεβρῶν.
882 2394 896 2459 o‘
913 2395 977 2477 γὰρ
989 2398 1204 2477 Ἀριστοτέλης
1217 2399 1248 2468 ἓν
1258 2412 1338 2486 φησι
1351 2408 1467 2474 τίκτειν

273 2498 328 2572 τὴν
358 2495 489 2580 ἔλαφον.
521 2497 629 2576 εἰρηκει
662 2495 729 2562 δ’ίιν
760 2497 864 2579 νεβρὸν
888 2502 1076 2580 κοιμήσατο.
1113 2504 1176 2586 Qui
1198 2531 1237 2576 ne
1261 2511 1314 2577 hic
1337 2515 1465 2600 quidem

273 2607 372 2670 sentit
402 2609 473 2690 post
496 2605 577 2684 αὐτῇ
598 2603 829 2671 mathematica
851 2606 916 2672 sere
938 2608 1041 2676 dicam
1066 2617 1253 2682 necessitate
1275 2621 1395 2705 requiri
1414 2625 1465 2704 τῷ

274 2711 401 2792 νεβρῷ,
432 2708 516 2775 nihil
545 2730 687 2795 unquam
715 2709 753 2776 de
778 2733 894 2799 genere
916 2714 975 2780 hoo
999 2718 1124 2784 sentiet.
1171 2721 1276 2790 Sensit
1297 2725 1466 2796 Nauohiue

261 2837 309 2885 'eo
333 2819 477 2884 correxit.
524 2815 571 2881 At
593 2837 677 2882 nunc
698 2818 762 2883 iem
787 2819 953 2900 videmus,
978 2824 1061 2890 unde'
1081 2831 1113 2892 et
1132 2827 1186 2894 hic
1207 2835 1239 2894 et
1259 2833 1292 2897 in
1310 2833 1466 2920 ampliore

272 2923 393 2990 scholio
427 2922 513 2988 idem
540 2925 659 2989 vitium
690 2931 851 3009 appareat.
900 2925 1022 3015 Nempe
1047 2938 1103 2998 aut
1127 2955 1144 3000 e
1167 2938 1354 3023 compendio
1380 2941 1464 3008 male

272 3027 372 3113 lecto,
397 3035 470 3113 aut,
490 3029 574 3114 quod
593 3029 696 3095 multo
717 3031 930 3098 verosimilius
946 3037 1028 3102 mihi
1041 3039 1184 3119 videtur,
1199 3063 1238 3110 ox
1249 3046 1465 3129 praeiudicata

272 3139 429 3223 opinione.
475 3133 529 3202 eie
563 3157 593 3202 v.
617 3157 644 3202 e.
676 3137 708 3200 in
739 3135 911 3224 Porphyrii
939 3141 1059 3209 scholio
1089 3146 1128 3212 de
1158 3141 1176 3220 ἦ
1206 3154 1464 3236 μονογραμμίτῳ

272 3243 356 3329 apud
379 3240 506 3308 Atticos
530 3248 651 3334 ueteres
676 3243 703 3327 (ί
730 3239 793 3307 186
818 3252 850 3308 et
874 3253 911 3332 E·
927 3245 1006 3332 533)
1026 3272 1123 3318 omnes
1143 3251 1223 3340 loci,
1236 3260 1292 3342 qui
1305 3258 1466 3328 doctrinae

270 3351 366 3416 huius
396 3348 603 3416 stabiliendae
635 3368 730 3414 eausa
752 3347 954 3431 adloruntur,
982 3362 1123 3444 corrupti
1145 3366 1219 3426 sunt
1244 3364 1284 3429 ad
1309 3385 1380 3432 eam
1405 3368 1466 3435 for·

271 3477 357 3522 mam
396 3475 476 3540 quae
517 3455 629 3520 scribis
660 3453 728 3521 sola
758 3461 826 3521 erat
854 3457 1035 3528 familiaris.
1081 3462 1197 3532 Adtert
1233 3465 1400 3538 Cratinum
1433 3476 1464 3540 ἐν

271 3562 396 3645 Πυτίνη·
423 3561 520 3639 „perir
544 3561 683 3627 l’lurlvoo
702 3561 843 3642 τρίτερον
863 3557 891 3649 ἦ,
913 3571 963 3630 νῦν
983 3567 1143 3655 δὀὐκίτι,”
1159 3559 1262 3641 adferl
1274 3575 1463 3663 Sophoclem

271 3671 301 3734 ἑν
324 3677 363 3752 τῇ
388 3667 504 3748 Νιίβη·
532 3663 572 3746 „ri
602 3667 665 3748 γὰρ
695 3667 774 3750 φίλη
805 3668 860 3748 ’γὼ
891 3672 983 3738 τῶνδε
1016 3681 1069 3741 τοῦ
1104 3683 1338 3762 τροφερτίρου,”
1362 3685 1463 3753 adfert

257 3773 415 3851 ‚eiusdem
444 3772 601 3859 Oedipum
633 3773 820 3860 Tyrannum
850 3783 912 3857 (vs.
939 3777 1051 3869 1123)·

269 3883 344 3947 ἀλλ’
369 3880 439 3946 οίκοι
464 3879 625 3965 'crudeles’
649 3879 751 3947 adfert
774 3881 908 3969 denique
931 3885 1100 3956 Platonem
1125 3891 1216 3980 (Rep.
1242 3895 1308 3984 Ip.
1334 3897 1399 3966 328
1411 3898 1459 3988 G)·

272 3990 325 4068 „cd
349 3989 411 4067 μην
434 3987 498 4069 γὰρ
515 3987 575 4066 ἐγὼ
595 3987 641 4053 ἔτι
661 3987 831 4067 ἑνοννοίμει
845 3985 932 4064 ἦπου
945 3994 1082 4076 ρρνόίως.”
1111 3999 1250 4066 Ονιιοιίίνο
1260 4003 1311 4070 his
1326 4013 1462 4098 qpetuor

265 4095 361 4174 locis,
392 4133 434 4143 —
465 4093 649 4161 incredibile
681 4096 786 4174 dictu,
816 4135 858 4146 -
883 4089 987 4167 so'riba
1010 4102 1126 4171 codicis
1149 4107 1197 4186 11,
1222 4112 1275 4174 cui
1299 4112 1359 4180 soli
1383 4115 1460 4184 haec

265 4201 435 4280 debemus,
461 4201 617 4266 usitatum
642 4201 703 4266 sibi
727 4198 762 4274 ἦν
783 4203 918 4270 infersit.
966 4205 1056 4274 Idem
1079 4212 1182 4298 igitur
1204 4219 1311 4284 nostro
1335 4240 1459 4307 quoque
1531 4291 1535 4302 .
1650 4243 1651 4278 ι

261 4307 330 4376 loco
361 4327 421 4372 usu
454 4307 577 4372 venisse
609 4306 750 4391 credam,
783 4330 819 4374 ec
851 4316 920 4378 tuto
950 4315 1015 4378 iam
1041 4337 1115 4382 cum
1139 4323 1270 4386 caeteris
1294 4326 1456 4394 codicibus

263 4413 374 4480 licebit
409 4432 557 4498 reponere
592 4413 647 4490 id,
683 4415 766 4499 qnod
797 4435 907 4483 senene
937 4422 1031 4488 unice
1063 4421 1197 4512 flnffltat
1246 4427 1318 4496 Non
1349 4437 1457 4504 minue
