3232 5136
724 323 768 407 75

150 521 235 612 ρίξοιν
255 529 312 605 σίην
334 527 462 613 ψυχήν,
487 528 540 594 καί
566 528 784 608 ένίνμοιίμενος
808 527 875 608 περὶ
902 530 957 602 τῆς
990 514 1133 606 έσιμένηρ
1164 513 1341 598 ιἰιιιλησίαι.

151 637 200 702 Hx
222 637 272 702 hia
295 634 351 715 HQ
373 635 508 702 hebent:
534 638 601 702 καὶ
627 639 682 708 εἰς
707 634 814 738 πολλὰ
838 633 913 715 μέρη
939 649 1009 698 ιιπλ.
1057 632 1168 718 ltaque
1192 631 1271 696 fuit:
1293 633 1339 703 cte

153 745 210 815 air
235 743 341 808 πολλοὶ
365 741 440 824 μέρη
466 742 594 825 μερίζων
617 745 672 818 νην
695 743 805 825 ψυχήν
829 756 898 807 ιιπλ.

197 977 238 1031 α,
263 952 340 1019 428.
377 951 462 1020 Κέον·
486 952 584 1020 εἰδυῖα
608 955 725 1020 dicitur
747 972 830 1020 esse:
856 961 1026 1036 προσφιλῆ,
1044 953 1157 1016 συνετοὶ
1178 957 1342 1034 φρονοῦσα.

153 1059 287 1127 Malim:
311 1066 467 1142 προσφιλῆ
490 1062 534 1147 (ἢ)
560 1061 673 1126 scisso
700 1066 863 1142 Φρονοῡοα.

198 1299 243 1348 οι,
268 1270 345 1338 438.
370 1273 419 1337 Ad
441 1272 552 1351 γραίης
576 1272 760 1348 πυκιμηδέος
784 1279 832 1340 est
855 1276 888 1338 in
911 1271 954 1337 P:
977 1270 1138 1337 καὶτοῦτο
1163 1285 1344 1336 πεπλασ-

153 1378 273 1457 μένον
299 1367 440 1445 ..i....
465 1387 554 1456 πῆς,
580 1381 671 1457 tyron
695 1390 751 1453 τῆς
775 1378 877 1444 πυκνοὶ
901 1378 953 1442 καὶ
978 1379 1090 1442 noverit
1114 1377 1215 1454 μήδεα
1239 1374 1345 1456 ἕχοιί·

153 1509 234 1561 σηο.
282 1485 332 1550 De
363 1485 413 1550 lais
442 1483 677 1551 Buttmanncs:
712 1505 812 1570 ‚‚quce
843 1487 970 1570 punctis
1002 1485 1111 1550 notavi
1142 1481 1248 1571 legere
1282 1503 1346 1547 non

154 1595 264 1680 potui:
288 1591 343 1657 sed
366 1591 494 1656 videtur
517 1613 583 1658 esse
607 1593 707 1670 ἐστίν,
731 1598 769 1658 ιιι
791 1612 854 1660 voa
877 1598 931 1665 τῆς
956 1594 999 1657 sit
1022 1589 1183 1656 delende.”
1230 1588 1347 1654 Helius

154 1695 358 1764 Dindorfiue:
393 1698 485 1775 „fora
517 1697 673 1776 συνιπιῑς”,
703 1700 765 1763 nisi
788 1699 872 1783 quod
889 1706 927 1764 'et
951 1697 1039 1763 alind
1063 1698 1198 1765 verbnm
1222 1703 1270 1763 est
1294 1696 1349 1762 ad·

155 1805 308 1872 dendum.
333 1803 455 1870 Verum
475 1806 552 1870 erit:
571 1805 623 1869 καί
644 1809 735 1870 σοῖιπο
755 1806 1049 1882 πεπλασμένον
1072 1803 1208 1886 (ὄνομα
1229 1801 1348 1891 σιινι-)

155 1918 227 1987 τῆς
262 1911 532 1997 quemadmodum
562 1933 593 1978 ν.
607 1934 632 1978 o.
666 1911 751 1977 idom
778 1911 946 1977 Palatinus
977 1910 1015 1974 nd
1040 1909 1214 1994 Εὐρύκλει’,
1234 1905 1346 1981 Ὦπις

156 2017 297 2097 ίιιγοίπηρ
329 2016 541 2097 Πεισηνορίδαο
575 2026 636 2100 tvs.
670 2017 747 2104 429)
783 2019 963 2102 adscripsit:
991 2016 1264 2094 πεπλασμένα
1289 2013 1345 2081 εἶσί

156 2126 199 2191 σοι
224 2123 366 2203 παρέντα
391 2123 406 2188 ί
415 2124 588 2203 νόμαια,
614 2129 646 2190 et
670 2125 709 2190 ed
733 2125 861 2204 Φρονίοιο
885 2127 1029 2200 Νοήμονα
1056 2121 1103 2209 (β.
1130 2121 1210 2207 386)
1234 2123 1351 2190 Parisi-

157 2255 217 2299 nus
256 2231 297 2298 S:
342 2232 506 2307 πιποίηιιιν
545 2232 686 2316 (videtur
715 2232 813 2296 fuisse
844 2230 1147 2307 &reconsecratores
1180 2228 1283 2294 Praei.
1318 2250 1349 2315 p.

157 2341 263 2424 nvn)
299 2339 469 2404 πλαστὰ
506 2340 708 2415 ὀνόματα,
740 2359 780 2404 ne
811 2337 904 2424 plura
935 2336 1092 2402 adducam
1115 2339 1148 2400 in
1172 2357 1206 2402 re
1230 2342 1349 2422 aperte.

154 2451 303 2524 Ὀνομα,
337 2416 357 2514 't
390 2446 641 2525 παχνγραφικῶς
678 2446 847 2529 scriptum,
881 2443 947 2529 (cir.
979 2443 1065 2508 ant.
1099 2463 1130 2528 p.
1163 2440 1240 2526 790,
1272 2439 1353 2530 827)

159 2554 198 2620 ab
235 2554 352 2618 ultima
386 2549 512 2637 syllaba
545 2550 760 2637 praecedentis
794 2548 941 2616 vocabuli
979 2547 1248 2634 (πεπλασμένον)
1280 2569 1353 2614 esso

159 2663 346 2744 absorptum
377 2663 489 2742 sponte
517 2665 606 2744 patet
637 2663 747 2743 estque
777 2677 815 2724 ee
845 2676 894 2722 res
924 2659 1101 2722 notissima.
1139 2655 1250 2742 Itaque
1274 2656 1352 2722 setis

160 2767 301 2849 habebo,
338 2766 366 2828 si
400 2769 439 2828 e'x
474 2763 643 2849 permultis
683 2764 761 2830 loeis
802 2762 903 2829 simili
945 2763 1039 2829 modo
1081 2763 1227 2828 sanandis
1269 2783 1354 2827 nuno

160 2893 264 2938 unum
289 2872 486 2954 excitavero,
511 2869 667 2936 Heracliti
691 2872 841 2954 inquam,
868 2872 967 2935 etiam
991 2890 1010 2934 a
1033 2869 1164 2935 Lehrain
1188 2873 1283 2955 (App.
1315 2867 1354 2932 ad

161 2979 283 3045 Herod.
316 2975 447 3062 Seriptt.
479 2979 540 3044 trie
570 2977 691 3044 emend.
723 2998 753 3063 p.
778 2976 857 3063 458)
881 2977 984 3042 obiter
1007 2982 1189 3042 tractatum.
1237 2975 1355 3040 Scribit

161 3091 272 3151 autem
314 3082 513 3166 Heraclitus,
555 3089 591 3148 ut
633 3082 829 3150 demonstret
872 3081 953 3158 ἥλιος
989 3083 1169 3162 Ἀπόλλων,
1204 3084 1217 3148 ὂ
1254 3082 1285 3148 δέ
1321 3083 1355 3161 γ’

164 3189 331 3258 Ἀπόλλων
366 3191 467 3271 ίίλιοι,
502 3192 564 3255 ite:
603 3191 712 3268 Φοῖβον
749 3187 814 3275 οὗν,
852 3190 915 3254 oleri
950 3193 1009 3254 πῖιν
1043 3189 1172 3254 οίιιτίνιιν
1204 3191 1356 3268 λαμπρῶν

163 3296 276 3383 (Oodd.
308 3295 466 3382 λαμπρόν)
498 3297 591 3360 αὐτὸν
620 3295 774 3378 διομοίζει,
802 3295 836 3362 rt
861 3296 948 3373 μένον
974 3297 1047 3378 ἡλίῳ
1072 3305 1219 3377 προσῆκον
1242 3293 1355 3380 (codd.

164 3407 264 3469 etiem
288 3402 485 3468 Scholiorum
511 3401 550 3467 ed
575 3401 666 3468 llind.
691 3413 727 3468 A.
750 3401 792 3467 43
813 3409 845 3468 et
865 3403 908 3470 72
926 3403 1045 3490 προσόν)
1067 3401 1100 3479 ἐξ
1123 3401 1187 3468 ίσοιι
1212 3403 1355 3475 κοινώσας

164 3511 341 3576 Ἀπίλλιινι
363 3514 403 3593 (o.
417 3507 487 3593 Vll,
506 3530 537 3594 p.
553 3510 595 3575 12
615 3508 742 3595 Mehl.).
767 3507 923 3575 Codicum
943 3510 1110 3576 lectionem
1132 3507 1358 3590 sauroctonon

165 3616 399 3684 sollicitandam
430 3614 546 3692 fnisse,
576 3611 737 3681 Mehlerus
767 3617 834 3701 ipse
863 3622 972 3702 postea
1001 3614 1102 3692 vidit,
1127 3616 1232 3682 Praei.
1255 3637 1285 3702 p.
1311 3618 1355 3702 xj.

166 3725 229 3791 Sed
264 3725 323 3789 hoc
354 3743 416 3788 non
447 3726 525 3787 salis
556 3729 613 3787 est.
660 3722 709 3788 Ne
739 3722 828 3788 locas
850 3724 937 3799 hiet,
962 3725 1008 3788 ite
1030 3732 1078 3788 eat
1098 3723 1355 3789 constituendae:

168 3831 278 3909 Φοῖβον
308 3825 357 3894 οὖν
389 3831 462 3914 (ὥς)
494 3827 555 3892 niort
587 3835 645 3892 πῶν
678 3829 806 3892 νίκσίνοιν
837 3829 982 3909 λαμπρὸν
1015 3829 1109 3895 αὐτὸν
1132 3828 1293 3910 ὀνομάζει,
1319 3828 1355 3893 σέ

167 3937 256 4016 μένον
291 3937 364 4017 ιίλίςι
395 3941 562 4015 προσῆκον
596 3933 763 4020 (ὄνομα)
795 3934 828 4011 ἐξ
859 3933 923 4001 ἴσον
953 3939 1095 4011 κοινώσας
1119 3935 1291 4020 ’asennec
1332 3938 1357 4021 1)

205 4227 226 4286 l)
251 4227 290 4274 Bia
312 4225 369 4273 haee
392 4221 529 4272 lleraeliten
550 4220 574 4270 in
596 4220 697 4270 Scholiie
719 4221 748 4269 ad
766 4219 835 4268 Iliad.
854 4223 947 4269 servate
965 4225 1031 4278 aunt,
1049 4221 1078 4269 ad
1097 4225 1132 4278 A,
1151 4221 1195 4268 432
1216 4215 1300 4281 Φοῖβον
1320 4213 1359 4268 οὖν

171 4311 244 4364 utris
269 4307 376 4374 ὀνομάζοι
401 4309 450 4361 exe
469 4317 517 4360 πῶν
536 4307 637 4360 ιἰιισίνιιν
656 4309 766 4371 λαμπρὸν
784 4303 864 4357 'tera
881 4310 951 4370 (ande
969 4309 1017 4358 iem
1035 4310 1151 4360 insertam
1169 4326 1182 4358 e
1200 4325 1236 4359 nna
1254 4310 1284 4367 ὣς
1302 4311 1359 4360 satis

172 4405 313 4466 stabilitur),
339 4405 366 4453 πὸ
390 4405 459 4464 μόνον
478 4399 537 4466 ἡλίῳ
556 4401 643 4464 προσὸν
662 4395 687 4460 ἒξ
704 4397 759 4448 ίσον
778 4397 890 4456 κοινιίσας
913 4399 1047 4449 ’λισίλλιινι
1066 4398 1108 4448 καί
1126 4397 1227 4466 Μοίση,
1245 4405 1269 4451 et
1286 4401 1359 4452 diaer-

172 4497 219 4546 tina
241 4498 269 4546 sd
294 4503 329 4554 A,
349 4496 389 4546 lt:
415 4489 500 4554 Φοῖβον
519 4489 557 4541 οὖν
575 4489 650 4540 αὑτὸν
668 4490 717 4540 ἀπὸ
734 4495 782 4540 rav
800 4489 900 4539 ἀκτίνων
919 4485 1028 4551 ὀνομάζοι
1047 4491 1083 4546 ὥς
1104 4492 1222 4554 λαμπρόν,
1241 4491 1271 4540 ri
1291 4485 1360 4554 μόνον
