3232 5136
705 341 744 416 13

141 557 222 624 quem
249 543 282 605 in
312 539 511 626 vituperium
541 539 646 607 Ulixis
684 540 808 606 dietum
845 539 1022 607 videbatur.
1071 544 1140 609 Οὐκ
1179 545 1314 611 ἐπιοινεῖν

140 650 220 724 Φηοιν
241 645 433 722 Ἀντισθένης
452 649 590 730 Ὅμηρον
609 647 660 712 τόν
681 646 836 712 'Olosada
858 650 981 725 μᾶλλον
1002 649 1019 724 ἢ
1040 649 1161 735 ψέγειν,
1173 649 1311 730 λέγοντο

140 754 219 818 siris
246 753 443 831 πολύτροπον.
478 757 531 820 οὐκ
560 752 609 820 οὖν
640 743 691 819 liv
720 752 880 835 Ἀχιλλόοι
908 754 960 819 ssi
991 755 1043 819 τόν
1068 755 1191 822 Alam
1216 771 1311 823 πολυ-

139 857 249 936 τρόπους
272 861 488 934 πεποιηκόνοιι,
511 860 587 926 οθλλ’
610 861 729 932 ιθπλοῦρ
751 860 804 924 κού
825 860 992 937 γεννύδιις·
1013 862 1080 928 οὐδὲ
1097 861 1149 927 τὸν
1170 863 1311 946 Νόστοριι

139 967 180 1030 ris
200 967 291 1048 σοφόν
309 969 344 1032 ού
360 968 409 1044 μοὶ
429 968 493 1033 Ala
513 967 609 1034 δόλιον
626 968 678 1032 κού
701 966 900 1044 παλίμβολον
920 966 955 1031 τό
976 964 1053 1043 ἦθος.
1067 969 1142 1034 ἄλλ’
1160 1008 1199 1020 -
1214 1007 1255 1021 -
1270 1009 1310 1020 -·-

139 1075 173 1143 εἰς
201 1073 231 1138 σθ
261 1072 470 1150 στρατόπεδον
500 1073 529 1138 ri
558 1099 587 1140 τι
619 1073 738 1151 sysois
772 1069 843 1155 εἶχε
877 1073 1130 1152 συμβουλεύοντα
1168 1076 1220 1141 κού
1257 1080 1310 1144 οὐκ

138 1179 490 1260 ἀποκρυπτόμενον
532 1185 726 1246 τοσοῦτον
760 1157 914 1262 tiresias
946 1186 1132 1248 τοιοῦτον
1166 1183 1310 1265 τρόπον

137 1286 332 1368 ότοθθχεσθιιι
364 1288 377 1352 θ
407 1288 579 1368 Ἀχιλλεὺς
609 1291 647 1360 sis
681 1287 786 1369 ἐχθρόν
819 1288 961 1365 »ipsicius
990 1289 1098 1364 θμοόυς
1121 1291 1164 1370 τῷ
1189 1290 1311 1370 θιινοθτρο

138 1394 232 1459 ἐκεῖνον
264 1390 330 1472 „is
350 1397 386 1475 χ’
417 1391 515 1477 ἕτερον
546 1395 602 1471 μὲν
632 1395 727 1460 κεύθει
752 1397 867 1479 (immo
891 1395 991 1480 κεύθιρ)
1017 1396 1056 1460 ro
1082 1397 1207 1478 Φρεσόν,
1232 1394 1311 1464 ἄλλο

138 1499 162 1564 ll
188 1501 282 1581 εόπη.”
327 1501 398 1568 Non
423 1509 471 1568 est
494 1522 573 1589 opus
597 1503 863 1568 demonstratione
888 1508 923 1567 ut
946 1507 1170 1588 persuadeam,
1196 1505 1313 1572 ultima

137 1609 174 1672 ita
192 1629 254 1674 ssse
276 1609 532 1696 interpungenda
555 1615 588 1674 et
610 1609 812 1696 corrigenda:
834 1645 877 1658 -
893 1645 933 1658 -
949 1645 991 1658 -
1004 1610 1313 1690 ἀποκρυπτόμε-

136 1737 196 1778 νον.
219 1719 396 1780 Τοσοῡτο
418 1714 446 1782 δ’
470 1718 626 1797 οὶπεῒχε
651 1717 745 1801 (τοῦ)
771 1720 954 1780 τοιοῦτον
973 1717 1082 1796 τρόπον
1102 1716 1313 1800 ἀποδέχεσθαι

136 1819 333 1903 θ’Λχιλλεὺς
358 1823 394 1893 ὥς
421 1835 491 1887 κτλ.
539 1821 710 1888 Distinutio
733 1824 836 1888 maior
858 1827 929 1907 post
951 1823 1219 1902 ἀποκρυπτόμενον
1247 1827 1313 1912 ism

136 1927 207 2012 opud
235 1927 471 1994 Buttmannum
503 1937 568 2005 est,
600 1948 681 2014 quae
711 1948 767 1994 our
794 1929 830 1992 in
853 1926 1057 1994 Dindorfiano
1080 1935 1172 1996 textu
1195 1933 1238 1996 sit
1260 1951 1315 1997 ue·

136 2032 243 2120 glorta,
273 2035 464 2100 Buttmanni
497 2036 669 2100 editionem
693 2034 875 2119 inspicienti
897 2034 990 2100 facile
1014 2036 1145 2121 patebit.
1183 2035 1314 2103 Caetera

138 2140 208 2224 apud
241 2148 415 2227 utmmque
446 2142 600 2208 editorem
633 2143 820 2207 inoonoinua
850 2146 942 2225 suut,
973 2141 1027 2208 sed
1052 2142 1142 2208 nullo
1164 2145 1312 2231 negotio,

138 2251 167 2309 ut
187 2247 322 2327 ostendi,
347 2252 381 2313 in
404 2249 567 2337 integrum
592 2247 795 2314 restituenda.
821 2252 976 2314 Τοῦτον
998 2254 1182 2315 τοιοῦτον
1206 2255 1254 2315 est
1277 2251 1311 2315 in

137 2357 243 2438 optimo
273 2353 460 2432 Harleisuo‚
484 2355 545 2442 (Η)
569 2354 653 2420 undo
676 2361 787 2440 sponte
811 2375 868 2420 sua
892 2361 961 2420 τοῦ
986 2361 1141 2420 τοιοῦτον
1164 2356 1311 2442 profluit;

139 2465 164 2522 st
184 2481 250 2526 oum
274 2467 412 2527 τοσοῦτο
438 2460 464 2526 δ’
488 2481 544 2547 pro
568 2466 731 2526 τοσοῦτον
755 2460 957 2526 conferendae
981 2468 1057 2526 sunt
1079 2465 1185 2528 variae
1205 2461 1314 2528 lsotio·

138 2585 183 2629 nas
209 2587 277 2634 aa.
309 2567 349 2632 ad
380 2589 410 2654 p.
435 2565 510 2646 177,
537 2566 577 2634 19
604 2567 738 2654 (Diod),
763 2567 819 2632 uhi
842 2569 875 2632 in
899 2563 1025 2633 Scholio
1049 2587 1087 2632 ex
1110 2566 1202 2648 HQR
1225 2564 1313 2634 edito

138 2689 208 2737 unus
223 2672 248 2755 Q
266 2675 510 2759 (Ambrosianus
530 2675 615 2740 Part
640 2673 715 2760 Sup.
738 2671 795 2758 88)
817 2681 999 2753 συγχωρεῖ
1017 2675 1043 2739 θ’
1065 2677 1137 2752 ἡμῖν
1163 2676 1312 2742 ύπονοεῐν

139 2779 182 2840 ssi
208 2783 248 2845 τοὶ
277 2778 400 2858 μεταξὺ
431 2775 480 2845 ola
511 2781 656 2860 ylyvsrss
684 2779 708 2858 1)
741 2787 825 2846 recta
855 2780 926 2858 dat,
959 2779 1022 2844 HR
1046 2801 1157 2866 prave:
1182 2804 1312 2864 συγχυ-
1438 2775 1441 2784 ’

139 2893 206 2958 ρεῖν
228 2890 347 2964 ἡμῶν,
373 2894 410 2953 ut
433 2887 528 2973 paulo
551 2895 622 2974 post
645 2909 676 2975 p.
701 2885 786 2965 225,
812 2886 855 2952 22
880 2907 937 2973 pro
961 2891 1135 2956 neeemorio
1159 2894 1311 2966 ἀγνοοῦσι

140 2989 160 3052 θ’
180 2987 220 3056 θτι
242 3015 324 3060 unus
347 2993 398 3059 H:
422 2995 605 3073 ἀγνοοῦσιν
629 2992 674 3060 ύτι
699 2994 806 3060 hehet.

177 3097 221 3164 lta
246 3109 284 3180 τῇ
316 3101 431 3184 sinopis
458 3123 542 3167 nuno
574 3102 703 3168 tandem
734 3121 811 3166 suus
834 3105 957 3166 oonstat
980 3122 1097 3167 sensus.
1146 3101 1316 3170 Dillioilior

140 3223 180 3268 rss
206 3213 251 3270 est
280 3207 312 3272 in
345 3206 448 3290 λύσει,
473 3209 564 3274 ouius
587 3206 682 3293 paulo
704 3207 852 3272 subtilior
875 3207 1122 3296 argumentandi
1144 3212 1244 3287 ratio,
1273 3247 1314 3259 -

139 3327 220 3394 qnam
248 3315 351 3400 ipsius
381 3313 584 3380 Antisthenis
615 3315 721 3380 verbis
751 3319 786 3378 nt
816 3312 994 3399 plurimum
1028 3317 1215 3400 expressisse
1238 3322 1316 3402 puto

139 3435 186 3482 suo
213 3440 297 3496 more
330 3419 565 3508 Porphyrium,
599 3442 662 3507 que
691 3420 730 3487 ds
761 3441 794 3485 rs
817 3421 899 3487 infra
922 3441 1017 3509 agam
1042 3421 1247 3507 explieatius,
1273 3462 1315 3472 -—

139 3523 340 3610 compluribus
382 3526 461 3594 lotis
496 3529 542 3592 ita
576 3526 731 3613 impedita
766 3525 888 3614 legitur
922 3535 958 3592 ut
992 3507 1135 3616 intelligi
1170 3547 1317 3616 nequeat.

140 3625 288 3707 Quomodo
327 3639 434 3700 autem
470 3633 674 3700 Antisthenes
704 3641 902 3719 praesentem
938 3632 1159 3700 difficultatem
1195 3634 1317 3702 solvere

139 3735 292 3824 tdgrsssus
327 3737 396 3806 esti
427 3739 518 3806 Λύυν
549 3735 598 3805 οὖν
628 3741 642 3804 θ
676 3739 868 3814 Ἀντισθένης
898 3741 996 3818 Φητό·
1030 3741 1073 3805 Τό
1096 3737 1164 3816 ούν;
1190 3737 1251 3821 οἶρό
1276 3765 1317 3819 νε

140 3846 291 3924 πονηρός
326 3846 341 3910 θ
377 3847 546 3920 Ὀδυσσεὺς
583 3845 628 3913 θτι
664 3846 851 3926 πολύτροποι
883 3849 1010 3923 ἐκλήθης
1045 3849 1097 3910 κού
1130 3848 1208 3924 μην,
1241 3849 1316 3915 διότι

140 3950 271 4030 σοφός,
299 3951 392 4024 ούτιοο
417 3955 511 4018 oriris
534 3953 721 4031 προσείρηκε.
768 3951 895 4019 Etenim
916 3952 1063 4019 vocabuli
1082 3953 1190 4039 τρόπον
1208 3955 1319 4039 draptes

140 4057 209 4122 rstio
237 4065 292 4124 ast.
344 4059 521 4148 Usurpatur
549 4061 587 4128 de
610 4060 739 4150 ingenio
763 4067 795 4126 st
815 4060 937 4136 indole,
961 4066 1135 4148 usurpatur
1158 4063 1255 4128 etiam
1278 4061 1317 4128 de

141 4166 356 4231 sermocinandi
388 4187 476 4235 more
506 4169 672 4254 modoque.
706 4169 828 4244 μήποτε
861 4161 924 4242 οὖν,
954 4172 1076 4256 pergit,
1102 4167 1116 4232 ό
1141 4167 1249 4246 τρόπος
1275 4167 1317 4232 τὸ

142 4313 274 4332 ———-

172 4415 192 4472 1)
209 4411 325 4465 ‘rumis
341 4416 395 4465 dadi
411 4431 439 4465 rx
456 4415 602 4466 surrentinus
620 4415 703 4466 Cobsti
721 4415 747 4466 v.
759 4416 788 4465 ol.
799 4415 824 4466 iu
835 4417 952 4467 Mnemon.
964 4416 1032 4465 Novo
1040 4417 1089 4466 Sur.
1101 4415 1153 4466 vol.
1165 4417 1218 4466 111.
1227 4431 1251 4483 p.
1263 4417 1318 4466 11³.

143 4495 229 4552 cuditur
245 4505 331 4556 hahent
347 4501 455 4556 θτινοοῖι.
864 4493 874 4512 ”
