3278 5148
750 297 813 365 311

281 480 359 572 μηδὲ
382 493 414 557 τί
439 515 482 557 τοι
507 489 615 572 ξίφεός
639 515 679 570 γε
704 493 778 566 troii
803 491 970 570 μετόπισθε
995 488 1111 568 γένοιτο
1136 484 1207 554 κτλ.

189 595 252 664 Hic
283 599 446 685 adscripta·
471 600 505 664 iu
536 597 579 679 Q:
614 598 665 665 xci
698 597 736 662 οὺ
761 601 870 680 φίλος·
895 597 946 662 νομί
971 596 1027 675 οὐ,
1052 596 1146 677 φησίν
1169 597 1182 660 i
1209 591 1377 664 Ὀδυσσεὺς

189 708 349 780 ’Λττικῶς.
382 708 427 784 μὴ
459 706 505 772 ἔτι
537 705 652 785 γίνοιτο
686 711 738 771 τοῦ
762 704 871 788 ξίφους
896 703 913 770 ὅ
934 728 984 783 μοι
1010 703 1142 774 δίδυνιις
1167 705 1240 777 troii
1266 702 1316 766 ἐπὶ
1342 701 1378 766 τὸ

189 813 356 894 ἔμπροσθεν
380 815 443 890 ἤτοι
469 811 626 892 ίτιίνμίο.
676 812 795 898 Lepide
816 814 940 889 omniu,
961 811 1016 878 sed
1034 811 1117 877 nihil
1131 809 1269 894 lepidius
1281 829 1376 894 quam

191 919 300 986 Ulixes
344 921 450 985 Attice
485 941 560 985 cum
594 918 735 1006 Euryalo
770 917 984 984 confabulans.
1031 917 1103 982 Hoc
1137 937 1239 980 unum
1274 917 1378 980 nescio

188 1026 345 1112 quomodo
366 1026 480 1092 addere
500 1027 594 1091 homo
619 1025 779 1113 neglexit,
804 1037 913 1090 utrum
939 1029 1045 1090 vetere
1068 1023 1201 1089 Atthide
1224 1023 1315 1088 heros
1339 1043 1378 1088 an

187 1153 271 1200 nove
302 1155 377 1198 usus
410 1133 516 1198 fuerit.
564 1132 628 1198 Sed
656 1154 696 1198 ne
724 1153 895 1220 pergemus
927 1135 1057 1216 antiquo
1084 1135 1296 1220 grammatico
1320 1133 1378 1194 cri·
1466 1123 1468 1134 '

187 1242 270 1305 mini
301 1241 374 1305 dere
405 1230 540 1326 ineptias
573 1261 708 1326 querum
734 1239 826 1325 plene
849 1243 956 1304 insons
979 1247 1044 1313 est,
1071 1260 1143 1304 cum
1168 1239 1289 1302 scribae
1310 1237 1379 1302 dor-

188 1349 341 1413 mitantes
364 1347 417 1412 hic
440 1347 531 1412 nubis
553 1348 738 1434 exagitandi
761 1350 835 1412 sint.
859 1345 1100 1421 Distrahcmus‚
1123 1366 1202 1430 quee
1221 1344 1271 1409 illi
1294 1344 1378 1408 mule

189 1456 422 1520 coniunxerunt
444 1475 482 1520 cc
505 1453 588 1518 nihil
612 1455 767 1540 supererit
790 1453 1004 1539 ineptiarum:

234 1561 343 1644 φίλος]
369 1559 461 1624 cirri
485 1565 555 1624 τοῦ
581 1561 705 1646 (φίλε)
732 1560 767 1646 ¹).

234 1667 286 1730 νοῦ
322 1667 359 1731 οὺ
391 1665 500 1752 φίλος]
534 1667 585 1731 νοῦ
618 1666 698 1744 τοί,
733 1666 828 1747 φησίν
858 1670 872 1731 ο’
903 1667 1092 1744 Ὀδυσσεύς,
1122 1667 1166 1745 μῦ
1191 1663 1235 1730 ἔτι
1259 1665 1377 1744 γένοιτο

189 1775 242 1836 τοῦ
274 1770 384 1852 ξίφους
416 1771 433 1836 δ
461 1797 512 1850 μοι
546 1772 676 1846 δέδοικας
708 1776 783 1848 ercii
816 1773 865 1838 ίτί
899 1773 1024 1861 (malim
1054 1773 1122 1858 είς)
1152 1772 1185 1836 τὸ
1210 1771 1376 1852 ἔμπροσθεν

190 1882 254 1954 ἤτοι
287 1879 444 1956 ἐπιθυμίς.
491 1880 584 1944 Prior
613 1893 689 1945 note
718 1882 888 1946 Aristonici
916 1891 981 1962 est,
1006 1917 1045 1927 -
1071 1879 1156 1944 locos
1178 1899 1217 1944 ex
1240 1877 1376 1944 Scholiis

188 1985 294 2049 Iliacis
325 1987 504 2070 composuit
526 1985 768 2052 Friedliinderus
791 2007 822 2072 p.
849 1985 906 2064 18,
933 1987 1087 2072 equibus
1110 2007 1210 2050 unum
1234 1987 1377 2050 excitabo

188 2093 229 2156 iis
252 2111 332 2177 quus
355 2092 570 2180 redintegrari
594 2093 808 2178 persimilem:
833 2095 924 2174 φίλος
949 2090 970 2156 ὦ
995 2093 1156 2157 Μενέλαε·
1181 2095 1284 2176 νὶίρίίρ
1307 2097 1377 2160 cieri
1432 2113 1434 2118 ’

189 2205 245 2272 τῆς
279 2205 442 2280 κλητιιιῆς,
474 2199 565 2279 φίλος
593 2200 662 2262 citri
694 2204 747 2263 τοῦ
779 2203 864 2280 φίλε.
896 2200 937 2286 (Δ
967 2197 1063 2285 189),
1091 2237 1130 2248 -
1156 2199 1255 2266 alteru
1278 2206 1377 2267 totius

188 2307 419 2370 enunciationis
442 2304 647 2390 paraphrasin
671 2307 823 2370 continet.
853 2305 965 2390 Neque
987 2305 1081 2371 aliter
1100 2307 1274 2372 sonandum
1287 2309 1378 2375 scho-

130 2443 132 2448 ·
189 2409 255 2476 lion
288 2430 327 2475 ex
357 2409 530 2475 Herleicno
561 2411 601 2476 ed
627 2435 652 2488 μ
676 2409 753 2475 438.
800 2412 919 2498 Agitur
942 2412 980 2476 de
1004 2413 1192 2498 fragmentis
1216 2414 1377 2480 diffractse

190 2536 209 2582 u
228 2514 391 2602 Charybdi
411 2520 519 2594 nevis,
545 2537 625 2602 quae
640 2516 697 2582 illu
709 2517 856 2603 absorpta
867 2518 926 2582 sub
940 2539 1106 2604 vesperum
1120 2523 1211 2606 qussi
1223 2525 1376 2588 evomuit.

217 2659 225 2676 ·
282 2621 358 2688 438.
655 2623 820 2706 ἐελδομένῳ
845 2625 876 2689 δέ
900 2649 951 2704 μοι
976 2624 1062 2702 ῦλίον

282 2729 358 2794 439.
404 2728 472 2810 ὄψ’·
498 2726 572 2808 ἦμος
596 2729 674 2796 δ’ἐτί
698 2730 802 2812 δίρτον
825 2732 899 2812 οίνίρρ
922 2734 1068 2812 οίρορῦίεν
1092 2727 1204 2810 civicis
1219 2769 1238 2784 -
1252 2769 1290 2820 -,

282 2835 358 2902 441.
406 2843 503 2913 τῆμος
527 2837 561 2911 δίς
585 2837 627 2900 τοί
652 2862 691 2916 γε
716 2838 805 2917 δοῦριι
830 2839 1001 2919 Χαρύβδιος
1027 2837 1215 2922 ε’ξεφυοίνίυ.

189 2941 242 3008 Ad
277 2941 334 3008 hos
367 2945 469 3030 igitur
500 2964 608 3009 versus
640 2965 714 3010 cum
741 2944 893 3011 lemmate
924 2945 1089 3027 ἐελδομένῳ
1120 2946 1241 3036 legitur
1269 2951 1303 3014 in
1326 2949 1377 3016 H:

190 3052 384 3126 ἐπιθυμοῦντι
426 3050 576 3129 σωτηρίοις
609 3045 696 3124 ἦλίεν
726 3053 799 3134 ἀνὴρ
830 3051 966 3134 βραδέως
998 3056 1041 3126 εἷς
1074 3055 1207 3134 διῑτνον,
1244 3055 1308 3131 ἤτοι
1343 3057 1378 3122 τδ

129 3172 133 3183 ’
189 3155 330 3227 δειλινόν.
362 3157 415 3220 κοῦ
447 3157 559 3230 ἀνέστη
593 3159 656 3223 cini
688 3167 743 3234 τῆς
769 3161 895 3239 eoepit.
945 3157 1090 3228 Correxit
1114 3159 1283 3228 Oremerus
1307 3165 1379 3244 οὶννίρ

189 3282 246 3348 pro
266 3261 383 3328 codicis
403 3261 537 3328 lectione
557 3263 644 3341 αἰνήν,
665 3268 801 3331 correxit
821 3264 1003 3332 Dindcrfiue
1017 3268 1110 3354 (App.
1124 3289 1157 3354 p.
1171 3267 1250 3356 789)
1263 3270 1380 3336 δεῖπνον

189 3389 246 3455 pru
270 3368 397 3452 δεῖπνον,
423 3405 464 3418 -
489 3389 564 3436 vere
584 3370 643 3436 illc
661 3371 812 3457 quidem,
840 3410 882 3422 -
904 3392 1073 3439 monemur
1095 3382 1256 3459 prseteree
1282 3379 1381 3460 „udde

192 3479 276 3562 (poet
300 3475 386 3560 ἀνήρ)
412 3475 446 3550 ἐξ
469 3477 587 3558 ἀγορᾶς
612 3499 651 3544 ex
674 3479 728 3543 H’·
754 3478 873 3565 (Praei.
901 3501 932 3565 p.
956 3483 1044 3564 uxr),
1069 3481 1123 3546 sed
1144 3483 1220 3567 quid
1245 3484 1320 3550 heco
1341 3486 1381 3552 ud

191 3591 294 3648 totum
325 3581 515 3646 sententium
546 3583 792 3672 intellegendam
815 3589 971 3672 prosunt?
996 3586 1083 3666 Quae
1108 3587 1296 3654 brevissime
1320 3597 1383 3674 est,

192 3697 225 3756 et
266 3692 301 3754 in
342 3693 431 3754 tante
462 3688 618 3755 brevitate
649 3697 727 3776 quot
757 3693 852 3758 hebet
884 3696 1076 3780 aenigmate.
1125 3692 1203 3772 Quis
1237 3695 1384 3780 expediet

191 3797 336 3862 dativum
362 3793 578 3872 ἐπιίυμοῦντιί
623 3796 787 3864 Pendulus
819 3821 858 3865 ex
891 3795 977 3874 ῦλίιν
1009 3797 1104 3880 ἀνήρί
1150 3799 1185 3865 Si
1217 3820 1278 3865 uon
1310 3823 1384 3886 pen·

192 3903 261 3982 det,
298 3903 381 3969 unde
414 3903 539 3968 tandem
583 3903 788 3990 explicandus
832 3903 914 3972 eriti
956 3907 1022 3972 Neo
1066 3905 1194 3972 difficile
1238 3914 1285 3972 est
1307 3903 1383 3994 'pro

191 4011 326 4096 imperio
356 4015 513 4094 statuere,
537 4009 680 4076 addenda
703 4032 769 4077 esse
793 4031 831 4077 ex
850 4013 956 4078 codice
977 4013 1073 4078 verbu
1093 4011 1127 4088 ἐξ
1146 4017 1274 4093 clreicis.
1299 4013 1383 4078 illud

192 4115 354 4182 difficilius
388 4119 531 4195 dicetur,
567 4119 595 4182 si
629 4119 713 4204 quod
742 4116 937 4206 imperatum
967 4128 1016 4186 est
1045 4120 1197 4196 iacimus.
1226 4121 1384 4206 quomodo

192 4225 373 4308 accipienda
400 4226 465 4290 sini
488 4224 628 4310 insipida
651 4225 781 4292 haecce:
808 4228 1001 4306 ἐπιθυμοῦντι
1026 4229 1174 4308 σωτηρίοις
1199 4222 1286 4300 ἦλίεν
1311 4231 1383 4310 ἀνὴρ

228 4477 251 4535 1)
271 4477 304 4524 lle
321 4477 423 4526 confusis
441 4469 564 4532 Ἀττικῶς
582 4481 605 4525 et
623 4473 679 4526 ίιντδ
696 4479 741 4525 τοῦ
759 4477 846 4527 conier.
868 4479 931 4527 Buct.
951 4495 973 4544 p.
994 4475 1051 4529 793.
