3220 5144
866 317 931 424 498

307 499 468 596 Ιύιιρίιίιοσ
488 512 527 576 ab
548 509 768 576 ltbnceneibus
788 510 1088 576 eisuccensentibue
1100 511 1301 597 exagitatum
1314 508 1352 574 sd
1366 506 1493 574 Ulixem

307 618 484 705 profugisse
508 623 540 684 et
564 638 620 702 per
642 617 727 682 hunc
750 619 978 702 impunitatem
1003 635 1070 681 cese
1093 621 1311 681 consecutum:

465 725 517 791 τύν
537 727 561 806 ῤ’
585 722 686 788 ίύελον
709 725 820 805 φθῖσαι
844 725 895 788 καί
921 725 1106 803 οὐσορραίσαι
1131 723 1223 803 φίλον
1247 717 1316 801 ἦτορ

469 832 517 907 οὐδὲ
540 831 625 898 κατὰ
650 831 725 911 Zeira
749 830 885 911 Φαρὲειν
908 829 1068 908 μενοεικέα
1092 829 1228 905 τολλιίν·

467 939 541 1004 ἀλλ’
565 937 714 1012 Ὀδυσεὺς
738 935 886 1016 κατέρυκε
912 936 964 1000 ιιιιί
990 934 1117 1020 ἔσχεύεν
1141 935 1277 1014 ἱεμένους
1301 958 1368 1016 περ.

463 1049 516 1110 τοῦ
540 1048 587 1108 νῦν
614 1039 690 1108 οἷκον
714 1042 824 1122 ἄτιμον
849 1043 944 1118 ἔδεις,
969 1044 1056 1126 μνοίμ
1080 1043 1112 1108 δὲ
1135 1053 1282 1122 γυναῖκα.

305 1152 358 1220 Ad
387 1153 465 1218 haec
493 1150 538 1227 Q:
568 1151 682 1216 πλείων
706 1150 737 1215 δὲ
764 1151 779 1225 ἡ
804 1141 977 1232 κατηγορία
1000 1149 1046 1216 ὐτι
1071 1151 1122 1216 καί
1148 1158 1267 1226 πολλῆς
1291 1149 1396 1222 οὐσίας
1421 1149 1498 1230 ὶζη-

303 1261 416 1342 μίοιτον
437 1259 531 1326 αὐτὸν
555 1258 694 1332 ἐποίησεν
715 1257 729 1323 l
753 1255 1030 1330 'obventionibus
1050 1259 1146 1323 τλείιο
1163 1251 1385 1338 terrarubea
1399 1258 1416 1332 ἣ
1431 1281 1497 1339 κα·

305 1367 437 1451 ρίζεσίαι
462 1362 507 1431 ὐτι
531 1363 636 1432 τολλίι
661 1363 741 1445 ἔχων
765 1371 816 1430 νῦν
840 1364 991 1445 οίλλίτριοι
1015 1365 1115 1430 ίσίίει.
1151 1363 1188 1430 In
1212 1367 1316 1450 priore
1340 1369 1499 1432 sententia

302 1475 509 1564 participium
534 1471 631 1540 debet.
668 1471 739 1538 Non
763 1473 850 1538 enim
871 1469 942 1538 ideo
963 1470 1077 1538 Ulixes
1097 1473 1229 1538 Antinoi
1242 1475 1364 1557 patrem
1377 1491 1499 1560 magno

303 1580 453 1649 beneficio
476 1580 709 1656 obstrinxerat,
735 1578 819 1664 quod
843 1599 917 1644 eum
937 1585 1055 1651 πολλοῖς
1076 1579 1181 1652 οὐσίας
1201 1577 1374 1659 ὐζιςμίιοτον
1394 1577 1500 1644 reddi-

306 1690 411 1772 derat,
437 1723 477 1736 -
503 1706 623 1754 novum
648 1685 707 1752 hoo
731 1691 779 1751 est
802 1705 838 1752 ac
861 1683 1036 1750 ridiculum
1060 1684 1203 1752 beneficii
1227 1705 1347 1773 genus,
1373 1723 1416 1734 -
1441 1685 1499 1750 sod

306 1791 389 1880 quod
424 1814 498 1858 eum
534 1794 591 1858 etsi
617 1793 741 1858 divitiis
768 1789 1035 1877 praepollentem,
1059 1791 1137 1858 adeo
1161 1797 1198 1856 ut
1222 1789 1378 1857 mulctam
1404 1790 1500 1857 facile

306 1900 427 1967 solvere
446 1903 619 1986 potuisset,
640 1905 747 1966 tamen
767 1901 852 1965 omni
872 1919 973 1983 poena
985 1897 1187 1966 liberaverat.
1235 1898 1347 1985 ltaque
1359 1899 1500 1964 scriben-

305 2008 401 2078 dum:
431 2002 476 2071 ὐτι
507 2005 559 2071 καί
585 2012 702 2079 πολλοῖς
728 2005 831 2077 οὐσίας
855 2003 1003 2091 (οὔσης)
1028 2003 1202 2084 οὐζιιμίιοτον
1226 2007 1320 2072 αὐτὸν
1344 2006 1498 2082 ἐποίησεν.

304 2115 514 2201 Sequentium
546 2115 664 2178 vitium
691 2111 831 2179 iudicare
852 2133 1002 2198 possum,
1023 2123 1109 2180 certo
1133 2113 1274 2180 remedio
1297 2111 1410 2179 tollere
1433 2133 1500 2178 non

304 2242 444 2309 possum.
470 2219 620 2306 Spectant
630 2219 708 2284 haec
721 2219 908 2288 Homerica:
928 2223 982 2284 τοῦ
1004 2225 1054 2286 νῦν
1078 2215 1156 2286 οἶκον
1178 2219 1326 2297 ἄτιμον
1350 2219 1443 2296 ἔδεις,
1465 2224 1499 2284 in

306 2331 422 2415 quibus
441 2327 635 2392 adiectivum
658 2324 778 2411 triplici
791 2326 885 2392 modo
896 2328 1127 2411 accipiebatur,
1141 2327 1232 2392 cuius
1243 2329 1289 2391 rei
1301 2347 1386 2392 nunc
1397 2326 1500 2393 exiles

305 2434 456 2519 reliquiae
491 2435 524 2498 in
559 2433 675 2498 nostris
710 2431 845 2498 Scholiis
881 2439 1060 2518 supersunt.
1108 2429 1233 2517 Quippe
1274 2435 1308 2497 in
1339 2431 1397 2508 Qv
1429 2441 1498 2500 est:

303 2539 430 2618 ἄτιμον·
467 2538 536 2604 οίντί
572 2541 625 2604 τοῦ
658 2538 797 2622 ἀτίμως,
821 2539 854 2603 in
878 2535 962 2604 BH:
988 2539 1187 2617 οίτιμύριςτον.
1213 2535 1287 2609 ἔδεις
1315 2533 1421 2626 (elueri
1450 2539 1498 2625 Ηί

304 2650 335 2714 δὲ
372 2655 498 2726 προῖκα,
534 2644 578 2722 ab
614 2643 831 2722 καταβάλλων
867 2645 922 2717 σὺν
956 2649 1048 2721 τιμὴν
1083 2651 1141 2709 τῶν
1174 2644 1360 2732 ἐσθιομένων,
1398 2645 1501 2712 Erant

303 2757 407 2844 igitur
441 2755 497 2840 qui
532 2749 745 2837 explicarent:
780 2757 897 2834 „atque
924 2750 1020 2816 huius
1052 2753 1114 2817 viri
1145 2771 1230 2816 nunc
1261 2771 1336 2837 opes
1368 2754 1501 2836 turpiter

307 2859 452 2947 (ἀτίμοις)
498 2856 645 2942 comes”,
690 2863 779 2922 erant
817 2857 873 2942 qui
912 2857 1051 2940 ,μ’νοροονε
1092 2855 1312 2946 (ἀτιμώρητον)
1355 2861 1499 2939 comee”‚

305 2972 394 3035 eraut
418 2973 450 3031 et
472 2965 589 3050 quibus
609 2963 764 3049 placaret:
793 2963 925 3048 „proriis
944 2963 1075 3030 comee”.
1107 2961 1200 3030 Hanc
1223 2965 1376 3032 ultimam
1398 2968 1500 3034 inter·

303 3075 513 3160 pretationem
536 3074 652 3137 nostris
677 3091 801 3156 quoque
824 3073 981 3158 corruptis
1005 3073 1107 3138 inesse
1127 3075 1279 3158 suspicor.
1314 3071 1379 3148 Tu,
1394 3111 1434 3123 -
1452 3077 1500 3140 sic

302 3203 342 3247 ex
363 3179 461 3245 buius
483 3179 639 3244 sententia
661 3176 819 3264 Penelope
842 3178 945 3244 dicere
968 3179 1113 3265 videtur,
1136 3217 1178 3232 -
1202 3182 1254 3246 cui
1268 3184 1376 3246 tamen
1389 3179 1500 3247 Ulixis

304 3283 454 3354 beneficio
485 3290 592 3352 tantae
616 3304 691 3370 opes
714 3290 789 3350 sunt
811 3283 961 3370 relictae,
983 3286 1091 3371 potius
1112 3287 1203 3354 nobis
1227 3285 1351 3373 aliquid
1373 3288 1497 3374 imper-

304 3395 364 3458 tire
396 3413 492 3478 quam
523 3390 612 3458 nullo
643 3393 745 3478 pretio
778 3391 903 3458 reddito
924 3397 1032 3458 nostra
1055 3395 1216 3460 comedere
1239 3392 1384 3460 debebas.
1430 3393 1497 3464 Sed
1585 3449 1586 3482 ς

304 3502 375 3585 quie
397 3499 475 3566 haec
498 3519 536 3564 ex
560 3498 666 3565 verbis
690 3493 766 3563 εἶναι
789 3499 805 3576 ἢ
827 3495 1028 3580 χαρίζεσθαι,
1043 3537 1083 3548 -
1098 3520 1172 3566 nam
1192 3500 1244 3566 his
1261 3503 1380 3568 vitium
1392 3504 1498 3570 inesse

304 3606 386 3671 mihi
409 3603 553 3688 videtur,
578 3641 622 3654 -
648 3603 713 3671 ullo
736 3605 831 3671 modo
854 3601 981 3670 eliciat?
1005 3606 1053 3670 lln
1075 3606 1316 3694 corrigendum:
1337 3605 1415 3674 ὐστε
1436 3626 1496 3676 τοι.

304 3713 362 3791 cit).
394 3711 640 3792 χαρίζεσίαι
667 3713 682 3786 ἢ
711 3711 962 3798 (ὐσομ)εῐναι
988 3709 1033 3778 ὐτι
1058 3710 1151 3780 κτλί
1196 3713 1380 3784 Notandum
1403 3738 1498 3803 pree·

304 3827 390 3884 terea
419 3817 458 3884 ad
489 3819 632 3902 primum
664 3839 760 3903 quem
794 3819 891 3884 citavi
923 3838 1052 3884 versum
1076 3819 1156 3886 banc
1178 3822 1303 3886 variam
1326 3822 1497 3890 lectionem

305 3927 443 3993 brevitor
466 3923 582 3989 adferri
604 3945 643 3990 ex
666 3924 719 3992 M:
744 3931 923 3990 κτεῖναι·
948 3949 996 4004 71⁰·
1023 3925 1176 4014 Φίεΐσίοιι.
1202 3926 1307 3994 Immo
1326 3929 1497 3996 unalitoru

304 4031 452 4118 dempta:
477 4031 667 4113 φίεῑσαι,
691 4034 713 4095 i.
728 4033 901 4112 e.<olr'rcr,
927 4031 1009 4117 quod
1034 4021 1117 4097 nunti
1139 4032 1209 4099 iure
1232 4033 1420 4119 praefertur.

350 4267 394 4318 τ,
430 4242 508 4312 471.
553 4239 702 4324 Ἕρμαιος
738 4239 834 4323 λίφοι
859 4241 901 4327 1),
932 4264 1027 4329 quem
1058 4241 1218 4312 Eumaeus
1248 4251 1495 4324 commemorat,

339 4469 365 4534 1)
391 4467 430 4518 Sic
456 4465 555 4533 plurimi
581 4463 759 4522 recentiorum,
777 4477 825 4514 nou
841 4459 1068 4528 πρστνριστιιμίνινι
1091 4479 1147 4516 cum
1169 4463 1310 4526 llurtatbio,
1331 4464 1493 4516 Hsmdiauum
