3242 5140
718 351 784 418 485

150 566 243 620 πετο,
263 544 301 614 cic
322 541 373 610 καί
396 541 486 608 ἄλλοι
508 543 579 606 θεῶν
591 540 713 616 παῖδες.
738 539 832 607 Nunc
852 540 982 626 quidem
1002 545 1199 625 nonpoterct
1211 535 1338 602 meiius.

195 777 231 832 ιι,
256 749 332 817 296.
380 749 557 816 Mercurius
581 751 619 816 de
643 748 733 817 Circe
756 751 796 816 ed
820 749 968 818 Ulixem:
995 754 1011 826 ῆ
1031 749 1062 815 δέ
1083 753 1111 813 σ’
1133 747 1339 814 ύτοδδείσασα

150 861 317 934 κελήσεται
350 857 516 932 εύνηθῆναι.
564 855 699 923 Factum
730 859 763 922 id
795 859 827 922 ού
860 856 898 923 δι’
924 858 1116 928 ἀκολασίαν,
1142 852 1218 920 ἀλλ’
1244 853 1280 932 ἐξ
1303 851 1342 919 ὧν

150 973 293 1047 προεῖπεν
322 967 337 1028 θ
368 967 483 1043 Ἐρμῆς
516 964 612 1048 (infra
641 985 687 1028 vs.
721 963 800 1046 331)
826 963 1017 1044 λογισαμένη
1042 965 1079 1035 οῦς
1104 961 1260 1042 θεοφιλής.
1286 961 1341 1044 (Q)

151 1071 256 1138 Immo
279 1073 317 1142 ὥς
342 1073 524 1152 θεοφιλῆ.
573 1067 779 1156 significatur
801 1091 863 1136 non
888 1067 997 1147 Circe,
1022 1069 1075 1136 sed
1099 1067 1222 1135 Ulixes.

198 1310 232 1360 κ,
259 1281 336 1350 801.
383 1283 589 1368 Paraphrasis
613 1284 652 1350 ad
676 1285 721 1360 μῆ
746 1283 773 1346 σ’
795 1283 1059 1362 ἀπογυμνωθέντα
1085 1285 1177 1350 aazia
1198 1284 1251 1349 sci
1272 1284 1345 1358 οίνῆ·

153 1416 222 1472 νορα
248 1391 326 1468 θείηί
349 1389 505 1467 μηδεμίαν
525 1391 664 1468 οίνδρείαν
684 1389 811 1471 ἔχοντα,
832 1392 848 1466 ῆ
870 1391 980 1466 μηκέτι
1001 1391 1106 1473 ἄνδρα,
1128 1392 1215 1456 ἀλλὰ
1236 1393 1344 1470 θηρία.

154 1499 209 1588 (Τ)
233 1497 445 1584 Reponendus
468 1496 640 1586 singularis
664 1497 752 1562 ἀλλὰ
776 1498 919 1577 θηρίον.

199 1735 233 1788 ιι,
248 1710 324 1790 314,
339 1709 415 1778 315.
464 1703 539 1776 Εἷσε
563 1708 595 1773 δέ
618 1710 653 1785 μ’
678 1711 900 1786 είσαγαγοῦσα
925 1709 975 1774 ἕπί
1001 1710 1099 1789 θρθνου
1122 1709 1308 1790 ἀργυροήλου

468 1821 581 1893 καλοῦ,
606 1815 787 1884 δαιδαλέου·
814 1817 871 1881 ύπθ
896 1815 927 1881 δέ
951 1819 1053 1896 θρῆνυς
1083 1817 1170 1882 ποσίν
1193 1812 1254 1889 ἦεν.

152 1924 205 1990 Ad
237 1924 295 1990 hos
324 1944 436 1989 virens
465 1929 649 2008 excerptum
681 1925 829 1989 criticum
847 1923 988 2010 {praebet
1019 1923 1064 2002 Q,
1097 1930 1135 1990 ut
1157 1945 1216 2011 ego
1239 1923 1345 1991 iudico

153 2029 296 2116 Didymo
326 2028 524 2106 submotum,
558 2037 595 2094 ut
625 2029 838 2108 Schmidtins,
874 2031 1072 2104 Aristonico,
1097 2029 1211 2096 leviter
1234 2033 1346 2116 utique

156 2142 358 2223 corruptumt
389 2136 419 2200 ἐν
451 2135 566 2208 τούτοις
596 2133 787 2200 ἐπετέτακτο
811 2135 846 2199 τθ
874 2141 1007 2218 ,καλοῦ,
1031 2135 1210 2219 δαιδαλέου,
1235 2137 1293 2200 θτθ
1316 2136 1348 2202 δὲ

156 2235 267 2325 θρῆνυρ
290 2243 379 2308 ποσίν
412 2241 501 2318 heaf
530 2243 563 2307 ού
595 2243 697 2319 μέντοι
731 2244 803 2322 παρ’
835 2243 1042 2322 ’λριστοίρχιρ
1089 2227 1287 2308 Schmidtius
1316 2249 1349 2307 et

155 2357 227 2438 post
259 2371 333 2416 eum
363 2347 537 2414 Larochins
569 2349 665 2414 verbe
697 2350 765 2412 sinc
789 2349 857 2414 ulls
881 2347 1077 2434 corruptelae
1101 2350 1277 2436 suspicione
1300 2371 1348 2414 re·

156 2460 358 2544 petiverunt;
395 2453 575 2522 Dindorfiue
611 2454 726 2520 merito
760 2453 889 2521 offendit
918 2458 952 2519 in
984 2455 1013 2518 έν
1043 2456 1177 2532 τούτοις,
1208 2476 1265 2540 pro
1286 2476 1347 2542 quo

146 2569 340 2654 ¹„exspectee
375 2563 454 2627 τισίν
490 2561 542 2627 vel
578 2561 674 2632 ἐνίοις.
723 2559 857 2648 Legitur
892 2561 945 2626 hie
975 2583 1084 2626 versus
1117 2563 1225 2648 (quem
1257 2561 1283 2626 'P
1312 2565 1347 2628 in

157 2672 303 2758 margine
327 2669 423 2736 habet
446 2690 465 2734 a
487 2689 531 2734 m.
556 2667 632 2750 rec.)
657 2667 739 2732 infra
764 2665 828 2732 367
853 2676 885 2732 et
908 2692 930 2731 α
957 2665 1051 2732 131.”
1086 2665 1174 2733 Haec
1197 2667 1262 2734 ille.
1303 2671 1348 2734 At

155 2779 270 2843 vitium
307 2779 375 2861 ipse
406 2775 609 2860 potissimum
635 2776 668 2838 in
692 2776 923 2860 praepositione
947 2773 1177 2858 quaesiverim,
1200 2780 1238 2838 ut
1259 2774 1347 2862 lega-

154 2891 224 2948 tur:
249 2881 316 2947 ἐπί
340 2881 467 2961 τούτῳ
490 2880 680 2946 ἐπετέτακτο
702 2883 736 2944 τὸ
759 2879 899 2956 ,,καλοῦ”
913 2896 997 2955 ιιτλ.,
1012 2881 1046 2946 id
1065 2886 1114 2946 eet
1133 2880 1346 2960 μεσίιτοῦπον,

156 2989 239 3076 quod
274 3011 312 3055 ex
347 2991 503 3056 sexcentis
538 2987 617 3053 locis
658 2988 710 3052 hio
746 3008 829 3052 unus
857 2983 1084 3073 Xenophontis
1118 2987 1348 3054 demonstrabit

55 3173 61 3184 ,
158 3094 285 3183 (Cyrop.
312 3095 359 3174 II,
380 3093 412 3161 II
432 3098 450 3180 ξ
473 3093 524 3178 6);
550 3097 669 3170 σπῆσας
694 3095 745 3159 σθν
769 3093 913 3175 λοχαγὸν
936 3101 1050 3174 πρῶτον
1074 3094 1125 3158 καί
1151 3093 1280 3172 στίξας
1305 3093 1347 3170 δέη

157 3202 215 3266 ἐπ’
249 3203 355 3282 αὐτῷ
387 3200 483 3280 ἄνδρα
511 3199 642 3265 νεανίαι.
691 3199 805 3285 Itaque
828 3201 1047 3278 Aristarchus,
1073 3207 1230 3286 expuncto
1253 3223 1346 3268 versu

159 3311 237 3374 satis
257 3307 373 3392 dehiii,
397 3309 628 3395 coniungebat:
653 3303 716 3371 εἷσε
742 3305 773 3371 δέ
798 3305 832 3384 μ’
857 3309 1077 3384 εἰσαγαγοῦσα
1102 3309 1152 3372 ε’πί
1177 3309 1273 3385 θρόνου
1296 3310 1348 3388 α’ρ-

160 3415 325 3494 γυροῆλου,
340 3426 357 3498 ΙΙ
369 3413 458 3492 τεῦξε
481 3413 513 3478 δέ
535 3438 585 3488 μοι
605 3421 699 3482 κυκεῶ
721 3414 840 3494 χρυσέῳ
853 3412 950 3494 δέπζι,
963 3411 1046 3493 θφρα
1058 3413 1168 3490 πίοιμι.
1193 3413 1220 3476 Ε
1232 3417 1349 3479 nostris

158 3521 251 3587 libris
281 3527 404 3606 praeter
436 3519 462 3586 Τ
494 3519 577 3584 hunc
606 3540 734 3584 versum
759 3521 884 3584 omittit
907 3518 1061 3584 Larochio
1084 3525 1164 3584 teete
1186 3517 1348 3606 Stuttgur-

160 3630 258 3694 tensis
281 3634 426 3705 tantum,
449 3630 602 3712 pessimae
625 3633 718 3692 notae
742 3617 849 3692 codex.

204 3874 240 3928 κ,
268 3843 343 3909 324.
394 3846 456 3908 Καί
479 3845 513 3920 μ’
539 3842 744 3922 ὀλοφυρομένη
770 3840 850 3906 ἔπεα
875 3840 1042 3918 πτερόεντα
1065 3841 1229 3920 προσηύδα.
1269 3843 1348 3908 Par·

159 3955 308 4038 ticipium
343 3950 489 4016 mutabat
524 3947 762 4055 Aristpphanes.
809 3948 1033 4029 Ἀριστοφάνης
1071 3949 1144 4030 ,καί
1178 3973 1218 4024 με
1243 3966 1346 4014 λισσο-

160 4059 267 4138 μένη.”
303 4059 354 4121 καί
392 4055 472 4120 ἔστιν
506 4058 559 4120 οῦκ
590 4051 705 4136 ἄχαρις
741 4059 757 4130 ῆ
790 4055 912 4134 γραφῆ.
948 4053 1031 4118 οὐδέν
1061 4055 1124 4133 γοὶρ
1150 4057 1348 4134 θλσΦυρτικθν

160 4165 247 4244 λέγει
280 4163 346 4230 καί
381 4160 513 4240 ε’σύγει,
546 4182 626 4246 quae
657 4162 797 4248 Didymo
821 4165 948 4246 accepta
971 4161 1147 4226 referimus.
1173 4161 1234 4247 (H)
1257 4161 1350 4228 Prae·

161 4275 279 4340 feram:
314 4269 397 4336 οὐδέν
433 4269 496 4346 γθιρ
536 4267 733 4348 ύλοΦυρτινιθν
770 4267 856 4343 λέγει
886 4265 928 4331 Ἣ
960 4267 1082 4345 ἕποίγει.
1131 4269 1352 4354 Aristophanis

161 4381 352 4464 ec1ipturam
384 4399 401 4442 e
434 4376 662 4442 recentioribus
687 4379 890 4440 tentaverunt
913 4371 1079 4439 Nuuckius
1102 4377 1215 4450 (Arist.
1238 4399 1269 4462 p.
1296 4377 1351 4463 45)

166 4493 197 4554 ct
231 4484 434 4561 Nitszehiue‚
469 4483 522 4548 hic
556 4481 606 4546 καί
638 4481 855 4558 μειλισσομένη
888 4481 1063 4566 proposito,
1095 4481 1152 4550 illc
1183 4483 1235 4547 καί
1260 4483 1291 4549 δέ
1314 4510 1356 4564 με
