3220 5144
681 345 746 442 ιιι

116 564 267 647 quinatur
310 561 463 630 vitiorum
481 572 672 649 'eorumque
709 563 835 631 medela
869 565 1070 652 perspicitur.
1124 561 1241 630 Statim
1277 563 1310 631 in

116 668 209 734 initio
242 669 443 736 seribendum
476 691 561 738 esee:
591 672 634 736 τοὶ
659 677 788 736 τοιαῦτα
815 673 828 737 ί
853 672 923 736 ’Oi
951 671 1046 754 ἐρωτᾷ
1071 705 1124 721 --
1148 673 1214 751 περὶ
1241 676 1312 737 τοῦ

117 773 256 840 συνειίνου
280 777 408 850 αὐτῆς
434 777 485 841 καί
511 781 579 841 τοῦ
605 777 770 862 παιδός,
791 778 974 864 probatione
992 797 1055 843 non
1074 799 1167 866 egere
1188 785 1310 864 putem.

116 881 257 967 Sequens
291 885 448 948 sententia
483 882 578 968 plana
613 888 674 949 erit
708 891 741 949 st
775 888 941 970 perspicua
976 887 1099 969 sissto,
1131 884 1214 971 quod
1245 883 1311 950 iam

116 991 284 1074 proposui,
309 993 362 1055 τοῦ
386 987 560 1077 eodemque
584 997 655 1078 post
678 997 778 1064 καλῶς
804 995 944 1076 inserto,
964 999 1102 1059 correcto
1122 991 1220 1058 simul
1241 985 1309 1071 εἶχε

117 1095 168 1160 τὸν
204 1079 376 1180 ἐρωτῶντα,
404 1134 445 1145 -
469 1099 532 1162 nisi
567 1099 639 1184 quis
674 1099 821 1186 expedire
856 1101 955 1186 possit
990 1097 1067 1185 quid
1102 1099 1163 1165 sit:
1197 1095 1311 1172 είδησιν

118 1201 297 1280 λαμβοίνειν
326 1200 395 1285 ἔχει
422 1205 472 1270 τὸν
497 1205 673 1285 ἐρωτῶντα,
700 1243 741 1253 -
767 1204 851 1291 quod
875 1211 983 1271 tamen
1007 1226 1069 1272 nou
1093 1205 1211 1271 vitium
1234 1207 1311 1272 sori·

118 1308 232 1374 barum
267 1313 333 1386 est,
365 1309 419 1376 ssd
450 1308 572 1376 Struvii
604 1309 837 1392 παραδιίρίωσις
861 1332 915 1396 pro
939 1311 1056 1378 eodiois
1079 1312 1216 1378 leatione
1239 1307 1309 1394 είχε

118 1417 170 1480 τὸν
201 1413 309 1494 ἔρωτα.
356 1403 467 1502 Itaque
496 1416 670 1484 scribatur:
704 1417 815 1502 ἐπειδηΙ
843 1456 883 1467 -
916 1419 949 1483 οιί
973 1421 1078 1500 ψυχαί
1106 1407 1146 1467 -ἶ
1172 1417 1311 1494 αίσίηοιν

118 1517 228 1601 ἔχουσί
255 1521 319 1593 rue
348 1527 405 1586 τῶν
431 1522 503 1604 riis
528 1523 580 1588 καί
607 1529 718 1602 γνῶσιν
742 1525 994 1605 ιὶσωματωτίραν
1017 1523 1070 1591 καί
1095 1526 1310 1608 ἁπλουστέραν

117 1633 176 1693 τῶν
200 1629 431 1706 συντεθειμένων
456 1627 490 1693 ἔκ
511 1652 545 1694 τε
570 1635 679 1712 ψυχῆς
704 1629 757 1695 κοιῖ
778 1631 938 1716 σώματος,
958 1637 1061 1704 καλῶς
1080 1629 1175 1718 (τοῦ)
1195 1630 1310 1709 λαβεῖν

118 1739 176 1799 τῶν
199 1721 339 1799 τοιούτων
362 1733 418 1809 την
443 1735 555 1809 είδηιιιν
580 1735 613 1800 ἐκ
637 1743 692 1812 τῆς
717 1736 861 1818 μητρῴας
883 1743 990 1819 ψυχῆς
1018 1737 1159 1820 είχετο
1188 1737 1310 1816 ἔρωτι.

118 1839 181 1906 eeu
205 1843 350 1906 omnium
375 1843 512 1926 pessima
536 1841 679 1908 muleata
705 1851 780 1908 sunt
803 1847 957 1910 extrema.
981 1842 1163 1910 Pellussbit
1186 1851 1310 1911 senten·

80 2029 85 2042 .
119 1947 183 2029 tia,
207 1947 263 2012 ubi
286 1946 339 2012 hia
361 1966 486 2036 quoque
510 1947 620 2013 aisetis
645 1950 683 2020 ὥς
707 1969 745 2013 ex
764 1949 999 2038 dittographia,
1020 1957 1057 2014 ut
1077 1949 1215 2027 videtur,
1236 1957 1310 2017 usto

119 2058 152 2119 et
184 2055 197 2119 ί
229 2052 398 2123 Ὀδυσσεύς
430 2053 537 2142 glossa
557 2055 684 2134 inutili,
711 2067 834 2122 austera
857 2059 1029 2122 constituta
1053 2043 1145 2121 erunt
1169 2055 1201 2122 in
1226 2056 1311 2123 hune

122 2159 273 2226 modum:
307 2158 376 2236 ἑξῆς
401 2159 453 2225 καί
479 2161 540 2225 ἐνὸν
565 2161 689 2235 ἤκουσεν
713 2157 793 2242 ίίπερ
816 2162 910 2236 αὐτὸς
936 2163 1006 2241 πρὸ
1031 2169 1085 2234 τῆς
1111 2161 1224 2226 αὐτοῦ
1244 2163 1311 2243 ίρω·

124 2267 238 2343 τίσεως
263 2269 316 2333 οὐκ
340 2269 504 2347 ἐγίνωσκεν
526 2266 728 2349 οὐδαμῶς,
753 2267 885 2355 καί(πε
894 2270 922 2357 ρ)
946 2266 1038 2334 τίπον
1062 2264 1145 2350 τίπω
1168 2269 1311 2348 ἀμείβων

121 2374 314 2450 ίδιίστηνοο.

166 2604 204 2668 ιι,
230 2587 307 2655 alo.
353 2588 526 2658 Homerios
554 2592 738 2677 paraphrasi
768 2594 813 2658 sic
836 2587 1029 2657 dilatantur':
1054 2587 1090 2675 ἦ,
1114 2592 1226 2672 Φηοίν,
1250 2587 1320 2672 οὐχ’

121 2695 273 2779 ὐποίρχεις
306 2695 343 2762 σὺ
377 2698 393 2772 ri
426 2697 484 2774 ἐμίν
515 2699 633 2777 μήτηρ,
665 2698 741 2763 saa·
766 2695 887 2762 είδωλίν
910 2721 940 2761 τι
965 2697 1016 2762 καί
1042 2697 1251 2776 ἀποσκίασμα
1275 2696 1310 2762 τὸ

121 2803 196 2884 παρ’
220 2802 286 2880 ἐμοὶ
312 2807 361 2868 νῦν
386 2803 530 2882 ίροίμενιίν
555 2806 651 2881 ἐστιν;
678 2803 768 2890 (HQ)
796 2803 836 2870 In
859 2801 893 2868 Η
917 2811 964 2870 est
988 2804 1071 2882 ἐμοί,
1098 2806 1131 2868 iu
1156 2801 1198 2888 Q:
1224 2805 1310 2881 ἡμῖν.

119 2909 279 2976 Neutrum
303 2914 444 2988 reatum,
471 2910 584 2976 aedri
609 2914 681 2991 παρ’
703 2910 801 2987 ἐμοῦ
828 2945 847 2960 -
873 2911 1027 2991 ίρώμενον.

166 3138 204 3201 λ,
229 3120 307 3188 238.
355 3119 496 3208 liuipeus
519 3123 719 3209 praedicatur
741 3126 819 3192 πολὺ
839 3124 1007 3199 κάλλιστος
1030 3126 1189 3200 ποταμῶν.
1213 3123 1314 3205 Quae·

123 3232 221 3295 ritus:
253 3235 316 3300 πῶς
348 3223 396 3293 οὖν
427 3229 458 3292 ἒν
488 3229 598 3296 'lerdis
632 3231 645 3295 ί
675 3229 802 3307 Ἀξιοσς
832 3231 848 3308 ἢ
873 3237 926 3296 τοῦ
951 3232 1008 3308 μὲν
1033 3227 1136 3307 Ἀξίου
1161 3230 1195 3297 τὸ
1220 3228 1312 3310 ὕδωρ,

125 3340 178 3400 τοῦ
214 3335 245 3400 δὲ
286 3334 429 3406 Ἐνιπέως
462 3335 497 3399 τὸ
529 3339 633 3414 σῶμα.
666 3331 729 3403 ίίεν
761 3339 813 3402 καί
844 3337 973 3419 ἐραστοί.
1005 3335 1049 3423 (V
1052 3341 1064 3420 )
1096 3335 1314 3403 Buttmsnuus

126 3443 282 3522 ἠράσσατο
318 3440 468 3518 coniecit,
505 3442 605 3527 possis
640 3442 757 3510 lanius:
798 3441 863 3509 ίίεν
898 3445 950 3509 καί
984 3443 1172 3530 ίραοτίν,
1203 3465 1247 3510 sc.
1278 3443 1314 3507 τί

124 3557 226 3628 σῶμα.
250 3545 356 3614 Simul
381 3553 526 3634 apparet,
552 3548 686 3615 alteram
711 3549 902 3619 solutionem
930 3551 1027 3634 (κατὰ
1045 3547 1142 3636 λέξιν)
1161 3550 1315 3616 excidisse

123 3660 157 3721 in
187 3655 247 3720 hae
276 3654 413 3739 epitoma
445 3675 574 3738 sorum,
607 3676 687 3742 quas
718 3656 843 3744 planius
874 3656 1028 3744 leguntur
1051 3655 1090 3722 sd
1113 3677 1160 3721 vs.
1185 3654 1251 3720 239
1275 3675 1315 3720 er

123 3757 227 3843 flou,
252 3757 329 3826 lieet
351 3758 429 3825 hasa
452 3766 486 3825 st
507 3761 577 3847 ipss
600 3761 853 3850 compendifaeta
875 3763 961 3828 sint(

170 3985 207 4053 λ,
231 3965 308 4034 271.
355 3966 454 4040 Λοίϊος
478 4007 520 4020 -
534 3969 686 4043 μαντείαν
711 3971 820 4048 λαβὼν
844 3967 889 4036 ίτι
913 3973 928 4035 ι’
951 3969 1131 4048 τικτόμενον
1155 3979 1231 4042 παῖς
1257 3972 1315 4036 ἄπ’

125 4075 220 4141 αὐτοῦ
244 4075 364 4152 ὶναιρεῖ
385 4072 490 4150 αὐτόν,
521 4073 713 4151 Ἐπικοίστην
738 4077 846 4154 μίμοις
872 4083 967 4160 γεννᾷ
994 4077 1146 4143 Οἰδίποδα
1169 4077 1221 4142 καί
1247 4081 1316 4143 τοῦ·

124 4203 175 4247 τον
200 4181 342 4255 ἕκτίίηοι.
369 4179 426 4266 (Vt
453 4181 631 4247 Audiverst
654 4181 769 4259 Laius,
794 4185 914 4274 opinor,
940 4179 985 4248 ὅτι
1006 4181 1019 4248 ὁ
1040 4183 1217 4260 τικτίμενος
1239 4191 1315 4256 ταῖς

127 4289 186 4354 ὑπ’
219 4287 313 4352 αὐτοῦ
344 4287 561 4365 οίνοιιριίσει
595 4286 699 4354 αὐτίν.
731 4288 903 4356 Interiectu
925 4297 1067 4376 tempore
1091 4288 1230 4375 Oedipus
1248 4311 1316 4356 ms·

126 4402 209 4460 trem
241 4392 361 4458 inscius
383 4393 417 4457 in
441 4395 685 4459 matrimonium
710 4395 800 4461 ducit
823 4395 1048 4474 ἐπιλησόμενος
1072 4395 1186 4468 τὸτῆς
1211 4402 1316 4477 Σφιγ-

128 4501 183 4578 γὸς
215 4497 351 4578 αίνιμμοι
381 4499 417 4564 τὸ
441 4498 550 4584 λέγον,
575 4499 608 4564 τί
632 4499 754 4586 δίπους,
778 4501 811 4566 τί
833 4501 973 4584 τρίπους,
999 4501 1032 4568 τί
1054 4502 1238 4583 τετράπους.
1262 4503 1316 4569 καί

1441 608 1455 652 R
