3242 5140
857 335 921 403 368

291 527 528 610 pspnsopivnr',
560 527 635 590 ἀλλ’
667 527 904 604 ύτοννονμένηςέ
952 527 1127 595 Possumus
1151 526 1277 614 quidem
1303 533 1482 612 corruptum

291 653 422 699 uxorem
447 653 514 699 esse
538 635 707 719 suspicari,
737 634 854 700 indicio
877 655 937 700 non
962 637 1062 714 lauto;
1088 655 1127 701 sn
1151 635 1235 700 fusto
1257 633 1376 700 indicio
1393 635 1480 700 idam

291 741 443 824 suspicari
466 739 605 825 emplius
627 761 689 804 non
713 739 902 826 possumusl
949 741 1060 808 Nonne
1084 763 1122 808 ex
1145 740 1285 825 indiciis,
1308 743 1482 808 sinereris

291 844 356 910 illis
388 847 455 910 sive
488 843 588 922 fietis,
616 846 771 912 eiusmodi
795 850 986 933 suspiciones
1009 853 1047 913 ut
1069 847 1248 934 plurimum
1272 853 1364 912 natae
1387 845 1481 914 sunit

295 951 332 1016 at
354 952 430 1038 quid
455 952 582 1017 tandem
608 955 659 1018 vir
683 953 885 1019 doctissimus
905 961 937 1020 et
956 956 1023 1041 ipse
1042 957 1198 1042 cogitavit
1217 959 1249 1018 et
1267 974 1323 1020 nos
1341 955 1483 1040 cogitare

288 1059 394 1136 iubet,
420 1079 494 1124 oum
515 1058 618 1126 lacera
641 1060 737 1126 verba
760 1061 939 1127 διακωλύειν
962 1060 1034 1126 ύτα
1045 1107 1162 1127 ......
1187 1061 1419 1138 τετολμημένης
1434 1062 1479 1124 itn

289 1165 466 1251 suppleret:
502 1165 680 1232 διακωλύειν
711 1165 840 1234 ἅπαντα
869 1171 911 1232 τύ
936 1165 1153 1247 τολμύματαέ
1200 1166 1290 1247 Quod
1314 1168 1342 1232 si
1364 1187 1477 1234 verum

289 1278 352 1348 est,
385 1273 425 1337 nd
448 1273 524 1358 quid
548 1275 720 1359 pertinebit
742 1275 852 1340 statim
877 1295 1012 1361 sequens
1036 1274 1228 1340 femininum
1252 1270 1372 1346 αύτῆςέ
1420 1271 1479 1338 Vo-

288 1379 405 1445 luitne:
440 1381 656 1457 ύτονοονμένης
681 1389 736 1455 τῆς
761 1383 876 1462 φύοροῖς
901 1381 1079 1447 διακωλύειν
1103 1379 1270 1447 ύοοαντα
1294 1379 1337 1443 τα
1361 1381 1480 1458 τολμύ-

289 1509 381 1563 ματα
405 1492 459 1559 τῆς
483 1483 620 1566 elosae?
667 1487 777 1573 Itaque
801 1487 839 1554 de
863 1487 1019 1554 adulterio
1043 1487 1155 1552 indicio
1181 1487 1264 1553 lauto
1286 1484 1479 1572 (μεμηνυμέ-

289 1593 354 1680 νηρ)
377 1614 439 1659 uon
460 1594 567 1659 omnia
589 1595 718 1679 quidem
742 1601 797 1668 τῆς
820 1597 933 1676 Φύορῖος
959 1596 1153 1673 τολμήματα
1174 1593 1348 1660 cohibenda
1367 1599 1477 1668 eruut,

290 1707 323 1765 at
348 1700 502 1786 quaedam
528 1698 656 1767 tumen?
691 1699 803 1788 Neque
827 1703 841 1766 ύ
867 1701 959 1781 λύγος
984 1699 1054 1782 εἶχε
1078 1723 1181 1768 errore
1205 1705 1311 1778 vanai,
1336 1719 1373 1764 uo
1396 1697 1480 1762 mnl·

290 1813 361 1872 tum
394 1825 519 1886 vereor,
553 1812 590 1873 ut
620 1808 755 1874 editores
778 1809 831 1874 hio
855 1811 923 1874 eius
949 1812 1015 1875 vim
1040 1807 1206 1874 commodo
1228 1805 1383 1872 recordati
1406 1805 1480 1870 sint.

290 1911 382 1978 Valet
404 1917 506 1980 enim:
540 1937 639 1978 ταωνι
662 1916 791 1992 obtine,
816 1917 899 2002 quod
924 1917 978 1981 hio
1001 1915 1146 2002 inprimis
1169 1913 1350 1978 ridiculum.
1398 1911 1481 1978 Satis

289 2039 446 2106 superque
468 2023 545 2088 haee
569 2029 644 2087 sunt
667 2022 706 2087 ad
730 2022 864 2089 Prelleri
888 2025 1055 2090 conamina
1074 2021 1246 2088 sententiae
1265 2018 1480 2085 restituendae

289 2145 416 2210 prorsus
446 2127 587 2194 infelicis
616 2129 793 2194 evertenda.
840 2129 877 2194 In
900 2129 926 2196 'P
948 2151 1007 2196 non
1034 2135 1082 2195 est·
1105 2127 1320 2205 μεμηνιμένως
1345 2127 1400 2192 sed
1424 2151 1480 2203 με·

289 2231 462 2319 μιγμένης,
493 2240 525 2299 et
548 2237 655 2321 ipsum
679 2236 869 2314 absurdum,
895 2239 922 2302 si
946 2235 1074 2322 quidem
1098 2239 1182 2301 recte
1206 2237 1251 2300 sio
1275 2233 1396 2299 leoturn
1421 2237 1478 2298 est.

290 2339 359 2420 Quo
390 2361 483 2406 sensu
513 2340 620 2407 velent
650 2343 783 2407 ύτονοεΐν
822 2363 915 2409 nemo
946 2346 1055 2408 nescit.
1102 2341 1237 2407 Ponitur
1266 2341 1304 2404 de
1335 2361 1413 2404 νοαο
1443 2359 1479 2403 eo

289 2445 476 2534 plerumque
507 2447 586 2514 salsa
616 2449 769 2533 opinione,
801 2451 888 2514 nulla
919 2461 1000 2514 certo
1028 2449 1153 2514 ιονιιιίιίο
1181 2448 1274 2524 κύνα,
1306 2445 1411 2532 qualis
1440 2467 1478 2512 ex

207 2541 219 2570 ⁸
289 2553 549 2640 philosophorum
572 2561 718 2620 veterum
741 2563 847 2622 mente
867 2559 971 2622 omnis
989 2533 1130 2620 hdmana
1149 2553 1291 2618 doctrina
1310 2557 1368 2618 est.
1393 2551 1478 2618 Hine

291 2661 422 2726 ὑπονοεῖν
457 2667 489 2725 et
526 2661 655 2743 νομίζειν
691 2668 892 2749 opponuntur
922 2665 963 2744 τῷ
1000 2661 1128 2738 εἰδέναι,
1155 2660 1237 2745 quod
1262 2660 1392 2725 deorum
1420 2665 1477 2724 est.

288 2766 378 2832 Dixit
401 2772 494 2832 vetus
517 2773 640 2846 nautor,

444 2872 609 2954 ’Ἃνύρωτοι
633 2875 663 2940 δὲ
686 2878 813 2954 μύταια
838 2877 1017 2959 νομίζομεν,
1043 2877 1155 2947 sitem
1181 2872 1281 2949 ούδέν,

491 2979 548 3045 duel
572 2979 603 3045 δέ
627 2984 712 3048 κατὰ
736 2982 882 3063 σφέτερον
906 2983 1012 3048 τύντα
1037 2987 1160 3047 τελοῦσι
1185 2980 1266 3057 νέον,

292 3085 375 3151 dixit
397 3085 585 3152 Menander:
613 3089 706 3154 αὑτὸν
730 3092 792 3170 γαρ
816 3090 910 3162 οὐδεὶς
934 3087 1004 3155 οἷδ’
1029 3086 1096 3154 ὅταν
1122 3088 1192 3153 τοτ’
1217 3084 1357 3165 ἐγένετο,
1372 3083 1477 3164 ΙΙύλλ’

288 3195 537 3270 ὑπονοοῦμεν
561 3196 675 3267 τύντες
700 3196 717 3272 ἢ
742 3197 935 3272 πιστεύομεν.
986 3195 1072 3263 Hine
1093 3193 1296 3282 repetundum
1320 3192 1398 3278 quid
1419 3193 1477 3258 sub

287 3305 433 3385 corrupto
466 3301 661 3380 μεμιγμένης
700 3303 807 3370 lateat.
854 3303 904 3368 Ne
942 3303 1068 3392 longior
1100 3305 1180 3378 sim,
1226 3303 1336 3364 statim
1382 3299 1476 3384 ndpo·

287 3428 380 3492 nam,
404 3409 561 3493 quomodo
586 3409 667 3473 mihi
691 3415 723 3476 et
743 3415 890 3494 corrupte
910 3411 1047 3475 sananda
1067 3415 1098 3475 et
1111 3407 1287 3474 deficientia
1300 3404 1476 3491 supplenda

287 3535 354 3582 osse
378 3514 563 3591 videantur,
596 3521 634 3581 ut
656 3521 747 3582 exeat
770 3517 853 3602 quod
877 3516 1022 3604 intellegi
1047 3518 1154 3600 possit.
1193 3511 1473 3579 attinentiis}
1591 3570 1592 3593 p

287 3621 320 3686 έκ
351 3615 458 3717 τούτου
489 3625 524 3687 τὸ
556 3622 724 3703 χρήσιμον,
758 3630 820 3696 τῶς
851 3622 971 3688 δεῖκαὶ
997 3623 1054 3694 τοὶς
1080 3621 1227 3692 τοιαύτας
1252 3622 1310 3684 τῶν
1335 3619 1474 3700 πράξεων

288 3728 571 3810 μεταχειρίζεσθαι.
614 3731 657 3807 μδη
702 3729 985 3808 γεγενημένης
1021 3729 1124 3813 (γὰρ)
1159 3738 1212 3798 τῆς
1248 3729 1364 3807 Φύνροῖς
1399 3727 1474 3791 ἀλλ’

288 3834 520 3912 ύπονοονμένης,
548 3835 671 3914 λύγον
692 3831 759 3917 εἶχε
780 3835 976 3920 διακωλύειν,
1010 3831 1134 3920 ύτα(ξ
1164 3834 1216 3918 δὲ)
1241 3831 1473 3910 τετολμημένης

286 3944 384 4016 αὐτῆς
413 3945 719 4028 κατοιέφρονεῒν)
751 3940 809 4007 ἔδει
839 3951 894 4018 τῆς
919 3946 1052 4026 perpes,
1079 3940 1157 4027 (τὸν
1181 3940 1219 4006 δέ
1243 3941 1395 4021 φύορέα
1420 3963 1474 4004 κο·

286 4047 451 4134 λύζειν.)
489 4049 689 4134 Quemquam
713 4049 789 4114 haee
813 4071 846 4114 se
869 4051 938 4134 ipsa
961 4050 1038 4114 satis
1060 4049 1244 4124 defendent,
1270 4054 1379 4113 tamen
1402 4045 1474 4114 fidei

285 4154 444 4220 faciendae
473 4176 567 4221 causa
591 4154 747 4240 quaedam
772 4155 956 4220 adscribam.
1007 4153 1172 4240 Opposiiio
1195 4157 1239 4231 μη
1264 4153 1473 4232 γεγενημένης

287 4267 339 4334 τῆς
364 4262 478 4339 φθοραῖς
503 4263 579 4326 ἀλλ’
603 4261 819 4338 ύοτονοονμένης
843 4283 903 4327 non
929 4261 1087 4327 absimilis
1114 4267 1160 4327 est
1184 4262 1234 4326 illi
1259 4261 1412 4346 Lysiacae
1441 4263 1473 4326 iu
1589 4251 1590 4290 ³

286 4368 426 4432 oratione
449 4368 630 4432 notissima:
656 4369 681 4432 sl
706 4367 763 4445 μέν
786 4368 849 4446 γὰρ
873 4368 974 4444 λύγων
997 4369 1155 4445 εἰρημένων
1181 4367 1268 4446 ἔργον
1293 4368 1323 4430 δὲ
1348 4368 1472 4442 μηδενὸς

286 4473 493 4552 γεγενημένον
530 4476 689 4551 μετελθεῖν
723 4474 860 4540 ἐκέλευον
895 4477 1023 4557 έκεῖνον,
1058 4476 1174 4552 ύδέκουν
1210 4473 1264 4540 ἄν·
1297 4477 1322 4540 εἰ
1354 4474 1387 4541 δὲ
1419 4475 1471 4552 ἤδη
