3318 5138
790 355 854 420 1⁴8

225 545 314 626 μίρος
346 546 547 622 προνκούοοιιι
579 543 961 626 secrctamsecretam
986 542 1343 624 περιοιριίποεοίοιι
1372 543 1415 610 roi

225 654 368 727 κοίμκποι.
404 651 586 732 (EHQTV.)
624 652 728 717 Οιιινιεο
756 653 878 720 codices
900 653 1019 717 habent
1042 651 1105 716 οίπὸ
1130 651 1416 724 {circumrotatis

225 760 430 834 κυμάτων.
477 758 521 826 Iis
553 761 664 825 invitis
698 757 880 824 Dindorfius
914 779 953 824 ex
987 757 1157 824 Eostutbio
1192 761 1354 824 revocavit
1382 757 1417 824 id

224 867 309 952 quud
333 869 489 932 sententio
512 865 670 951 postulet,
693 872 831 942 μερῶν.
871 865 969 932 Recte
994 863 1142 949 quidem,
1166 865 1220 929 sed
1244 863 1343 930 simul
1363 885 1427 934 me.

225 973 355 1058 quidem
375 973 481 1040 iudico
500 977 659 1036 πολλῶν
679 977 842 1036 mutatum
863 979 1003 1057 oportet.
1021 972 1082 1036 nisi
1102 973 1172 1054 quis
1184 955 1414 1054 opp'ositionsm

224 1080 337 1165 probet
355 1079 489 1144 bencus:
510 1077 573 1144 ἀπὸ
592 1079 649 1153 μὲν
673 1079 731 1142 τῶν
755 1084 907 1143 πολλῶν
930 1083 1044 1160 μερῶν,
1064 1111 1114 1126 --
1128 1077 1189 1140 ἀπὸ
1212 1076 1243 1142 δὲ
1264 1100 1417 1152 μεσημ-

225 1185 357 1264 βρίιιι.
407 1185 470 1265 Qui
501 1185 536 1250 id
565 1205 693 1250 mecum
726 1204 788 1249 non
818 1185 949 1270 probet,
982 1183 1128 1250 codicum
1163 1182 1332 1249 lectionem
1370 1203 1419 1249 ro·

224 1289 327 1378 finget
349 1294 399 1358 in:
425 1291 488 1355 οίπὸ
511 1291 568 1366 μὲν
592 1297 651 1356 τῶν
671 1287 802 1375 ἄλλων
820 1297 961 1370 μερῶν,
976 1296 1008 1355 et
1021 1289 1414 1375 oppetitionisrstiorocte

224 1399 365 1466 hebebit.
411 1397 490 1464 Mor
518 1400 578 1464 etsi
609 1417 672 1463 non
695 1399 808 1485 ignoro
830 1399 1041 1463 recentiorum
1067 1417 1159 1464 usum
1183 1396 1208 1462 εί
1234 1401 1271 1462 ut
1294 1403 1417 1462 veteres

223 1510 336 1591 poitue
370 1505 492 1572 fuciunt
526 1526 600 1572 cum
635 1507 838 1571 coniunctiro
871 1503 1045 1591 iungendi.
1071 1509 1179 1568 temen
1202 1502 1315 1568 malim
1340 1501 1416 1569 κᾶν

224 1611 367 1692 βριχεῖοί
405 1635 453 1684 τοι
489 1611 571 1686 abac
601 1611 744 1689 νέννπιιι,
781 1611 864 1696 quod
895 1631 969 1676 curn
994 1607 1153 1676 tralaticio
1177 1630 1280 1676 errore
1302 1611 1337 1674 in
1361 1609 1415 1676 κοιὶ

224 1721 373 1803 obiisset,
404 1725 476 1784 tum
508 1719 639 1784 demum
671 1718 697 1782 ri
726 1715 855 1783 illutum
880 1723 938 1782 est.
962 1715 1064 1783 Paulo
1087 1725 1159 1802 post
1181 1737 1244 1782 non
1267 1718 1417 1801 probave-

224 1827 288 1890 rim
322 1826 373 1892 διὰ
408 1827 443 1890 τί
573 1822 699 1902 πέτροις
733 1824 1083 1903 περικριίσσεοίοιι
1118 1823 1160 1887 ποί
1193 1823 1335 1898 κιίμοιτοι.
1382 1821 1417 1889 Si

224 1932 350 1998 codices
380 1930 640 2009 περιορίισοοίιιι
661 1930 862 2014 praeberent,
888 1951 950 1995 non
974 1949 1179 2015 proponerem
1204 1929 1397 1995 mutandum
1405 1951 1414 2008 ;

223 2059 309 2103 nnnc
342 2058 415 2104 cunr
452 2041 485 2102 in
520 2035 547 2102 'I'
582 2037 625 2102 sit
655 2039 876 2114 προσηκούσαις
910 2033 1045 2119 (solenni
1074 2037 1167 2112 vitio)
1197 2071 1236 2084 -
1260 2034 1419 2114 περιριί-

224 2146 390 2216 asotos.
422 2146 456 2209 iu
487 2143 515 2208 V
538 2142 634 2229 paulo
657 2145 754 2209 etiem
778 2141 894 2208 melius
917 2141 1257 2222 περιροίοοεοίιιι,
1282 2163 1345 2208 nou
1368 2143 1418 2207 in·

224 2230 344 2338 tollego
378 2251 455 2336 quid
489 2248 688 2316 Diudorfium
725 2251 862 2314 moverit
897 2255 934 2314 ut
963 2251 1122 2334 optimum
1151 2249 1417 2334 aptissimumque

225 2359 359 2424 verbum
383 2357 729 2436 περιρριίσοεοίοιι
752 2355 791 2420 eb
815 2357 947 2419 οικοοίίιιε
970 2354 1132 2420 codicibus
1150 2355 1346 2432 indicatum,
1372 2391 1414 2404 -

224 2483 300 2534 num
324 2469 422 2528 etism
447 2471 624 2530 monstrum
649 2461 899 2540 περιβοίοσιιοίκι
923 2481 962 2526 ex
985 2459 1047 2543 flu
1070 2468 1102 2525 st
1125 2460 1419 2546 porupbrusisirep—

224 2571 389 2649 ρήγννοθκι
409 2591 448 2636 ex
468 2569 495 2634 li
518 2569 628 2635 eodem
654 2569 806 2650 tendunt,
828 2605 870 2616 —
894 2565 1058 2632 Eostnthii
1082 2566 1203 2633 scilicet
1228 2571 1417 2634 auctoritate

224 2679 433 2749 inusitatius
454 2675 550 2762 poulo
573 2673 831 2756 περιοροίοσεεοοιι
855 2680 1065 2750 converteret,
1091 2673 1174 2759 quod
1198 2681 1230 2740 et
1260 2676 1369 2760 ipsum
1398 2695 1417 2742 e

226 2783 399 2848 rarioribus
422 2789 481 2848 est.

271 2994 323 3060 Ad
356 2993 461 3074 μικρὸς
496 2994 528 3061 ti
561 2995 642 3065 λίίοο
678 2994 768 3072 μέλοι
799 2997 874 3066 κῦμ’
903 2994 1050 3072 οίποίργει
1082 2997 1122 3062 do
1153 2995 1264 3062 endem
1296 3019 1330 3063 re
1354 2999 1419 3065 sere

225 3101 336 3168 eedem
367 3100 521 3188 leguntur
551 3104 585 3166 in
616 3100 758 3182 EMQV:
789 3103 825 3166 πὸ
856 3103 920 3180 γὰρ
950 3101 1007 3166 ὑπὸ
1037 3106 1093 3166 τοῦ
1119 3102 1204 3167 νότον
1228 3107 1340 3178 κῦμα
1364 3108 1420 3180 τίον

225 3207 360 3274 Φοιιπτὸν
391 3210 429 3274 οἰν
459 3209 551 3274 ἐποίει
583 3209 746 3286 οίλίμενον,
778 3209 803 3274 εί
837 3211 881 3285 μίν
915 3211 1107 3286 προκείμενος
1135 3210 1149 3274 ί
1185 3210 1267 3281 nitor
1290 3211 1420 3278 ἐκώλυεν

225 3314 308 3386 ἐντὸς
342 3317 432 3392 μένοι
467 3315 606 3392 γίνεπίιιι
638 3320 766 3393 κῦμα,
798 3314 1097 3393 προκοιτοιγνυμίνοιν
1132 3317 1199 3396 περὶ
1233 3317 1326 3382 αὐτὸν
1361 3323 1420 3383 τῶν

224 3419 423 3496 κυμάτων.
470 3421 639 3510 Elegantia
669 3421 730 3488 loci
762 3433 845 3488 corte
876 3443 939 3488 non
963 3425 1144 3497 minuetur,
1169 3425 1196 3488 si
1219 3423 1417 3490 scribamus:

223 3529 251 3594 εί
275 3529 321 3604 μίν
345 3528 538 3605 προκείμενος
561 3528 575 3591 ί
600 3527 680 3600 λίθοι
705 3527 835 3594 ἐκώλυεν
858 3529 940 3599 ἐντὸς
963 3526 1420 3608 permonstratum.

271 3739 470 3826 Porphyrius
505 3741 544 3807 ds
573 3744 678 3808 ventis
707 3743 875 3826 verbisque
899 3741 1014 3806 borum
1039 3745 1148 3808 sutum
1172 3741 1416 3832 designantibus

225 3847 399 3926 disserens,
424 3847 463 3914 de
482 3867 544 3932 quo
563 3847 683 3914 scholio
704 3853 774 3933 post
795 3848 938 3934 pluribus
955 3851 1204 3934 agemus,inter
1224 3849 1287 3916 ulio
1300 3859 1332 3916 et
1344 3852 1421 3918 hoec

225 3954 424 4021 observavit:
454 3954 519 4019 ἐπεὶ
544 3955 576 4019 δὲ
600 3961 706 4019 πκπεῖιν
731 3954 849 4019 πίλεοιν
873 3955 925 4018 xxi
950 3955 1045 4028 νήπιον
1070 3945 1106 4022 ίιε
1131 3956 1299 4034 κιιτίλεξεν
1323 3957 1353 4020 ίν
1377 3959 1421 4038 τῷ

225 4059 397 4140 κκπκλίγῳ
432 4060 498 4137 περί
531 4060 566 4125 τὸ
599 4061 779 4136 Ἑλληνικὸν
815 4059 942 4132 οὔδεμίκ
978 4059 1151 4136 βορειοτίρει
1177 4061 1193 4136 οἳ
1222 4062 1420 4138 προσάρκτιον
1494 4047 1496 4052 ⁵

225 4169 350 4242 μᾶλλον
392 4167 531 4241 'tisim
557 4203 598 4218 -
630 4169 664 4232 in
707 4188 770 4253 quc
813 4167 1016 4232 vehementer
1050 4165 1175 4232 fallitur
1208 4168 1419 4257 Porphyrius,

224 4273 425 4340 Buttmanno
467 4281 634 4350 monente,
673 4311 715 4324 ·-
753 4276 783 4338 ίν
818 4275 850 4338 δὲ
869 4281 947 4346 ἱτοῖς
985 4275 1193 4350 προοκρκτίοις
1230 4277 1350 4355 μείζους
1388 4280 1422 4343 οιί

225 4380 353 4455 νύκτες,
376 4379 499 4453 είκίτιος
528 4383 582 4454 τὴν
603 4378 700 4446 νίκτκ
722 4381 819 4458 Φκπίν
839 4383 872 4444 ἐν’
892 4389 931 4457 τῇ
952 4379 1056 4460 Ἰίοίκρ
1073 4381 1273 4458 μοικροτοίτκν
1295 4378 1422 4454 είνοιι,
