3278 5148
725 351 789 422 ³03

166 547 235 614 νόει.
273 547 333 612 Sed
358 556 426 612 non'
443 547 550 610 minus
574 547 776 632 perspicuum
797 551 864 618 ent.
888 546 986 612 verba
1004 545 1201 611 scholiastae
1218 546 1267 610 ite
1289 563 1355 608 esee

166 653 376 722 emendenda:
409 653 524 726 Ἀόνρνοῖ
556 650 648 730 ἐλενε
680 653 746 733 περὶ
778 655 851 717 τῶν
876 653 1018 731 γάμων
1041 653 1354 731 άπεριιιαλόπτοιο,

165 768 198 828 et
227 767 298 845 post
328 759 437 845 paulo:
473 757 553 832 αὐτόν
585 759 617 824 δέ
647 761 702 833 τὴν
737 763 846 839 χρεόαν
881 741 1032 836 ἐνήλλαξε
1067 765 1126 822 τῶν
1149 763 1356 840 φορνσΟντοικ

165 868 239 934 illes
273 874 393 944 vestes,
429 887 506 952 quas
541 867 658 931 nitidas
694 867 855 932 redditum
887 869 957 932 iret.
1004 864 1163 930 Similiter
1195 863 1355 930 dovario

166 974 364 1059 colloquendi
399 973 513 1056 modo,
549 994 611 1058 quo
645 973 804 1039 Nausicaa
839 975 878 1038 ad
915 975 1018 1038 verius
1053 991 1199 1057 personas
1231 973 1354 1055 utitur,

166 1083 274 1170 agitur
304 1080 343 1144 ed
375 1078 394 1160 ζ
418 1077 499 1163 187,
525 1079 643 1165 ubijed
668 1079 796 1145 Ulixem
821 1077 1054 1164 supplicantem
1078 1097 1244 1143 conversa:
1268 1075 1354 1152 ξεῖν’.

167 1188 232 1252 ἐπεὶ
256 1186 326 1252 οὔτε
351 1189 434 1261 κακῷ
458 1185 523 1252 οὔτ’
546 1187 655 1266 άφρονι
679 1186 760 1266 φατὶ
786 1185 884 1258 ἔοικας
910 1193 943 1252 et
966 1206 1046 1272 quae
1073 1190 1257 1270 sequuntur.
1294 1181 1357 1247 Ob·

165 1300 310 1360 servatur
344 1293 461 1356 iterum
493 1293 526 1356 iu
559 1292 629 1373 Po:
664 1290 760 1363 ἄλλος
785 1295 893 1370 τρόποι
917 1289 1092 1368 διαλέξεως.
1116 1290 1189 1369 πρός
1213 1289 1357 1369 μὲνγὰρ

166 1401 218 1465 τόν
252 1399 374 1478 πατέρα
409 1398 577 1480 νὶπλόϊζεν,
614 1400 717 1464 ἐνόάόε
753 1400 783 1465 δὲ
819 1400 998 1481 ἐπιστρέφει
1030 1399 1150 1472 ἑαυτόν.
1191 1395 1235 1461 'In
1266 1394 1358 1461 libris

170 1505 327 1588 άπλοΐζειν
351 1513 416 1584 est,
441 1506 524 1571 unde
548 1505 762 1572 Buttmannus
783 1505 927 1587 ἡπλόόζεν
948 1505 1065 1578 effecit,
1087 1503 1234 1588 equidem
1255 1501 1358 1568 lenius

169 1611 363 1693 άπλοΐζει
386 1612 557 1698 efficerem,
580 1620 616 1678 ut
636 1633 782 1699 praesens
801 1615 958 1698 praesenti
971 1611 1148 1692 ἐπιστρέφει
1161 1609 1358 1695 respondeat.

212 1823 245 1908 ζ,
259 1823 311 1890 to.
325 1825 503 1912 Exponitur
519 1826 596 1911 quid
617 1828 660 1890 sit
671 1827 779 1903 κότον,
794 1826 876 1911 quod
890 1847 1004 1891 nomen
1017 1847 1035 1892 a
1047 1824 1177 1890 Graecis
1189 1821 1228 1888 ad
1241 1821 1358 1886 Roma·
1391 1831 1398 1846 ·
1437 1839 1442 1849 ·

165 1951 238 2009 nos,
275 1953 293 1996 a
328 1931 481 1998 Romanis
517 1937 554 1997 ad
589 1953 646 1998 nos
682 1952 806 2018 quoque
840 1935 994 2018 pervenit.
1032 1933 1119 2011 παρόν
1150 1932 1184 1995 τό
1217 1931 1247 1993 ἐν
1272 1929 1356 2006 αὐτῷ

167 2041 284 2103 κεῖσόαι
320 2038 372 2102 καὶ
408 2038 626 2118 φυλάττεσθαι
663 2039 705 2103 πά
739 2039 938 2116 βαλλόμενα.
974 2037 1049 2104 οὕτω
1081 2039 1143 2118 γάρ
1169 2039 1193 2103 οἱ
1220 2034 1356 2101 Ἀττικοὶ

166 2149 293 2210 καλοῦσι
318 2145 352 2208 τό
378 2151 502 2224 σκεῦος,
527 2148 569 2218 εἷς
595 2137 609 2209 i
633 2146 788 2222 βάλλουσι
813 2147 856 2210 τά
881 2146 1050 2222 ἐδέσματα.
1078 2145 1130 2232 (Ε)
1161 2143 1302 2210 Homero
1327 2148 1359 2208 et

166 2249 307 2318 Hesiodo
319 2243 561 2337 relinquentium
583 2257 630 2317 est
652 2253 758 2331 Βορέαο
781 2253 925 2325 πεσόντος
945 2274 1001 2338 pro
1021 2251 1219 2330 ἐμπεσόντος.
1240 2248 1359 2330 Quam·

166 2359 275 2424 obrem
310 2360 344 2422 in
376 2358 496 2424 scholio
527 2369 636 2424 nostro
670 2361 718 2425 bie
742 2362 1007 2445 praepositionem
1033 2359 1240 2424 neeessariam
1263 2357 1358 2421 resti-

167 2470 307 2530 tuerem:
333 2465 420 2544 παρόι
440 2465 474 2528 τό
497 2499 513 2512 ·
530 2501 548 2514 -
569 2463 787 2546 φυλάττεσθαι
808 2467 848 2529 τά
872 2465 1131 2542 ἐμβαλλόμενοι,
1153 2473 1184 2530 et
1204 2465 1238 2528 τό
1251 2469 1357 2536 σκεῦος

166 2571 209 2642 eir
247 2562 260 2634 ό
294 2569 506 2648 ἐμβάλλουσι
537 2572 580 2637 τά
613 2572 782 2649 ἐδέσματα.
832 2571 999 2638 Praeterea
1021 2572 1244 2658 corrigendum
1268 2571 1357 2649 παρά

166 2677 201 2740 τό
226 2676 254 2740 όν
280 2680 380 2757 αὐτῇ
400 2679 536 2755 κεῖσθαι,
558 2683 595 2742 ut
615 2685 699 2744 reete
721 2681 874 2764 seriptum
896 2681 996 2742 estin
1018 2677 1159 2744 eiusdem
1184 2679 1359 2743 sententies

166 2787 241 2849 nota
271 2805 309 2849 ex
341 2782 438 2864 PQV,
472 2799 567 2870 quum
599 2787 708 2850 statim
742 2805 909 2871 apponam.
956 2785 1017 2851 Sed
1050 2788 1138 2870 prius
1169 2786 1270 2850 obiter
1294 2805 1358 2849 mo-

167 2889 324 2973 nendum,
349 2890 443 2976 paulo
474 2893 555 2956 inira
579 2895 695 2957 iterum
721 2893 852 2957 eandem
878 2892 1047 2958 desiderari
1071 2893 1356 2977 praepositionem,

166 2997 206 3062 ad
229 2995 248 3077 ζ
271 2995 354 3072 172,
379 2998 435 3062 ubi
460 2997 570 3063 Ulixes
597 2997 822 3064 miserabiliter
846 2999 886 3063 ad
909 2998 1121 3064 Nausieai'am:
1144 3003 1193 3062 νῦν
1214 2997 1240 3062 δ’
1254 2997 1358 3064 ἐνόάόε

166 3103 318 3181 κάββαλε
352 3105 479 3178 δαίμων.
528 3107 683 3170 Doeemur
707 3127 763 3170 eur
786 3110 880 3191 po'e'te
905 3106 1000 3170 verbo
1026 3108 1180 3172 acerrimo
1203 3103 1359 3182 κάββαλε

166 3233 242 3276 usus
264 3214 308 3275 eit
331 3231 387 3296 pro
410 3211 575 3276 usitatiore
599 3212 725 3290 ἤγαγες
751 3211 786 3276 τό
810 3212 867 3288 μὲν
892 3212 1014 3289 ἤγαγεν
1040 3211 1192 3275 άκόνόυνον
1215 3211 1358 3286 σημαίνοι

41 3347 49 3360 ·
166 3317 361 3395 καταγωγήν
370 3365 378 3395 ,
409 3319 443 3382 τὸ
475 3317 506 3382 δέ
531 3318 684 3395 κάββαλε
708 3319 763 3391 πῖον
788 3319 870 3382 άπὸ·
889 3317 1073 3394 πνευμάτων
1098 3317 1195 3382 δεινῶν
1222 3316 1359 3396 ἐξερριμ·

165 3423 258 3501 μέννρν
291 3425 432 3489 δείκνυσι.
467 3423 593 3510 (Epo.)
627 3422 692 3488 Cur
722 3423 905 3490 Dindorfius
935 3425 1090 3508 spreverit
1114 3423 1198 3508 quod
1223 3422 1249 3502 Q
1274 3423 1360 3488 ultro

166 3533 318 3618 porrigit:
355 3533 409 3605 τὴν
434 3566 477 3578 --
502 3528 714 3609 ἐξερριμμένοι
750 3530 906 3605 κίνησιν
943 3530 1092 3606 δείκνυσι,
1129 3549 1191 3596 non
1223 3533 1358 3615 expete,

165 3658 241 3702 nam
273 3638 312 3703 ad
343 3633 556 3715 ἐξερριμμένοι
593 3636 781 3721 praecedens
817 3637 1010 3716 καταγωγὴν
1046 3638 1239 3724 cogitatione
1271 3657 1359 3720 repe·

167 3750 232 3808 tere
265 3749 446 3808 contortum
479 3749 536 3807 est.
587 3741 649 3806 Sed
674 3742 733 3808 heo
758 3763 832 3808 voce
856 3743 976 3809 adscita
999 3743 1053 3810 vel
1076 3743 1281 3808 manifestius
1305 3739 1359 3825 fit,

166 3847 321 3912 ultimum
358 3849 491 3913 verbum
528 3851 560 3911 in
593 3848 753 3913 ἐνδεόκνυσι
787 3870 853 3915 esse
877 3848 1113 3936 refingendum,
1137 3850 1200 3914 nisi
1225 3849 1296 3934 quis
1322 3848 1358 3912 τό

167 3953 320 4031 κάββαλε
351 3955 464 4025 κιίνσιν
497 3953 626 4018 δείκνυσι
659 3952 779 4022 Graece
807 3955 868 4020 diei
895 3974 985 4040 posse
1009 3960 1101 4039 putet
1125 3975 1181 4039 pro
1205 3954 1358 4030 σημαίνει.

166 4061 285 4126 Eadem
318 4081 412 4144 opera
440 4062 494 4132 τὴν
527 4059 597 4124 ὑπὸ
621 4063 805 4138 πνευμάτων
830 4061 1043 4146 reponendum
1068 4067 1125 4126 eet.
1173 4059 1235 4126 Sed
1258 4067 1296 4126 ut
1319 4059 1360 4125 ad

165 4169 271 4240 κόσσιιν
291 4169 422 4252 eiusque
444 4173 575 4252 etymon
596 4177 753 4243 revertar,
776 4167 887 4232 eadem
908 4167 1064 4232 derivatio
1083 4166 1171 4247 παρόν
1192 4166 1359 4232 stativom

164 4273 334 4340 exhibetur
369 4291 493 4356 quoque
528 4273 562 4336 in
593 4269 696 4352 PQv:
730 4268 822 4348 άπαξ
846 4273 980 4336 ἐνταῦθα
1005 4275 1022 4348 ἡ
1046 4272 1146 4346 κόπτοι.
1171 4271 1302 4351 λέγεται
1327 4271 1359 4337 tl

165 4383 182 4455 ἡ
215 4380 444 4458 ἐδεσματοόιὶκκ
478 4380 532 4444 οὐκ
554 4375 667 4442 άποόεν
691 4381 743 4442 τοῦ
771 4377 931 4457 ἐγκεῖσόαό
954 4403 984 4445 τι
1009 4377 1038 4442 ἐν
1063 4379 1153 4459 αὐτῇ.
1202 4376 1360 4444 Similiter

164 4486 249 4574 apud
277 4483 499 4571 Apollonium:
528 4483 667 4559 κόπτει·
693 4485 824 4564 ewam
848 4485 878 4548 ἐν
902 4478 924 4566 ᾧ
948 4483 1103 4564 βρώματα
1128 4492 1246 4562 κεῖται,
1271 4489 1359 4566 παρ’
