3232 5136
700 351 742 421 17

146 539 171 605 όὲ
190 539 220 626 (l.
242 539 310 627 οὖν)
338 545 594 623 πολυτροπία
620 543 673 608 καὶ
700 553 811 626 χρῆσις
837 543 960 619 ποικόλη
986 542 1081 630 λόγον
1100 545 1143 617 εἷς
1166 543 1309 618 ποικίλας

143 650 223 722 άκοάρ
243 651 491 730 μονοτροπόα
521 651 695 728 γίνεται.
719 643 749 716 ἑν
773 651 836 732 γάρ
861 649 895 716 τό
914 647 1035 732 ἑκάστῳ
1052 651 1168 717 οἰκεῖον.
1189 649 1232 716 διό
1255 652 1308 718 καὶ

143 759 171 821 τό
195 755 328 837 άρμόδιον
359 756 478 837 ἑκάστῳ
509 760 564 832 την
588 758 743 824 ποικιλίαν
766 763 819 824 τοῦ
841 759 935 836 λόγου
956 760 999 829 sic
1023 755 1054 823 ἓν
1078 757 1250 839 συναῳεόρει
1273 760 1309 826 τό

142 863 245 945 ἑκάστῳ
278 863 457 945 πρόσφορον.
490 863 533 929 τό
566 865 592 929 δ’
623 859 671 929 αὖ
707 865 921 943 μονοειδὲς
955 862 1212 945 άνάρρκοστον
1243 868 1309 934 τόν

140 973 219 1051 πρός
258 970 385 1042 άκοάς
431 969 648 1052 διαφόρους
692 971 951 1051 πολύτροπον
988 977 1102 1036 ποιεῖ
1135 970 1199 1036 τόν
1235 972 1308 1040 ὑπό

140 1083 275 1164 πολλῶν
302 1076 543 1155 άπόβλητον
568 1079 614 1150 ὥς
639 1080 778 1151 αὐτοῖς
803 1077 1045 1154 άπόβλητοι
1068 1076 1198 1155 λόγον.
1221 1077 1310 1145 Faci-

138 1184 190 1250 lius
210 1191 255 1251 est
276 1184 355 1251 haec
373 1184 524 1250 admirari
548 1205 646 1271 quam
668 1185 857 1274 intelligere.
883 1183 1007 1250 Ultima
1025 1181 1140 1248 saltem
1159 1185 1310 1271 Interpre-

138 1297 210 1358 tetur
238 1293 292 1377 qui
322 1292 433 1377 possit.
481 1290 565 1372 Quid
594 1295 675 1358 velit
698 1292 801 1358 dicere
823 1291 1047 1378 philosophus,
1073 1291 1134 1356 etsi
1157 1296 1204 1356 est
1226 1290 1310 1358 illud

138 1398 293 1465 admodum
324 1403 524 1476 contortum,
555 1397 734 1486 intelligere
763 1398 845 1463 mihi
877 1397 1003 1481 videor,
1035 1397 1132 1464 verba
1162 1403 1310 1484 corrupte

137 1513 227 1571 sutem
248 1505 404 1591 quomodo
427 1505 567 1572 evidenti
589 1525 716 1591 prorsus
739 1507 860 1572 ratione
887 1503 1068 1580 emendem,
1105 1523 1168 1570 non
1196 1504 1306 1573 habeo.

137 1610 204 1690 Sed,
231 1615 292 1678 nisi
319 1633 372 1678 me
402 1612 507 1677 omnia
536 1611 670 1690 fallunt,
694 1614 795 1677 inesse
818 1611 911 1676 debet
934 1610 1057 1696 aliquid
1080 1609 1116 1674 in
1137 1609 1219 1675 hene
1242 1633 1310 1678 sen·

138 1722 263 1786 tantiam.
309 1717 472 1786 Sermonis
493 1719 704 1802 πολυτροπία,
724 1718 845 1805 inquit,
866 1719 892 1782 si
912 1737 981 1782 rem
1000 1719 1126 1804 penitus
1146 1721 1308 1806 inspicies,

137 1845 231 1892 revera
247 1817 430 1904 μινοτροτόα
450 1825 665 1892 dicendaerit.
687 1824 773 1892 Nam
785 1824 869 1910 qnod
882 1826 1053 1911 unicuique
1064 1830 1309 1894 consentaneum

138 1934 180 2016 sit,
190 1955 286 1999 unum
298 1939 422 2000 tantum
438 1938 494 1999 est.
513 1929 631 1998 Contra
642 1934 669 1998 si
682 1933 754 2017 quis
765 1931 850 2017 apud
861 1930 1006 1997 homines
1019 1930 1170 1998 dissimili
1181 1935 1310 2021 ingenio

137 2040 278 2122 praeditos
289 2061 413 2127 semper
426 2039 537 2106 eodem
549 2038 644 2105 modo
656 2039 754 2105 verba
765 2037 978 2115 iacit,isvero
996 2039 1125 2105 nomine
1143 2057 1207 2106 non
1224 2039 1311 2118 μονό-

137 2169 228 2225 τροπος
240 2155 287 2214 est
299 2148 451 2216 dicendus
462 2147 516 2213 sed
529 2147 729 2226 nortepertus,
750 2146 834 2232 quod
854 2151 902 2212 est
923 2147 1070 2236 argutius
1088 2144 1193 2212 multo
1213 2166 1311 2230 quam

136 2256 235 2320 uerius.
259 2254 377 2336 Quidni
396 2257 499 2343 igitur
518 2255 707 2320 scribamus:
729 2252 765 2317 rt
786 2251 813 2318 δ’
832 2249 872 2318 αὖ
884 2252 1033 2330 μονοειδὲς
1046 2251 1237 2334 ἀνάρμοστον
1249 2251 1310 2320 ΟΝ

137 2360 196 2437 πρός
212 2363 306 2434 άκοάς
330 2361 490 2443 διαφόρους
515 2359 703 2440 πολύτροπον
726 2359 880 2426 ποιεῖτον
905 2359 962 2425 ὑπὸ
982 2365 1104 2425 πολλῶν
1128 2359 1310 2438 άπόβλη·

136 2489 190 2530 τοι
214 2471 250 2540 ric
274 2469 380 2540 αὐτοῖς
405 2466 671 2548 άπρόσβατον
695 2468 798 2545 λόγον.
822 2467 1010 2553 Requiritur
1032 2469 1119 2533 enim
1142 2467 1308 2556 oppositio.

136 2575 166 2635 ‘0
187 2575 369 2656 πολύτροπος
399 2575 542 2661 loquitur
573 2574 608 2639 τό
633 2571 753 2655 ἑκάστῳ
776 2575 900 2650 οἰκεῖον,
925 2574 960 2640 τό
984 2573 1105 2656 ἑκάστῳ
1129 2573 1307 2657 πρόσφορον.

135 2677 225 2766 Igitur
254 2683 267 2747 ό
291 2680 473 2760 μονότροπος
498 2680 532 2747 id
546 2680 640 2766 ¹quod
662 2679 826 2759 άιοόκειον,
851 2677 1058 2766 άνάρμοστον,
1082 2679 1308 2764 οὒ.πρόσφορον

135 2785 237 2870 ἑκάστῳ
260 2795 322 2866 est,
347 2787 431 2874 quod
455 2787 625 2854 venandae
649 2789 801 2853 orationis
824 2808 919 2861 causa
934 2790 1124 2874 expressisse
1144 2793 1307 2855 auctorem

135 2901 199 2974 puto
226 2916 279 2980 per
306 2894 495 2980 exquisitius
517 2893 736 2978 άπρότβατον,
760 2915 795 2960 eo
817 2915 928 2973 sensu,
954 2916 1017 2981 qun
1040 2893 1244 2982 Thucydides
1268 2895 1308 2962 de

135 3019 161 3062 se
175 3003 236 3086 ipse
257 3001 406 3087 profitens
430 2998 611 3066 inducitur:
636 3001 699 3079 sirei
724 3000 787 3081 γάρ
811 3003 845 3066 οὐ
870 3000 1023 3067 πάντεσσι
1047 3001 1159 3080 βατός.
1184 3001 1308 3068 Erroris

136 3124 214 3172 eausa
240 3110 338 3174 etiam
369 3107 423 3173 hic
454 3108 535 3192 fuit,
569 3129 665 3194 qnam
690 3129 786 3194 supra
809 3111 936 3187 notari,
964 3109 981 3185 η
1006 3111 1201 3191 παρηχησις,
1226 3129 1307 3194 quos

136 3209 175 3275 his
193 3213 348 3281 inferendo
373 3212 573 3292 άπόβλητον,
594 3235 669 3280 cnm
689 3214 789 3281 semel
808 3220 984 3301 oporteret,
1005 3216 1092 3282 alind
1112 3216 1306 3283 vocabulum

134 3337 196 3382 sono
223 3319 311 3386 affine
335 3322 482 3386 extrusit.
530 3320 609 3402 Quis
632 3324 675 3387 sit
699 3320 881 3402 ἀπόβλητος
907 3322 1001 3401 λόγος
1025 3328 1058 3389 et
1082 3344 1144 3409 per,
1161 3344 1194 3389 se
1217 3329 1306 3409 patet

134 3431 159 3488 at
178 3448 208 3492 ν.
218 3449 242 3493 ο.
264 3451 303 3496 ex
325 3427 494 3514 Apollonio
514 3427 654 3515 Dyscolo
675 3429 755 3516 (περὶ
777 3427 988 3509 ἐπιρρημάτων
1007 3431 1041 3495 in
1059 3429 1163 3496 Behh.
1182 3427 1304 3496 Anecd.

133 3551 157 3614 p.
187 3531 273 3620 554),
304 3541 336 3601 et
368 3535 413 3600 sic
444 3535 574 3601 tandem
604 3534 866 3622 philosophorum
898 3542 1080 3602 nostrorum
1110 3539 1303 3616 sententies,

134 3639 196 3704 leet
224 3641 303 3708 nihil
334 3641 475 3708 conserat
506 3641 550 3706 sd·
584 3662 695 3708 varam
729 3642 878 3709 vocabuli
914 3641 1080 3710 Homerici
1113 3641 1303 3724 πολύτροπος

132 3745 379 3832 significationem
411 3753 468 3814 aut
498 3749 701 3836 aperiendam
733 3754 789 3816 ant
819 3748 1062 3830 stabiliendam,
1093 3771 1170 3817 suns
1193 3771 1303 3818 sensus

132 3855 275 3922 muctabit.

171 4089 203 4144 ο,
227 4067 256 4135 8.
300 4071 350 4137 lix
366 4072 516 4137 intricata
538 4070 650 4156 άπορόρι
675 4076 708 4137 et
730 4070 817 4137 λύσει
840 4073 1045 4158 pervenimus
1068 4071 1108 4137 ad
1132 4070 1245 4151 sliam,
1270 4076 1303 4139 et

135 4167 221 4252 ipsam
238 4175 408 4264 Porphyrii
429 4181 496 4244 sine
516 4179 632 4264 dubio,
654 4184 749 4264 atque
768 4181 796 4245 si
814 4178 884 4244 fieri
895 4183 1000 4265 potest
1012 4181 1111 4246 etiem
1123 4181 1301 4246 intricatio-

135 4293 190 4340 rcm
205 4283 412 4370 molestasque
433 4283 637 4370 loquacitatis
656 4284 893 4372 plenissimam.
911 4285 1037 4351 mendis
1056 4288 1186 4372 insuper
1209 4307 1303 4355 omne

136 4399 219 4462 genus
235 4397 416 4456 scatentem.
452 4391 586 4458 lodicum
611 4398 658 4458 est
680 4391 829 4458 Scholion
852 4391 1091 4481 longiusculum
1117 4415 1156 4460 ex
1179 4393 1303 4461 duobus

136 4487 293 4574 codicibus,
332 4499 532 4565 emendatius
566 4498 621 4565 sed
655 4501 847 4567 contractius
876 4521 916 4565 ex
946 4497 976 4566 D
1002 4499 1159 4589 (Parisino
1183 4499 1304 4590 2403),

1144 4621 1160 4671 ο
