3318 5138
843 337 887 405 86

269 549 346 596 voce
379 525 455 609 Φρίξ
488 533 597 594 contra
630 527 791 594 Philotam
826 537 857 595 et
892 529 1111 598 Callistratum
1145 533 1449 619 interpretationem.

268 638 440 703 Aristonici
463 643 553 702 notae
576 636 639 701 hnc
662 638 854 721 pertinentes
880 637 930 721 (Φ,
954 637 1121 717 126‚127;
1145 649 1179 716 Ζ,
1202 639 1284 717 459;
1307 651 1345 716 Δ,
1373 639 1456 724 191,

271 753 315 828 Η,
343 740 421 820 171;
447 752 483 827 Φ,
509 741 589 818 294;
617 742 658 820 Χ,
685 741 766 821 505;
793 753 833 827 Ψ,
861 741 939 822 344)
963 743 1093 832 collegit
1115 745 1376 830 FriedldnderuS,
1401 749 1458 832 qui

176 885 178 892 s
270 852 304 914 in
347 850 536 937 fragmentis
577 849 850 936 Schematologiee
899 852 1118 918 Aristarcheae
1168 854 1237 917 eius
1278 855 1458 918 Aristonico

267 959 446 1041 praemissis
479 957 699 1022 Aristarchum
735 957 793 1020 hcc
829 959 861 1020 in
896 979 929 1022 rc
966 957 1071 1034 „ultre
1110 960 1243 1024 modum
1284 958 1456 1045 prodiisse’'

270 1070 354 1130 recte
378 1064 541 1129 indicavit.
570 1064 612 1149 (p.
639 1060 684 1145 9.)
710 1063 795 1128 Note
818 1063 1016 1130 Aristonicec
1036 1066 1074 1130 cd
1100 1073 1124 1128 Φ
1152 1064 1215 1129 126
1239 1068 1273 1130 in
1297 1063 1358 1130 fine
1380 1065 1461 1129 haec

268 1169 364 1234 habet
389 1207 429 1218 -
454 1175 577 1234 coetera
605 1190 688 1234 nunc
720 1169 802 1235 nihil
831 1170 871 1235 ad
900 1191 968 1235 rem
993 1179 1149 1247 nostram,
1177 1209 1218 1220 -
1244 1169 1325 1236 ἔστιν
1349 1168 1396 1236 οὖν
1420 1172 1457 1235 τὸ

268 1275 454 1358 λεγόμενοι,
474 1277 625 1354 μὲλοοιιοιι
644 1277 736 1356 Φρῖχ’
755 1274 896 1354 ὑπαΐξει,
915 1277 949 1341 τὸ
969 1277 1070 1350 μέλοι
1090 1283 1178 1356 κῦμά
1193 1277 1454 1362 ὑποτροχάσετοιι,

267 1383 356 1463 ἰχθὺς
383 1382 406 1468 ¹)
433 1374 463 1454 ὃς
487 1381 588 1462 φάγοι
613 1381 651 1447 άν
675 1387 728 1447 τοῦ
754 1383 907 1454 Λυκάονος
933 1384 984 1446 τὸν
1009 1383 1113 1461 διιμοό,
1139 1383 1324 1466 πλοάζοισοο
1348 1383 1399 1447 cel
1422 1383 1457 1460 ἐξ

270 1491 419 1563 ἐπιπολῆς
443 1489 609 1569 Φερομένου
633 1493 685 1553 τοῦ
710 1494 826 1569 νεκροῦ·
852 1491 894 1554 rb
925 1492 998 1569 γάρ
1029 1485 1066 1561 te
1097 1514 1137 1554 κε
1170 1491 1322 1570 φάγῃσι
1357 1491 1458 1570 (cieri

268 1601 331 1660 τοῦ
361 1593 464 1680 eddi)
491 1594 516 1681 ²)
550 1587 584 1667 ir
615 1594 736 1675 φάγοι
770 1595 829 1660 άι·
864 1598 915 1660 cci
948 1597 979 1659 ἐν
1002 1596 1169 1679 Ὀδυσσείᾳ
1195 1599 1247 1681 (οι,
1273 1594 1352 1682 396)
1377 1603 1458 1675 ,τῶν

269 1704 319 1768 κέν
350 1727 396 1774 τις
426 1702 489 1766 τόδ’
522 1699 646 1783 ἔχωσί,
671 1695 701 1766 lc
723 1700 789 1781 ἔχοι
814 1700 861 1766 άι.
909 1699 984 1767 Tria
1007 1702 1123 1768 ultime
1145 1703 1300 1770 vocabula
1321 1707 1355 1767 in
1379 1703 1457 1770 Diu·
1547 1721 1552 1728 '

269 1807 408 1875 dordone
440 1809 577 1874 editione
601 1814 811 1886 accesserunt;
839 1808 879 1874 ed
901 1799 1008 1874 locum
1032 1807 1192 1895 Odysseae
1216 1835 1255 1886 οι,
1282 1807 1347 1874 396
1372 1833 1456 1877 nunc

269 1916 395 1982 nullum
408 1915 592 1981 huiusmodi
605 1914 746 1980 scholion
759 1904 909 1998 superest.
923 1915 1042 1980 Eadem
1056 1917 1200 1981 breviora
1212 1924 1285 1982 sunt
1298 1917 1336 1983 ad
1349 1921 1457 2002 prori-

270 2043 361 2088 mum
385 2043 524 2088 versum.
571 2021 619 2086 Ex
650 2022 779 2102 coeteris
810 2023 894 2086 notis
917 2021 957 2086 ed
979 2021 1110 2086 eandem
1134 2043 1202 2088 rem
1226 2025 1459 2109 pertinentibus

271 2138 432 2216 praetereo
449 2151 545 2194 unam
568 2147 734 2213 opponam,
754 2147 815 2212 quo
834 2130 938 2213 magis
950 2129 1045 2192 etiam
1060 2136 1219 2214 appareat,
1232 2130 1458 2195 Aristarchum

271 2258 380 2303 omnes
403 2257 476 2302 sues
499 2236 537 2300 de
560 2255 675 2323 genere
694 2234 753 2298 hoc
775 2234 1006 2300 observationes
1026 2235 1065 2299 ad
1085 2255 1213 2300 versum
1232 2233 1263 2308 άς
1285 2260 1318 2300 κε
1332 2235 1457 2318 φάγῃσι

270 2345 396 2411 referre.
424 2343 528 2424 Κλάρῳ
552 2349 602 2407 νῦν
626 2340 811 2407 πεσάλοισάε
833 2339 1018 2421 διαμπερές,
1040 2337 1070 2412 ὅς
1089 2364 1121 2406 ιιε
1143 2341 1280 2422 λάχῃσιν
1293 2345 1345 2427 (Η,
1362 2345 1457 2427 171):

379 2451 432 2516 ecl
457 2450 527 2530 πρὸς
552 2449 587 2513 τὸ
612 2447 766 2532 λάχῃσιν,
792 2445 837 2511 ὅτι
863 2448 967 2534 (abaci
993 2450 1073 2531 τοῦ)
1095 2440 1125 2520 ‘dr
1150 2446 1189 2514 άν
1213 2453 1336 2531 λάχοι
1367 2451 1460 2533 (Din-

271 2559 401 2630 dorfins.
427 2557 610 2623 incredibile
629 2555 729 2638 dictu,
751 2560 783 2618 et
802 2555 853 2618 hic
873 2557 1006 2619 retinuit
1023 2555 1140 2620 codicis
1152 2554 1321 2623 lectionem
1342 2556 1459 2640 λάχῃ,

271 2673 443 2732 correctam
475 2684 493 2728 a
523 2649 769 2746 Friedlende'ro).
803 2661 819 2734 ἡ
852 2660 891 2724 δὲ
915 2660 1101 2740 άιοιφοοά
1128 2654 1288 2741 πρὸοσὸ
1315 2666 1458 2746 ,Ξχάὺς

271 2768 309 2843 ὅς
335 2796 375 2836 κε
398 2767 591 2851 φάγῃσά,
617 2771 704 2846 πρὸς
730 2772 922 2839 deaurata.
970 2765 1039 2830 lam
1063 2789 1147 2833 nunc
1170 2772 1373 2856 perspicuum
1399 2779 1458 2849 est,

270 2882 397 2966 opinor,
435 2898 490 2942 cur
525 2878 558 2940 in
593 2874 650 2940 ille
686 2875 725 2940 ad
762 2873 896 2939 Iliadem
911 2875 963 2959 (Φ,
991 2875 1069 2960 126)
1083 2882 1158 2941 nota
1172 2877 1458 2956 netinstlcrend0‚

273 3069 441 3080 ,-..,---

305 3177 331 3230 li,
354 3175 464 3224 Editorca
489 3188 569 3222 omncs
594 3170 768 3237 interpuugnnt
788 3177 903 3222 commate
925 3173 1002 3238 posito
1025 3177 1079 3238 post
1096 3171 1175 3236 ἷχθάο.
1210 3177 1259 3226 Cur
1276 3177 1346 3228 aliter
1362 3179 1459 3232 fecerim

271 3260 328 3309 haec
344 3274 413 3306 eausa
431 3260 473 3306 est.
492 3256 666 3304 Obsce-vereret
682 3255 794 3303 Lchrsiue
810 3253 892 3315 (Arist.
908 3272 930 3320 p.
946 3257 986 3314 45,
1006 3259 1050 3304 l53
1075 3257 1119 3306 ece
1134 3259 1191 3320 ed),
1208 3259 1458 3315 solere-Aristarchum

270 3343 295 3391 in
322 3341 380 3390 locis
405 3337 576 3388 difficilioribus
602 3340 643 3386 aut
666 3353 804 3401 quacunque
826 3338 854 3385 de
877 3353 946 3385 causa
968 3337 1161 3389 memorabilibus
1184 3345 1278 3405 politam
1300 3343 1411 3394 ‚verbum
1429 3348 1459 3396 de

270 3421 358 3474 verbo'’
376 3421 517 3487 exprimere,
536 3419 674 3483 monuitque
691 3435 767 3484 nuper
784 3419 886 3468 chctue
903 3419 1003 3480 (Mrem.
1023 3422 1055 3469 N.
1076 3423 1099 3470 S.
1121 3423 1174 3471 Vol.
1195 3423 1252 3479 Vll.
1273 3423 1337 3474 1879
1355 3442 1377 3491 p.
1388 3429 1458 3490 434.)

270 3509 375 3558 eiusdem
396 3505 429 3554 rei
451 3502 564 3567 reliquias
587 3502 658 3550 etiam
677 3502 702 3552 in
719 3501 820 3550 Scholiis
837 3501 866 3550 ad
887 3503 1015 3565 Odymesm
1032 3503 1099 3569 peius
1116 3505 1204 3554 hebitie
1222 3505 1346 3572 pollucere,
1364 3525 1412 3573 que
1429 3513 1459 3562 dc

271 3616 296 3650 rc
314 3600 368 3664 post
384 3595 453 3660 plura
471 3593 585 3642 dicentur.
605 3592 684 3641 Instar
702 3592 809 3656 omnium
825 3591 893 3640 citeri
910 3592 970 3640 solet
989 3593 1085 3657 Didymi
1103 3597 1160 3644 note
1176 3597 1206 3645 ad
1221 3601 1246 3656 Γ,
1259 3600 1309 3647 406
1327 3603 1350 3648 et
1367 3605 1461 3664 B,435,

269 3685 357 3749 μηκέτι
383 3687 421 3733 νῦν
441 3675 490 3741 δήθ’
510 3675 562 3730 able
582 3679 720 3742 λεγάμεάιιτ
742 3680 816 3738 οάτοις
836 3682 864 3729 a!
881 3675 1049 3745 Ἀριστάρχου
1069 3679 1147 3744 Αέξοις
1166 3687 1192 3733 ’ἐκ
1213 3689 1258 3735 τοῦ
1279 3695 1295 3736 Β
1315 3694 1360 3747 τῆς
1383 3683 1447 3742 'llud

270 3778 322 3836 δος·
349 3773 442 3836 δηθά,
466 3773 543 3821 πολὺν
568 3772 665 3833 χρόνον·
687 3767 772 3830 αὖθι,
793 3769 883 3820 αὐτοῦ’
904 3770 1091 3833 accepera,
1110 3773 1459 3839 συναθροιζάμεάοο.---

271 3872 355 3920 ταῦτα
375 3867 387 3915 δ
407 3863 519 3923 Δίδυμος.
537 3863 574 3911 Ad
591 3878 699 3911 normam
716 3862 787 3912 huius
804 3862 849 3911 loci
868 3879 894 3911 ee
912 3879 1017 3928 quoque,
1037 3866 1137 3929 quaein
1155 3871 1222 3918 textu
1239 3871 1314 3934 poeni,
1332 3871 1462 3936 digerenda

270 3961 359 4012 censuit
380 3955 538 4018 μέλαιναι
557 3945 647 4013 φρῖχ’
668 3946 812 4011 riculfu,
830 3953 942 4013 (Homeri
959 3954 1038 4014 rerba)
1055 3954 1090 4004 τὸ
1105 3953 1208 4015 μέλαν
1224 3961 1311 4020 nepa
1327 3957 1462 4025 ὑποτρο-

272 4051 425 4116 χάσιτιιι,
442 4048 509 4107 (haec
523 4043 661 4108 interpretis
677 4047 733 4093 snut
750 4043 847 4092 verbum
864 4045 892 4093 de
910 4044 981 4094 verbo
999 4046 1127 4108 reddentis)
1145 4047 1215 4110 ἰχθὺς
1232 4045 1257 4105 ὃς
1273 4047 1388 4112 morli»
1398 4065 1460 4104 erra.

306 4143 331 4202 2)
353 4139 423 4204 Quod
449 4134 538 4186 inserui
564 4133 594 4182 ed
619 4133 761 4182 seutentiam
786 4134 842 4182 bene
868 4137 1050 4188 connectendam
1076 4138 1233 4188 necessarium
1255 4137 1312 4188 cleri
1335 4144 1382 4189 τοῦ
1402 4147 1463 4195 estis

271 4229 392 4281 stabilitur
414 4229 470 4276 nota
492 4221 682 4285 intermsrginali
705 4221 734 4269 ad
755 4225 890 4286 sequentem
906 4239 1000 4274 versum
1018 4225 1101 4287 (terp
1119 4224 1143 4283 tr
1162 4243 1190 4276 ιιι
1210 4226 1323 4294 eclypsi:
1344 4229 1382 4280 dn
1401 4231 1463 4284 ἀντὶ

271 4311 316 4368 τοῦ
340 4315 365 4374 ὃς
391 4313 468 4378 φάγοι
493 4308 530 4360 lte.
566 4312 626 4376 Quis
644 4311 708 4360 enim
725 4327 772 4360 non
789 4311 866 4370 videt,
885 4313 945 4362 hanc
964 4313 1080 4364 uberioris
1099 4320 1170 4366 notae
1187 4334 1259 4384 snpra
1277 4321 1367 4385 poeitse
1384 4324 1464 4388 epito-

270 4418 325 4452 men
341 4417 401 4480 epee,
418 4399 501 4449 iisdem
519 4395 596 4446 verbis
613 4397 655 4443 sut
672 4391 812 4453 simillimis¹
832 4398 859 4444 nt
877 4411 927 4444 mos
943 4399 991 4455 cst,
1006 4401 1158 4464 conceptam?
1171 4401 1259 4452 lisdem
1273 4403 1344 4454 verbs
1360 4405 1462 4466 inserui,

270 4491 314 4542 etsi
334 4507 394 4539 nnnc
412 4489 478 4538 nulle
495 4485 646 4541 auctoritate,
664 4483 687 4533 in
706 4482 795 4532 scholia
813 4483 842 4532 ed
860 4490 890 4542 H,
910 4485 962 4537 171.
