3278 5148
751 263 754 270 ⁵
858 314 925 396 aar

291 523 380 586 mate
415 517 539 599 ἄγασθε
576 515 678 596 dedit,
718 523 803 584 recte
833 518 921 585 idem
951 517 1133 584 lecunulam
1174 517 1316 604 explevit
1358 539 1416 605 per
1451 518 1492 596 ιὴς

292 627 437 704 τιμᾶσθε.
485 626 652 690 Praeterea
681 622 767 689 idem
795 626 911 692 vitium
936 626 985 691 bis
1008 627 1218 691 commissum
1243 625 1491 713 corrigendum:

293 731 436 812 ἄγασέεε
455 733 494 804 τέο
514 731 678 814 δύνασθε,
697 736 751 796 τσῦ
772 730 909 813 δευτέρου
931 728 953 794 α
973 730 1235 808 συστελλομένου,
1249 737 1282 797 et
1298 731 1333 797 iu
1353 731 1492 800 Homeri

291 859 386 908 versu
409 837 503 925 (119)
526 836 640 904 allato:
666 842 750 910 θεαῖς
774 837 940 917 αγιέασέε.
1193 823 1200 838 ’

337 1077 371 1130 ε,
402 1048 477 1117 130.
512 1049 665 1132 Queritur
687 1047 844 1138 Calypso:
869 1049 920 1116 τὸν
943 1051 1000 1130 μέν
1023 1051 1101 1129 ἐγὼν
1126 1052 1251 1118 ἐσάωσα
1274 1053 1342 1134 arari
1367 1054 1490 1134 τρέτιος

290 1158 457 1238 βεβαῶτα.
489 1156 657 1223 Habemus
688 1156 728 1222 ad
759 1157 837 1222 haec
871 1156 1045 1223 Aristonici
1068 1165 1192 1224 nomm:
1216 1155 1262 1224 ὅτι
1286 1161 1354 1225 καὶ
1380 1163 1490 1239 γενικὴ

290 1265 358 1330 ἀντὶ
384 1264 521 1340 δοτικὴς,
546 1263 616 1327 ἀντὶ
640 1267 693 1328 τοῦ
718 1263 951 1344 τερεβεβιικότα
975 1273 1013 1344 τὴ
1037 1265 1167 1343 τροτΙδι.
1183 1265 1362 1354 (BrrPQ'r).
1384 1268 1489 1336 Verba

290 1367 336 1436 ὅτι
372 1370 445 1454 καὶ,
475 1371 509 1435 in
539 1369 606 1436 solo
638 1369 666 1434 P
699 1375 841 1453 servate,
874 1372 907 1434 in
939 1369 1019 1450 BEQ
1041 1370 1134 1455 plone
1158 1372 1286 1449 desunt,
1313 1393 1488 1460 eorumque

288 1478 359 1544 loco
401 1481 435 1543 in
479 1475 507 1542 Τ
553 1483 680 1542 tantum
725 1479 742 1552 ὴ
784 1476 915 1565 legitur.
974 1477 1012 1542 In
1055 1479 1172 1563 quibus
1214 1479 1291 1564 quid
1334 1482 1388 1544 aa}
1425 1483 1487 1547 sihi

288 1583 388 1669 velit,
419 1603 482 1650 non
516 1586 563 1649 ita
605 1583 698 1649 facile
728 1582 896 1649 intellecto
928 1590 986 1649 est.
1033 1584 1233 1671 Quapropter
1256 1589 1404 1664 coniicio,
1433 1589 1488 1654 sed

290 1691 474 1756 dubitanter
497 1689 689 1766 admodum,
714 1689 913 1755 inserendam
936 1711 1003 1756 essa
1025 1691 1173 1757 voculam
1193 1697 1262 1776 νῦν,
1283 1699 1320 1757 ut
1338 1691 1486 1781 legatur:

289 1793 336 1862 dre
361 1796 415 1862 real
441 1796 532 1884 (νῦν)
556 1797 662 1875 γενικὴ
686 1795 756 1860 ἀντὶ
781 1797 913 1868 δοτικὴς.
959 1796 1084 1883 Nempe
1106 1799 1134 1862 si
1156 1799 1236 1864 bene
1258 1797 1356 1864 hahet
1369 1799 1488 1876 Fried-

289 1901 413 1970 liiuderi
447 1903 643 1987 observatio,
669 1911 713 1988 (p.
746 1901 808 1987 21,
841 1901 898 1986 22)
930 1905 1020 1967 remei
1048 1909 1179 1970 tantum
1203 1905 1423 1972 Aristonicum
1448 1909 1486 1975 de

289 2010 466 2077 Aristarchi
501 2013 658 2076 sarmatia
692 2012 877 2097 genetivum
913 2029 970 2095 pro
1006 2009 1114 2075 dativo
1148 2013 1181 2074 in
1218 2010 1355 2077 Homeri
1387 2013 1486 2082 Iliade

288 2119 432 2204 positum
456 2116 621 2184 adnotasse
645 2115 685 2182 ad
706 2125 719 2180 Ι
739 2114 824 2200 242,
845 2117 1028 2202 saepissime
1048 2119 1240 2182 contrarium
1252 2167 1260 2201 ‚
1272 2139 1337 2183 non
1350 2120 1485 2188 absurde

288 2223 341 2289 hic
364 2243 420 2308 per
442 2222 635 2309 particulam
660 2228 711 2288 νῦν
734 2224 862 2288 alterum
886 2221 1069 2308 exemplum
1092 2225 1219 2290 rarioris
1239 2223 1483 2314 enallagespro·

287 2339 438 2417 ponetur,
462 2333 554 2396 cuius
569 2367 610 2378 -
623 2331 651 2394 si
674 2337 760 2395 reete
782 2329 904 2396 vidi-
919 2331 1050 2394 tertium
1072 2328 1176 2394 solum
1196 2330 1310 2397 addere
1329 2332 1432 2399 habeo
1444 2335 1483 2400 ad

287 2461 296 2503 ι
324 2437 364 2504 l:
399 2436 524 2503 aduror
551 2437 719 2516 ἅριδείκετε
742 2443 843 2501 λαῶντ
869 2435 1026 2501 --τὸδὲ
1049 2436 1171 2501 ἁπλοῦν
1195 2439 1263 2502 ἀντὶ
1289 2441 1483 2519 ταραγτέγσυ

286 2549 340 2611 τοῦ
364 2542 602 2624 αριδεικοτσὶτσυ.
622 2545 694 2629 (αυτ
718 2540 1055 2628 αριδεικετώτατεὴ)
1077 2545 1144 2608 καὶ
1168 2542 1271 2631 (1.Ἢ)
1296 2548 1313 2621 ὴ
1338 2551 1481 2625 γενικὴ

287 2659 425 2717 κεῖται
460 2651 552 2716 ἀντὶ
589 2650 764 2726 δοτικῆς.
801 2649 909 2737 (HQ),
945 2659 982 2714 ut
1019 2650 1118 2718 semel
1152 2655 1186 2716 in
1221 2649 1342 2737 Iliade,
1374 2655 1480 2721 bisin

286 2757 427 2846 Odyssea
452 2759 549 2824 huius
572 2759 618 2824 rei
642 2760 763 2823 mentio
785 2759 869 2823 iacta
893 2759 947 2822 sit.

330 2994 361 3048 ε,
388 2967 464 3034 132.
500 2967 606 3056 Magis
638 2967 779 3033 exercuit
809 2969 894 3034 viros
924 2968 1032 3034 doctos
1063 2989 1143 3054 quae
1173 2970 1213 3036 ad
1242 2971 1328 3038 huric
1352 2995 1480 3042 versum

285 3081 410 3142 servata
442 3080 490 3140 est
521 3075 684 3140 adnotatio
716 3076 835 3140 critica.
882 3073 975 3142 Dixit
1004 3073 1160 3162 Calypso:
1191 3077 1259 3143 irai
1281 3079 1307 3143 ol
1332 3088 1391 3156 νὴα
1414 3085 1480 3156 θοὴν

285 3183 400 3263 ἄργὴτι
436 3183 566 3262 κεραυνῷ
587 3181 606 3266 ΙΙ
627 3183 703 3254 Ζεὺς
735 3179 863 3252 έλσας
896 3179 1027 3246 ἐκέασσε
1059 3181 1144 3262 μέσῳ
1176 3183 1216 3246 ἓν)
1248 3185 1342 3252 οἴνοπι
1368 3187 1479 3270 πόντῳ.

284 3291 335 3357 Ad
365 3289 461 3362 ἔλσας
492 3292 527 3354 in
559 3288 652 3365 HPQ
675 3288 861 3354 adnotatum
887 3295 952 3352 est:
979 3287 1141 3361 Ζηνόδοτος
1166 3290 1324 3367 „idcirce”
1347 3297 1478 3374 γράφει.

283 3396 316 3464 οἱ
352 3396 383 3461 δέ
420 3394 575 3474 „decad”
614 3395 841 3471 ποιητικώτερον
873 3395 961 3473 γάρ.
997 3393 1090 3468 ἔλσας
1122 3398 1192 3473 μὲν
1221 3398 1256 3462 τὸ
1280 3401 1477 3480 συστρέψας,

284 3503 403 3576 έλιέσας
436 3502 467 3567 δέ
498 3501 533 3566 τὸ
558 3502 593 3566 ἐκ
616 3501 719 3582 χειρὸς
741 3499 877 3575 τλὴξας.
926 3499 1097 3580 Quaeritur
1120 3503 1197 3588 quid
1221 3501 1320 3569 lateat
1342 3509 1377 3570 in
1401 3507 1477 3576 illo:

282 3611 308 3677 ol
340 3609 382 3675 δέ.
430 3607 513 3674 Nam
546 3629 608 3674 non
639 3611 685 3672 sic
717 3607 802 3672 nude
830 3605 988 3674 herodoto
1020 3612 1134 3693 opponi
1158 3629 1247 3694 possa
1270 3610 1351 3678 illud
1375 3615 1402 3679 oi
1428 3615 1477 3694 δέ,

282 3717 469 3803 praesertim
505 3717 539 3780 in
574 3716 731 3800 scriptura
762 3733 781 3778 a
812 3713 956 3798 pluribus
986 3721 1112 3799 recepta
1136 3735 1278 3801 quaeque
1301 3719 1378 3810 adeo
1404 3722 1478 3787 rul-

282 3829 378 3910 gatae
409 3822 559 3887 honorem
593 3829 626 3886 et
655 3821 880 3886 auctoritatem
911 3819 1068 3900 obtinuit,
1096 3842 1205 3887 omnes
1228 3823 1311 3888 mihi
1334 3825 1476 3908 dabunt,

282 3931 338 4016 qui
367 3928 418 3994 his
449 3928 735 4015 grammaticorum
763 3925 908 4012 reliquiis
932 3947 1060 4013 operam
1082 3935 1288 3996 navaverunt.
1335 3930 1479 4002 Dixisset

281 4036 396 4104 salum
434 4037 489 4121 qui
524 4034 602 4100 haec
634 4032 786 4122 collegit,
821 4035 846 4098 oi
877 4034 909 4098 δὲ
940 4032 1031 4100 ἄλλοι
1064 4035 1116 4102 vel
1140 4037 1166 4102 oi
1189 4037 1220 4103 δέ
1243 4035 1334 4103 ἄλλοι
1359 4040 1477 4118 πάντες

280 4143 333 4213 val
357 4141 463 4208 simile
486 4140 579 4226 quid,
604 4161 644 4206 ne
667 4160 751 4205 nunc
777 4141 814 4205 de
841 4141 913 4206 aliis
938 4140 1182 4210 difficultatibus
1201 4165 1315 4231 agam.
1342 4149 1419 4230 (γάρ
1435 4187 1476 4202 -

280 4250 338 4327 μέν
372 4271 404 4316 v.
428 4271 456 4314 c.
493 4251 526 4312 in
562 4247 588 4328 Q
622 4248 731 4313 locum
764 4249 960 4333 verterunt),
987 4249 1102 4334 quibus
1126 4251 1246 4336 reliqua
1269 4275 1332 4320 non
1356 4261 1478 4341 optime

278 4355 477 4422 cohaerentia
498 4359 696 4440 premuntur.
724 4352 789 4428 At,
817 4393 858 4404 -
885 4355 942 4420 hoc
968 4359 1106 4441 primum
1132 4357 1354 4446 expediamus,
1378 4403 1420 4414 -
1443 4370 1476 4433 el

279 4461 310 4531 δέ
333 4465 367 4528 in
392 4482 454 4528 uno
479 4461 689 4528 ambrosiano
714 4481 784 4527 asse
807 4462 951 4540 videtum
978 4463 1145 4530 Palatinus
1169 4471 1185 4540 ὴ
1209 4464 1249 4529 δὲ
1274 4469 1365 4542 tatae
1388 4473 1424 4561 li.
1449 4497 1478 4541 e.
