3278 5148
713 293 715 302 ’
737 329 799 396 aet

173 547 220 588 νον
243 525 261 598 ΙΙ
283 521 468 602 αμφίπεροιζ
520 520 598 586 Post
631 541 748 606 pauca:
787 517 977 594 Ἀντισθένης
1013 518 1044 584 δέ
1083 523 1178 598 Φησιν
1213 515 1259 584 ὑτι
1294 518 1365 590 τοὺς

175 631 303 708 ἐρῶντας
329 630 383 710 ἤδη
407 627 609 718 ψευδομένους
634 629 692 698 τίις
719 629 914 709 ὑποσχέσεις.
949 624 1132 692 Dindo'rfius
1156 627 1236 692 duce
1259 626 1285 700 Τ
1310 626 1364 707 ἤδη

174 739 293 822 recepit
327 737 380 802 sed
403 728 566 820 'quoniam
603 737 775 820 requiritur
807 736 901 798 tertia
932 753 1063 819 persona
1085 754 1146 798 non
1170 735 1291 818 prima,
1314 732 1366 797 vel

173 843 275 908 invito
307 842 413 908 codice
445 843 532 924 ὕδει
565 841 714 906 audacter
746 841 1000 916 rescribendum,
1031 841 1115 924 quod
1144 839 1223 906 duce
1245 838 1365 906 Oobeto

174 971 258 1016 nunc
286 951 320 1013 in
351 947 494 1014 Homero
518 967 642 1032 quoque
665 947 786 1031 ubique
810 949 918 1032 reponi
939 953 1088 1032 coeptum
1109 956 1166 1012 est.
1204 943 1286 1012 Cum
1310 945 1366 1025 PQ

174 1057 255 1122 είδὺι
289 1055 473 1142 praebeant,
504 1056 537 1118 in
562 1056 706 1118 omniurn
733 1061 911 1120 nostorum
936 1053 1082 1120 codicum
1106 1052 1277 1138 archetypo
1302 1058 1366 1116 ter-

174 1165 383 1228 minationem
408 1151 629 1246 compendiose
652 1167 813 1226 exaratam
837 1160 935 1226 fuisse
958 1158 1140 1226 verosimile
1163 1166 1222 1224 est.

219 1375 269 1440 Ad
304 1374 431 1440 eosdem
463 1395 573 1438 versus
603 1376 637 1441 in
669 1393 732 1438 nno
764 1372 790 1438 'P
823 1373 1028 1440 adscribitur:
1061 1375 1110 1437 ιίι
1141 1373 1220 1452 γὰρ
1243 1373 1366 1445 οὑτως

174 1481 358 1546 ἐνδείκνυται
382 1477 427 1544 ίτι
452 1480 575 1545 πιίντυν
600 1487 658 1546 τῶν
681 1479 879 1559 πραγμάτων
903 1479 1073 1560 προτίὺεικε
1097 1481 1148 1544 τὸν
1173 1482 1294 1566 νόστον,
1315 1480 1366 1548 ίνα

173 1591 298 1664 μᾶλλον
333 1587 506 1668 ὑπακοὺση
533 1585 702 1656 Ἀλκίνους.
730 1587 876 1652 Primum
901 1585 1097 1654 tralaticium
1123 1588 1275 1654 mendum
1300 1591 1365 1654 exi-

173 1693 325 1758 mendum
350 1692 513 1758 scribendo
537 1692 718 1772 ἐπακοὺση.
757 1691 865 1757 Ulixes
890 1694 976 1757 enim
1000 1693 1077 1758 haec
1102 1714 1367 1761 commemorasse

172 1799 373 1886 perhibetur,
398 1804 434 1864 ui
458 1798 611 1865 Alcinous
634 1797 787 1864 libentius
810 1800 875 1862 ιίιιι
892 1821 995 1882 precer
1014 1801 1177 1864 madiret.
1221 1799 1267 1866 At
1289 1802 1364 1886 quid

172 1907 326 1984 faciemus
349 1908 391 1970 iis
414 1926 494 1990 quae
518 1907 610 1976 initio
633 1903 808 1993 legunturl
832 1904 1015 1972 Dindorfius
1039 1907 1078 1972 ad
1103 1909 1145 1970 τίι
1158 1907 1236 1986 reip:
1266 1908 1366 1985 „sori-

173 2013 313 2079 bendum
336 2013 387 2076 καί
412 2011 494 2088 γὰρ,
518 2015 580 2078 nisi
603 2011 725 2096 aliquid
748 2013 899 2078 excidit.”
935 2011 990 2078 Me
1013 2014 1142 2098 quidem
1167 2015 1272 2080 indite
1298 2016 1367 2080 sine

174 2121 272 2186 dnbio
302 2119 455 2186 nonnulla
485 2119 671 2184 exciderunt
702 2121 735 2182 in
758 2120 843 2185 hunc
866 2120 998 2185 modum
1023 2121 1212 2188 revocanda:
1237 2122 1280 2184 τίν
1304 2123 1366 2199 yda

173 2223 267 2298 οὑτοι
290 2225 508 2308 (ἐπαγωγὰ
534 2223 739 2302 ὑπεριδεῖν
763 2225 900 2310 αὑτὸν)
924 2225 1108 2291 ἐνδείκνυται
1132 2223 1177 2292 ὑπι
1202 2243 1273 2292 κτλ.
1306 2227 1367 2294 Do·

173 2335 297 2418 sumpsi
323 2352 416 2417 ·quae
450 2329 625 2415 supplenda
660 2333 843 2396 existimavi
880 2332 976 2396 verba
1010 2353 1048 2398 ex
1085 2341 1160 2400 nota
1194 2334 1233 2400 ad
1265 2332 1366 2400 ⁵81:

176 2440 264 2518 ἐτέρα
297 2437 439 2509 ἐπίτασις
472 2447 527 2511 τῆς
559 2433 731 2507 Ὀδυσσέυς
761 2437 965 2514 ἐγκρατείας,
991 2437 1020 2501 εί
1040 2463 1078 2515 γε
1104 2440 1146 2503 τίν
1169 2438 1262 2512 οὑτως
1286 2441 1366 2505 ἐπα-

175 2545 272 2624 pope
302 2551 442 2627 περιορᾷ,
474 2564 537 2629 quo
567 2542 637 2608 loco
664 2544 744 2608 item
777 2543 905 2624 ὑπερορᾷ
936 2551 1002 2610 esse
1025 2546 1247 2632 corrigendum
1272 2567 1367 2632 supra

174 2654 239 2718 iam
272 2649 461 2739 significavi.
510 2647 711 2717 Contrarium
744 2649 901 2714 habemus
925 2651 1028 2735 ‘paulo
1060 2659 1131 2736 post
1160 2653 1214 2730 (ad
1239 2679 1255 2728 η
1281 2652 1361 2730 311,

175 2780 205 2844 p.
232 2757 316 2841 351,
342 2757 393 2842 7):
417 2759 450 2821 οὑ
475 2757 538 2834 γὰρ
560 2755 638 2824 είκὸι
661 2749 737 2818 είναι
762 2757 816 2830 τίρν
841 2757 897 2834 ροέν
922 2757 1094 2822 α’ὑαναοίαν
1119 2759 1281 2843 ὑπεριδεῖν,
1302 2760 1366 2832 ὑνη-

173 2875 230 2938 τοῖς
270 2863 300 2927 δέ
336 2866 479 2940 γυναικὸς
512 2863 674 2938 ὑπομεῖναι
705 2861 820 2938 γοίραον.
878 2865 978 2928 Meroe
1009 2865 1128 2930 scribae
1163 2866 1364 2932 dormitantis
1424 2873 1432 2886 '

176 2975 364 3040 oscitantiae
384 2969 498 3034 lacuna
518 2971 670 3052 originem
695 2967 807 3034 debere
830 2969 966 3036 videtur.
1395 2971 1399 2978 '

223 3208 258 3260 η,
283 3180 359 3246 263.
393 3179 520 3246 Ulixem
553 3179 692 3266 Calypso
724 3183 860 3246 missum
893 3183 968 3247 lecit
993 3184 1084 3256 Ζηνὸς
1111 3187 1162 3250 ὑπ’
1187 3186 1364 3272 ἀγγελίης,

178 3291 194 3364 ἢ
228 3289 281 3352 καί
314 3287 376 3360 νόος
411 3286 555 3365 ἐτράπετ’
579 3289 685 3360 αὐτῆς.
738 3286 821 3352 Hine
845 3308 906 3352 non
929 3287 1061 3374 illepide
1085 3291 1268 3358 deducitur:
1295 3291 1366 3355 ὑπο-

178 3401 246 3460 νοῶν
278 3393 448 3467 Ὀδυσσεὺς
473 3395 623 3474 Φαίνεται
648 3395 702 3465 τίον
728 3395 898 3466 ὑποστολὴν
921 3400 975 3458 τοὺ
998 3401 1130 3473 Ἑρμοῦ·
1154 3401 1193 3472 cic
1217 3396 1365 3480 ἐξαίφνης

177 3503 240 3583 γὰρ
261 3502 312 3590 καί
332 3503 365 3565 οὑ
386 3499 645 3579 προσδοκήσαντος
667 3500 789 3576 ἐγένετο
810 3503 827 3574 η
848 3500 993 3576 ἐκπομπὴ
1013 3503 1054 3574 είς
1077 3503 1179 3568 atsto.
1198 3503 1262 3588 (Τ).
1294 3503 1367 3568 Duo
1387 3511 1391 3526 ¹

178 3609 294 3674 ultima
324 3609 420 3672 verba
450 3627 577 3672 omnem
609 3627 717 3672 sanam
748 3609 1041 3692 interpretationem
1073 3615 1234 3694 respuunt
1289 3608 1368 3689 Quis

176 3717 262 3782 enim
287 3711 520 3800 intellegendus
543 3733 598 3797 per
622 3711 679 3778 illa
701 3713 744 3784 είς
768 3709 884 3776 αὑτόνί
925 3713 1137 3780 Alcinousnel
1172 3719 1215 3782 At
1238 3717 1298 3782 hoc
1322 3716 1367 3782 fa·

175 3828 267 3886 tuum
302 3840 360 3884 nec
394 3839 515 3884 rerum.
562 3817 623 3884 Sed
655 3821 734 3883 satis
767 3829 888 3884 certum
914 3827 962 3884 est
986 3823 1117 3886 verbum
1144 3825 1261 3907 requiri
1284 3823 1368 3888 unde

176 3926 310 4012 pendeat
334 3927 394 4001 ὡς,
418 3913 502 4008 quod
524 3944 540 3988 e
560 3926 792 4010 praepositione
814 3927 860 3990 ita
880 3924 1061 3990 elicuerim:
1083 3930 1120 4000 νίς
1142 3925 1291 4002 ἐξαίφνης
1305 3929 1374 4006 νίιρ·

178 4034 230 4098 καί
256 4033 289 4098 οὑ
313 4032 572 4110 προσδοκήσαντος
598 4029 719 4108 ἐγένετο
744 4033 761 4104 ἡ
786 4032 932 4107 ἐκπομπὴ
956 4033 1128 4122 airoino)
1153 4034 1256 4099 αὑτίν.

224 4267 260 4320 η,
286 4243 362 4310 303.
385 4239 500 4323 Ἥρως,
526 4243 570 4316 ml
595 4263 646 4314 μοι
670 4241 786 4306 τοῦνεκ’
811 4244 960 4318 οίριὺριονα
985 4245 1079 4306 νείκεε
1103 4244 1218 4323 κοὺρην.
1260 4245 1369 4312 Huius

177 4369 288 4415 versus
311 4349 509 4431 duorumque
532 4349 731 4429 sequentium
756 4347 837 4412 hanc
862 4349 1066 4434 paraphrasin
1091 4352 1240 4434 praebent
1258 4351 1367 4430 HPQ:

178 4459 222 4534 μη
256 4459 312 4530 την
337 4455 457 4536 ἄφορον
481 4458 535 4526 σην
559 4451 714 4536 ίυρατέρα
739 4457 794 4531 τίρν
819 4453 1022 4536 Ναυσικοίαν,
1049 4453 1084 4547 [ὑ
1111 4459 1258 4550 Ἀριίτη,]
1282 4469 1371 4542 φιλο-
