3220 5144
695 316 763 392 lta

137 518 276 592 γεννικῆς
293 511 410 592 apra
434 509 538 590 νέμει.
569 509 659 578 Haec
680 533 744 580 non
768 512 933 580 cohaerere
955 509 1061 597 primo
1083 514 1199 580 obtutu
1227 514 1334 601 quiris

138 621 255 688 videat.
302 618 497 705 Simpliciter
519 619 685 704 indicabo,
710 620 981 705 quemadmodum
1006 625 1111 686 totum
1136 622 1221 686 hunc
1240 623 1336 686 intri-

138 729 290 794 catiorem
321 727 428 792 locum
457 726 604 810 equidem
636 726 834 814 digesserim.
882 732 1053 808 Τοιγαροῦν
1082 722 1205 800 cludro:
1237 711 1333 805 ipis

139 834 275 917 Ὀριιὶρον
298 833 390 913 λόγος
416 835 510 913 ἡρώιον
533 833 597 896 ἐστὶ
618 831 703 910 βίος,
722 834 750 897 σι’
770 832 802 898 δὲ
822 832 986 905 aaaron:
1007 831 1145 912 διώλογοι
1168 837 1332 915 μειρακίοιν

140 940 216 1006 εἰσὶν
250 938 355 1020 ἔρωτες
387 939 440 1021 acl
472 940 677 1024 (παιδικῆς
710 939 930 1016 loriculas
964 940 1166 1018 γέμουσι).
1204 943 1334 1018 11λῆνεῖ

140 1049 184 1124 μὴ
221 1049 260 1120 νὴ
293 1048 342 1111 Δι’
349 1071 372 1111 a
402 1047 473 1124 βίον
504 1047 659 1124 ώφώλενοιν
690 1049 831 1126 φήσομεν
863 1041 940 1112 εἶναι
973 1047 1017 1111 τώ
1040 1050 1142 1124 σεμνὰ
1164 1054 1222 1113 τῶν
1247 1047 1332 1114 ἰδεῶν

140 1155 351 1234 τερετίσμοιτοο
374 1153 425 1218 ani
442 1154 515 1234 rap'
528 1153 784 1234 Ἀριστοτέλους
805 1158 873 1218 τοῦ
894 1157 1078 1229 μοιώντοῦ
1097 1155 1333 1232 γελώμενον....

141 1261 248 1350 τώντοι
280 1264 353 1340 παρ’
382 1262 506 1342 Ὁμώρρι
529 1267 670 1338 γεννικῆς
697 1261 807 1341 ἀρετῆς
832 1260 933 1339 γέμει.
959 1262 1105 1344 φρόνιμος
1143 1261 1334 1346 Ὀδυσσεύς,

141 1367 271 1450 ἀνδρεῖος
303 1365 401 1445 Aias,
435 1367 560 1448 σώφρων
584 1365 766 1445 Πιρνελώτιρ,
790 1366 905 1439 dicares
930 1369 960 1432 ἐν
985 1367 1087 1434 ώτοισι
1113 1367 1258 1450 Νέστωρ,
1281 1370 1333 1434 εὖ·

140 1475 237 1554 σεβὴς
266 1474 308 1545 εἰς
341 1472 463 1555 recipe
492 1472 705 1558 Τηλέμαχος,
740 1473 813 1555 ὑπὲρ
845 1469 883 1540 ὧν
914 1478 1001 1556 τοιροὶ
1029 1476 1175 1542 aaaron
1199 1483 1254 1548 τῆς
1280 1479 1333 1540 τοῦ

139 1581 376 1662 φιλοσόφου
408 1579 567 1660 ἕξώριστοιι
599 1582 832 1652 πολιτείοις.
859 1579 909 1646 διώ
933 1586 1022 1648 τοῦτο
1046 1584 1139 1664 uitia:
1164 1577 1251 1658 οἷμοοι
1275 1587 1334 1646 τών

140 1689 209 1754 aad
239 1689 374 1768 Ὁμήρου
407 1684 508 1765 λόγιον
539 1689 598 1756 τώς
629 1687 716 1758 δίνας
748 1688 895 1767 ὑπέσχεν.
920 1689 1015 1774 Apud
1039 1687 1223 1755 Mehlerum
1246 1693 1278 1754 et
1302 1689 1335 1752 in

139 1794 320 1873 codicibus,
356 1801 394 1858 ut
423 1794 508 1871 dixi,
540 1795 627 1879 prior
658 1797 815 1860 sententia
846 1814 945 1880 usque
985 1796 1025 1861 ad
1065 1797 1180 1863 verba:
1222 1797 1333 1875 ώρετιῑς

139 1903 233 1980 γέμει
264 1919 327 1966 non
357 1903 539 1965 intermisso
564 1907 671 1965 tenore
695 1903 909 1986 continuatur,
935 1909 1004 1967 tum
1031 1901 1175 1988 exempla
1199 1922 1334 1988 sequun-

139 2016 211 2085 tur,
262 2005 405 2088 φρόνιμος
449 2007 619 2078 Ὀδυσσεύς
644 2043 664 2057 -
682 2041 696 2055 ·
722 2005 880 2090 ἐξώριστοοι
916 2017 971 2082 τῆς
1008 2009 1125 2079 πόλεως
1164 2015 1251 2092 (nam
1290 2010 1336 2074 tta

139 2113 273 2200 edidit),
311 2123 382 2200 post
417 2133 514 2199 qnae,
550 2114 634 2198 quod
666 2117 736 2200 quis
769 2115 903 2181 minime
934 2115 1183 2202 exspectaverit,
1215 2113 1272 2180 illa
1297 2113 1336 2179 da

140 2224 221 2288 ideis
244 2224 502 2308 subiunguntur,
526 2221 621 2306 (raia
646 2223 672 2286 si
696 2223 740 2296 μὶν
762 2259 803 2268 -
823 2219 1014 2306 γελώμενο),
1039 2241 1119 2308 quae
1142 2240 1205 2286 non
1225 2223 1334 2286 minus

140 2333 224 2395 mire
247 2331 307 2395 bac
330 2330 532 2414 excipiuntur
550 2327 768 2393 conclusione:
790 2327 841 2393 διὰ
860 2332 949 2394 τοῦτο
970 2329 1085 2418 (igitur
1097 2333 1225 2414 propter
1237 2326 1336 2410 ideas)

139 2435 233 2514 ἀξίοις
257 2473 276 2485 -
291 2435 381 2507 -τώς
407 2435 493 2506 birca:
518 2435 666 2517 ὑπέσχεν.
691 2433 795 2514 Quam
818 2435 1002 2501 ioculariter
1022 2435 1099 2501 haec
1119 2435 1343 2513 οὶσώγιιλιοστοι.
1375 2509 1379 2516 Ι

138 2548 381 2618 connectantur,
410 2561 504 2607 nemo
527 2539 609 2605 mihi
634 2547 682 2606 eat
705 2540 891 2605 monendus.
917 2540 1030 2626 Itaque
1053 2547 1122 2607 tota
1144 2543 1336 2626 transposita

117 2646 299 2716 'sententia
322 2649 418 2734 (τλὶρν
442 2649 467 2711 εἰ
493 2683 533 2696 --
559 2651 750 2730 γελώμενο),
772 2646 893 2732 duplici
912 2650 1042 2733 insuper
1060 2646 1174 2713 lacuna
1195 2653 1333 2722 statuta,
1375 2667 1378 2673 ·

92 2805 101 2816 .
138 2764 173 2823 et
196 2763 269 2842 post
292 2756 347 2820 κοι1
371 2761 403 2821 et
427 2759 497 2840 post
521 2756 708 2832 γελώμενο,
736 2792 776 2804 -
802 2751 1064 2830 violentioribus,
1089 2753 1203 2832 fateor,
1231 2773 1336 2819 reme·

138 2863 219 2946 diis,
248 2901 289 2912 -
315 2879 413 2950 grave
439 2859 555 2925 vulnus
578 2863 693 2926 sarcire
716 2865 847 2926 conatus
870 2881 954 2926 sum.
1001 2860 1088 2941 Quae
1111 2865 1182 2946 post
1206 2859 1258 2924 ιιοιὶ
1282 2859 1337 2924 ad·

138 2970 275 3052 dabam,
307 2968 470 3052 desumpsi
493 2987 532 3032 ex
556 2965 735 3032 simillimis
759 2969 799 3032 iis
823 2987 903 3052 quae
929 2987 1025 3053 supra
1047 2975 1092 3052 (p.
1120 2963 1198 3049 148)
1223 2963 1337 3053 legun·

140 3085 193 3142 tur
213 3073 310 3160 paulo
333 3077 405 3138 ante
430 3093 449 3139 a
472 3095 524 3140 me
547 3073 732 3139 emendatis.
781 3072 818 3138 In
843 3075 959 3159 quibus
981 3094 1034 3139 me
1056 3093 1185 3139 sensum
1208 3077 1335 3138 tantum
1446 3077 1450 3084 ’

138 3182 362 3258 adumbrasse,
395 3181 452 3246 rix
475 3199 554 3265 opus
577 3185 685 3245 estut
710 3198 866 3245 moneam.
915 3175 998 3245 Cum
1022 3179 1061 3245 de
1083 3177 1207 3246 lacunis
1232 3183 1335 3244 trans-

139 3287 412 3374 poeiticnibusqua
435 3286 590 3363 dixerim,
615 3307 698 3352 nune
722 3286 761 3352 de
782 3285 956 3370 scripturae
981 3287 1071 3352 vitiis
1094 3287 1204 3372 paucis
1228 3285 1335 3352 videa·

139 3415 222 3459 mue.
270 3393 415 3460 lididissa
448 3391 629 3458 Mehlerum
661 3393 735 3472 ποορ·
759 3392 966 3471 Ἀριστοτέλει
990 3395 1032 3474 τῷ
1056 3395 1180 3474 palari
1205 3391 1336 3458 levioris

137 3502 295 3566 momenti
328 3503 393 3577 est:
426 3497 638 3564 difficiliorem
671 3501 841 3565 inveniunt
871 3501 1127 3586 procurationem
1151 3499 1228 3564 haec
1251 3498 1336 3566 inD

138 3611 184 3674 aio
208 3610 343 3692 scripta:
369 3606 441 3685 ὑπὲρ
465 3601 503 3670 ὧν
527 3607 612 3684 rapa
638 3605 780 3671 Πλώτοινι
804 3606 847 3684 τῷ
870 3607 1032 3686 φιλοσόφῳ
1056 3614 1111 3679 τῆς
1133 3611 1186 3670 τοῦ
1209 3601 1261 3687 obi
1280 3610 1333 3672 τοῦ

138 3713 303 3784 Πλώτιονος
335 3712 492 3794 ἒξώριστοιι
525 3711 654 3784 πόλεως.
702 3711 739 3777 In
767 3711 797 3776 Α
821 3714 929 3778 omnia
953 3713 1050 3777 verba
1073 3715 1157 3778 inter
1180 3714 1277 3778 τλώτ.
1305 3738 1334 3778 τ.

137 3820 302 3902 φιλοσόφῳ
325 3824 358 3884 et
382 3821 464 3893 τλίρν
487 3819 514 3883 si
538 3821 607 3884 aine
630 3817 698 3884 ullo
721 3816 853 3884 lacunae
876 3819 968 3904 signo
989 3817 1226 3892 desiderantur:
1246 3817 1336 3884 lieh-

138 3927 224 3993 lerus
246 3925 347 3992 edidit
372 3925 567 4011 (dubitanter
586 3925 725 4010 tamen):
748 3925 821 4005 ὑτὲρ
839 3920 877 3988 ών
898 3924 985 4004 rapis
997 3923 1102 3990 Πλώτ.
1115 3926 1158 4004 τῷ
1170 3926 1332 4006 φιλοσόφῳ

139 4031 297 4114 ἐξώρισσοοι
336 4041 390 4106 τῆς
431 4031 569 4109 πόλεως,
608 4051 686 4119 ego,
722 4030 853 4097 abiectis
893 4031 949 4114 [τῷ
981 4030 1160 4116 φιλοσόφῳ]
1196 4038 1228 4097 et
1266 4031 1333 4118 [τοῦ

140 4140 321 4224 Πλάτωνος]
346 4140 526 4225 scripserim
550 4158 630 4224 quae
654 4158 751 4223 supra
773 4137 878 4224 posita
900 4143 985 4203 sunt.
1033 4136 1112 4203 Mox
1135 4137 1239 4203 editor
1260 4159 1333 4224 par-

140 4267 248 4332 peram
268 4245 458 4311 admodum:
482 4245 607 4320 11λὴνεί
629 4245 674 4322 ,uir
695 4243 746 4310 διώ
766 4242 836 4321 βίον
857 4243 1011 4324 ώφέλειοιν
1030 4245 1173 4324 φιὶσομιν
1194 4240 1270 4309 εἶνοοι
1291 4245 1334 4310 τὰ

141 4355 418 4434 --τερετίσμοοτοι
445 4350 537 4432 Quod
560 4352 767 4437 reponebam:
792 4351 872 4427 πλὴν
893 4351 917 4414 si
939 4353 983 4429 μὴ
1008 4353 1048 4414 air
1073 4351 1153 4415 Δ1ιι
1172 4351 1336 4434 βίουώφὲ·

141 4476 230 4528 λειον
249 4474 319 4526 ιιτλ.
340 4461 456 4524 nititur
476 4457 594 4524 codicia
613 4460 843 4524 Aauctoritate
856 4477 951 4542 seque
962 4455 1055 4524 facile
1067 4478 1123 4544 per
1134 4479 1168 4524 se
1180 4458 1335 4530 tuebitur.
