3330 5144
742 323 805 392 lea

179 516 438 584 antecedentibus
462 517 644 599 cohaerere,
664 515 881 582 Buttmannus
900 519 1077 604 perspexit,
1100 516 1227 595 „deesse
1248 513 1369 604 aliquid
1395 581 1398 588 r

177 624 231 690 hio
263 623 384 690 videri’
415 623 597 688 admonens.
645 620 767 688 Vemm
795 623 854 688 hoo
886 644 922 690 ae
952 623 1046 708 plura
1068 627 1166 690 etiam
1189 625 1295 691 deesse
1317 625 1370 690 hio

177 731 323 807 eredam,
356 731 424 794 sive
455 729 646 815 excerptoris
677 733 804 814 stupore
840 729 898 794 hoo
929 730 1049 796 saetam
1082 739 1130 797 est
1160 734 1227 798 sire
1251 735 1371 798 soribae

178 858 301 915 errore,
335 839 389 902 sed
422 836 520 902 simul
543 835 703 902 abundare
725 837 807 902 mihi
831 837 980 903 videntur
1002 839 1079 903 ists:
1111 839 1153 919 τῷ
1184 838 1369 920 Τηλεμάχῳ

177 949 218 1018 ὥς
254 945 347 1024 ποτρὶ
384 945 495 1020 αὑτοῦ,
531 965 604 1009 oum
645 948 677 1008 et
711 942 877 1028 praecedat
913 946 954 1024 τῷ
990 946 1177 1025 Τηλεμάχῳ
1211 951 1243 1012 et
1276 944 1371 1031 paulo

177 1061 251 1138 post
273 1059 438 1139 aequatur:
464 1048 510 1116 ὅτι
534 1053 696 1130 προφανῶς
720 1051 803 1131 αὐτῷ
827 1051 997 1126 συνέπεται,
1014 1052 1052 1123 ὥς
1070 1055 1111 1132 τῷ
1131 1052 1236 1131 roret.
1261 1052 1372 1139 Itaque

176 1160 256 1226 haee
292 1178 457 1244 perperam
494 1161 528 1221 in
567 1177 676 1222 eorum
714 1154 821 1222 looum
860 1159 1022 1243 irrepsisse
1061 1160 1248 1243 statuerim,
1291 1179 1372 1244 quae

177 1267 284 1332 neseio
314 1284 375 1351 quo
405 1285 480 1330 nasu
511 1263 712 1340 exciderunt,
742 1283 876 1348 quorum
900 1265 1091 1330 sententiam
1117 1264 1269 1352 indagare
1292 1265 1371 1331 duee

177 1372 322 1438 Homero
360 1392 423 1437 non
458 1379 506 1436 est
542 1371 693 1446 arduum,
728 1407 767 1418 -
799 1369 977 1435 retulerunt
1011 1373 1097 1436 enim
1132 1371 1242 1464 procui
1275 1372 1372 1438 dnbio

180 1479 276 1544 haee:
308 1479 333 1544 εἷ
366 1478 429 1556 γάρ
464 1479 493 1541 τ’
522 1475 559 1548 ὣς
584 1477 676 1542 ἐθέλοι
701 1476 821 1556 φιλέειν
844 1479 1026 1553 γλαυκῶπις
1050 1477 1181 1562 Ἀθήνη,
1206 1479 1265 1563 (vs.
1290 1475 1370 1562 218)

183 1621 204 1635 ·
218 1620 237 1635 ·
251 1619 269 1634 -
293 1587 331 1656 ὥς
355 1585 440 1665 κείνῳ
464 1583 633 1664 drumart&
658 1587 833 1664 πάρΙσποιτο
856 1583 991 1656 Παλλάς
1018 1584 1126 1659 ’Atius
1154 1587 1214 1668 (vs.
1235 1583 1370 1672 222)-

178 1692 236 1758 sed
259 1713 394 1776 quorum
419 1691 515 1758 verba
538 1711 632 1755 nemo
652 1693 686 1755 in
710 1691 769 1756 hoo
792 1688 907 1755 soholii
930 1697 1016 1756 statu
1040 1696 1186 1776 praestet.
1230 1689 1321 1771 Quod
1344 1691 1372 1756 si

173 1801 224 1864 ita
257 1805 322 1877 est,
360 1803 430 1862 tum
461 1811 546 1864 reete
577 1799 736 1881 sequitur:
773 1798 825 1861 κοιὶ
858 1801 924 1861 νῦν
951 1797 1063 1873 μέλλει
1095 1795 1194 1872 δεῖξαι
1219 1799 1300 1871 ariri
1323 1794 1369 1863 άτι

174 1911 391 1984 προφανῶς
413 1903 497 1982 aire}
519 1900 684 1966 συνέπεσον
704 1904 742 1972 ὥς
763 1906 804 1984 τῷ
823 1903 929 1984 πάτρά.
952 1903 1096 1970 Nestoris
1116 1889 1202 1970 enim
1222 1903 1261 1969 de
1280 1903 1371 1971 Tele·

172 2011 289 2077 macho
310 2017 422 2076 votum
443 2009 501 2074 dea
513 2012 622 2074 statim
635 2007 761 2094 implet.
784 2009 820 2074 In
834 2010 1039 2095 sequentibus
1050 2019 1175 2086 ποιῆσον
1196 1993 1368 2076 πλεάσάμ

172 2118 228 2182 τὸν
251 2117 445 2199 Τηλέμαχον
471 2121 682 2194 προσφιλῆ
707 2117 749 2195 τῷ
775 2115 903 2198 Νέστορι
927 2113 1021 2202 plane
1044 2115 1221 2202 decrepitae
1244 2115 1371 2184 Graeci-

174 2228 254 2291 tatis
278 2231 326 2290 est
349 2244 407 2310 pro
431 2223 699 2304 προσφιλέστερον.

221 2459 257 2519 γ,
283 2432 358 2501 470.
389 2433 426 2499 In
458 2397 668 2520 explicatione
702 2433 873 2522 allegorica
898 2434 1021 2502 seilicet
1044 2437 1167 2500 rituum
1191 2437 1225 2500 in
1249 2433 1367 2501 seorifi·

175 2543 279 2618 nando
315 2542 532 2608 adhibitorum
563 2543 648 2606 inter
677 2541 740 2607 alia
771 2541 909 2630 legitur:
942 2541 984 2606 τά
1009 2542 1041 2606 δὲ
1064 2529 1253 2624 σπλάγχνά
1270 2541 1368 2616 ἥσάισν
1497 2537 1505 2552 “

176 2649 365 2726 δεικνύντες,
398 2642 442 2713 άτι
476 2645 509 2722 ἐξ
541 2649 640 2714 οὐσῶν
670 2647 812 2727 ἱγκάτιον
845 2649 895 2734 [ἐκ
917 2649 1016 2726 μέσης
1041 2649 1181 2738 καρδίας]
1210 2648 1309 2715 άάονσι
1332 2648 1367 2713 τά

176 2759 262 2834 θῦμον
284 2758 354 2824 τοὺς
380 2754 461 2828 θεοὺς
485 2761 633 2830 τιμῶντες
658 2757 710 2818 καὶ
735 2756 820 2831 μετά
844 2756 1054 2834 προαιρέσεως.
1078 2755 1132 2842 (E)
1156 2755 1243 2837 Quae
1274 2757 1369 2821 omit·
1451 2838 1458 2850 Ι

174 2864 273 2931 tenda
296 2861 549 2951 significavimus
572 2867 604 2928 et
624 2861 778 2948 asyndeto
802 2863 866 2927 iam
890 2863 968 2928 satis
987 2861 1195 2939 damnantur,
1226 2868 1259 2928 et
1279 2861 1366 2928 idem

175 2971 305 3056 dieunt,
329 2968 384 3036 sed
406 2967 511 3034 multo
535 2969 642 3034 minus
667 2967 842 3045 efficacius,
866 2974 962 3054 atque
986 2967 1020 3045 ἐξ
1044 2968 1144 3032 οὔτῶν
1168 2968 1321 3044 ἐγκάτον.

223 3184 257 3264 i,
283 3181 357 3250 129.
382 3180 420 3248 In
444 3179 564 3248 soholio
590 3177 822 3256 „recentissimi
844 3179 1065 3268 grammatici’
1084 3180 1368 3267 legendumttirai-

175 3305 288 3364 λοντος
325 3286 373 3356 οὖν
410 3290 424 3354 ά
460 3285 689 3371 ἲσσκάμπάνος,
727 3276 756 3356 ὃς
792 3285 846 3351 ἐάν
878 3283 947 3361 ἐξῆν
978 3289 1243 3366 τμλσιντεοάιῑνοι,
1278 3289 1370 3367 ἤγουν

176 3399 406 3474 στκάμηάῆνοιι.
438 3393 502 3467 ἶσος
533 3394 587 3480 [δ’]
612 3391 651 3457 άν
673 3391 773 3474 εὑρεθῇ
797 3401 860 3466 τοῖς
885 3391 1176 3473 σοστοάμιζσμάνσις
1198 3396 1291 3476 αὐτῷ.
1316 3393 1369 3480 (E)

175 3504 249 3572 Non
272 3501 443 3570 dissimilia
466 3509 540 3566 sunt
565 3497 649 3585 apud
673 3497 893 3588 Etymologos.

223 3713 358 3800 t;'22l.
396 3713 444 3778 Ad
477 3709 617 3786 νηπενάὲς
649 3713 679 3776 τ’
711 3709 828 3792 άχσλάν
859 3734 893 3776 τε
925 3711 1119 3779 Herleiauus
1143 3714 1255 3780 habet:
1279 3710 1313 3791 ἐξ
1336 3710 1369 3780 οὗ

174 3821 369 3902 ἐπεκράτησε
399 3819 547 3898 aberrem
571 3817 615 3884 τά
638 3825 693 3893 τῆς
717 3817 842 3893 Ἑλένης
867 3821 996 3892 νηπενάιῖ
1020 3819 1187 3900 φάρμακά.
1236 3821 1368 3888 Prover-

174 3934 265 3997 binm
297 3933 405 4008 notat,
436 3929 545 4011 iteqne
576 3931 735 4010 praestare
766 3924 848 3989 mihi
878 3926 1023 3992 videtur:
1055 3926 1089 4003 ἐξ
1120 3925 1153 3994 οὗ
1176 3928 1366 4010 ἐπεκράτησε

173 4037 322 4116 λέγεσθαι
355 4033 442 4122 (τά)·
471 4033 521 4097 τά
547 4039 616 4107 τῆς
640 4028 803 4105 Ἑλένης
828 4035 1004 4108 νηπενάῆ
1029 4035 1274 4124 [pappant

225 4247 262 4326 δ,
289 4243 368 4324 247,
393 4243 475 4310 248:

358 4349 445 4430 άλλιρ
468 4348 497 4416 δ’
522 4350 616 4443 οὗτοι
638 4348 721 4431 φωτὶ
746 4347 972 4427 κμτοκράππσον
996 4349 1114 4434 ι’ρΐσκεν,

358 4457 466 4540 iissre,
491 4449 521 4531 ὃς
547 4457 628 4524 οὐδὲν
652 4463 729 4529 τοῖος
756 4455 805 4534 ἔην
829 4457 879 4522 ἐπὶ
906 4461 1006 4533 νηυσὶν
1030 4459 1177 4538 Ἀχαιῶν.

1193 4581 1223 4629 13
