3330 5144
815 340 882 412 220

251 536 371 626 (BQT.)
398 537 487 604 Unus
510 536 608 603 codex
635 535 688 619 (Q)
713 541 797 602 recte
820 537 942 601 omittit
965 536 1035 612 τήν,
1060 533 1143 619 quod
1167 534 1219 601 vel
1240 535 1359 621 absque
1380 531 1440 601 boc

248 647 369 714 auxilio
393 647 552 710 obiectum
576 643 749 726 oportebat.
797 642 835 706 In
856 643 992 706 dictione
1012 643 1095 705 κατα
1117 641 1261 720 διαίρεσιν
1285 640 1441 706 articulus

249 775 312 826 non
336 755 441 840 magis
465 751 665 826 adsciscitur,
690 768 783 833 quam
809 751 842 811 in
867 744 940 811 κατ’
968 749 1219 831 ῶνσιδιαστολήν,
1240 747 1323 832 quod
1358 747 1445 812 idem

251 858 410 948 significat
434 859 646 940 usitatiusque
669 855 848 920 adhibetur.
1041 837 1044 849 ⁸

296 1086 334 1148 λ,
359 1071 413 1138 30.
449 1071 580 1136 Umbris
613 1074 710 1136 vovet
741 1066 868 1143 Ulixes,
904 1088 937 1132 se
967 1071 1009 1132 iis
1039 1071 1074 1132 in
1106 1065 1249 1132 Ithacam
1279 1085 1443 1132 reversum

210 1189 214 1194 '
250 1176 499 1244 sacrificaturum
531 1197 662 1244 vacam
692 1174 863 1240 sterilem.'
892 1173 1079 1258 Exquiritur
1111 1193 1224 1250 ccum,
1256 1172 1311 1238 ααῖ
1335 1180 1444 1252 φαμεν

250 1283 294 1350 ύτι
331 1287 356 1350 οῖ
390 1287 480 1365 νεκροῖ
514 1284 619 1349 ἄτοκού
650 1283 722 1359 εἶσι,
760 1281 826 1368 [καὶ
859 1283 891 1345 ού
924 1281 1060 1346 τύπτουσι
1068 1282 1093 1366 ,]
1119 1281 1169 1344 διὰ
1194 1284 1283 1345 τοῦτο
1307 1277 1443 1355 ἐπεύξατο

251 1394 354 1461 αὐτοῖς
384 1391 459 1469 βοῶν
489 1393 533 1467 μή
556 1395 722 1467 γεννῶσαν.
751 1388 816 1474 (Q).
852 1386 911 1454 Vel
935 1389 1002 1452 sine
1024 1386 1237 1453 insulsissima
1259 1389 1444 1476 interpreta-

252 1502 337 1564 tione
361 1499 458 1563 verba
481 1495 586 1562 ῶτοκσῖ
611 1499 684 1574 εῖσι,
709 1496 816 1572 credo,
842 1498 920 1560 satis
944 1498 1107 1580 perspicua
1131 1499 1233 1559 errant.

297 1725 337 1791 λ,
361 1705 438 1772 315.
463 1704 543 1773 Otus
567 1715 599 1774 et
622 1705 787 1791 Ephialtes

594 1811 789 1878 ἀθανάτοισιν
811 1813 983 1887 ἀπειλήτην
1005 1814 1035 1876 ἒν
1062 1810 1218 1890 Ὀλύμπῳ

342 1919 503 2000 Φνλύπιδα
526 1922 649 1996 στήσειν
672 1919 838 1994 πολυάϊκος
864 1920 1018 1995 πολέμοιο.

338 2031 464 2092 Ὀσναν
488 2027 537 2092 ἐπ’
562 2025 726 2107 Οὐλύμπῳ
748 2025 898 2104 μέμασαν
922 2027 1028 2104 ύέμεν,
1053 2025 1154 2105 αύτοῖρ
1178 2025 1226 2088 ἐπ’
1250 2027 1356 2104 Ὀσνρ

343 2136 456 2209 Πήλιον
480 2134 709 2213 εἰνοσίφυλλον,
734 2131 771 2198 ἵν’
795 2136 915 2214 οὐρανὸς
939 2131 1089 2211 ἀμβατὸς
1115 2130 1171 2204 εῖν.

230 2221 306 2307 'Ad
341 2241 419 2306 haee
455 2239 486 2304 V
518 2240 613 2306 babet
645 2242 862 2328 fragmentum
895 2238 1023 2305 scholii:
1055 2235 1093 2302 ἵν’
1118 2236 1152 2314 ἐξ
1178 2236 1241 2302 ἴσον
1264 2235 1442 2323 [scylleos]

252 2354 421 2426 πολεμῶσι.
447 2324 627 2411 νὶύετοῖινται
652 2346 682 2410 δὲ
706 2349 743 2417 ῶς
768 2346 923 2412 ἀδύνατοι.
947 2346 1036 2411 ἄλλα
1059 2343 1226 2421 μέμασαν,
1251 2345 1365 2425 Φήσίν,
1389 2345 1442 2408 οὐκ

253 2453 403 2534 ἔπραττον
428 2453 470 2518 δέ.
517 2453 565 2519 De
588 2454 742 2537 atbetesi,
768 2454 806 2518 de
831 2459 947 2538 quaet
971 2451 1026 2518 alii
1050 2460 1082 2517 et
1106 2449 1255 2516 Lebrsius
1275 2454 1441 2527 dixerunt,

251 2582 335 2626 nunc
370 2581 432 2626 non
468 2581 537 2648 ago.
585 2560 624 2625 Iu
658 2560 833 2645 prioribus,
867 2561 926 2626 etsi
962 2565 1031 2624 tam
1062 2558 1282 2643 compendiose
1314 2565 1443 2642 tamque

252 2669 382 2734 obscure
417 2667 503 2732 dicta
533 2673 625 2743 sunt,
651 2673 687 2730 ut
710 2669 772 2730 nisi
796 2667 941 2732 uberiora
963 2665 1042 2730 alibi
1065 2669 1280 2750 superessent,
1304 2663 1443 2729 divinari

252 2777 358 2860 potius
393 2795 488 2859 quam
525 2772 670 2860 intellegi
705 2778 850 2859 possent,
883 2774 941 2838 boc
974 2777 1080 2836 tamen
1112 2773 1190 2836 satis
1221 2767 1320 2835 clere'
1336 2771 1444 2855 quivis

252 2881 436 2966 perspiciat,
463 2879 545 2945 male
568 2886 600 2944 et
622 2886 821 2965 praepostere
844 2878 973 2944 illatum
999 2899 1065 2944 esse
1090 2876 1249 2954 μεγέθους.
1298 2877 1443 2943 Dsbsbat

252 2993 361 3051 autem
392 2981 427 3050 ἵν’
459 2983 492 3060 ἐξ
523 2984 587 3050 loca
620 2982 742 3066 ὕψους
768 2992 942 3061 πολεμῶσι,
969 2993 1080 3049 aut-
1102 2984 1199 3069 nibil,
1222 2984 1315 3069 quod,
1330 2983 1383 3049 vel
1403 3005 1443 3048 ex

251 3093 451 3156 uberioribus
472 3090 539 3156 illis
559 3093 726 3178 probatur,
748 3113 827 3178 quae
846 3089 1037 3156 Harleisnus
1056 3091 1292 3177 praebet‚lioet
1311 3099 1344 3158 et
1365 3092 1443 3157 haec

252 3199 321 3282 ipsa
339 3199 386 3262 ita
405 3205 585 3284 comparata
602 3203 686 3274 sint,
706 3205 744 3264 ut
762 3219 836 3284 prae
855 3197 999 3264 exilitate
1019 3203 1147 3262 tanturn
1168 3217 1294 3273 aarum,
1311 3217 1391 3282 quac
1403 3218 1442 3262 ex

252 3302 280 3367 V
303 3303 502 3390 prodierunt,
530 3305 673 3371 uberiora
696 3303 849 3392 appellari
874 3310 1063 3370 mersantur.
1108 3303 1190 3370 Sunt
1213 3311 1320 3368 autem
1345 3302 1440 3368 baec:

252 3389 282 3474 ἓν
312 3410 370 3486 μὲν
403 3408 559 3490 Ὀλύμπῳ
592 3412 734 3485 ήπεύλουν
766 3414 820 3486 τήν
852 3410 964 3492 μύχήν
987 3419 1133 3496 ποιεῖν,
1159 3414 1244 3488 μετα
1269 3408 1300 3473 δὲ
1323 3407 1442 3482 ταύτην

251 3514 312 3596 ύρνς
337 3515 393 3598 ύρει
417 3517 620 3596 περιβαλεῖν
644 3519 696 3582 καὶ
722 3527 844 3598 κρατεῖν
868 3525 921 3584 τοῦ
945 3517 1171 3597 Ὀλύμπου.
1192 3517 1261 3582 cirri
1281 3517 1442 3596 τοῦπαρὰ

253 3622 421 3704 Ὀλύμπιρ,
457 3621 523 3688 ἵνα
555 3623 598 3701 ἐξ
631 3625 715 3692 ῖσον
740 3629 991 3703 πολεμῶσιν,
1016 3627 1041 3690 ol
1064 3624 1121 3698 μὲν
1145 3621 1179 3698 ἐξ
1204 3623 1391 3703 Ὀλύμπου,
1416 3624 1441 3687 οῖ

252 3729 283 3796 δὲ
309 3729 343 3806 ἐξ
363 3729 495 3804 ”Oreas
525 3731 624 3818 [μετὰ
648 3733 679 3798 δὲ
702 3737 820 3804 ταύτην
843 3730 905 3811 ύρος
930 3729 986 3810 ὄρει
1011 3729 1216 3810 περιβαλεῖν
1240 3729 1292 3793 αα)
1319 3736 1441 3808 κρατεῖν

251 3841 305 3901 τοῦ
329 3839 524 3922 οὐρανοῦ]
561 3837 789 3904 Turbatissime
814 3837 892 3902 baec
916 3837 978 3902 dici
1001 3838 1105 3922 palem
1130 3849 1188 3903 est.
1219 3837 1289 3903 Non
1309 3845 1442 3924 tangam

251 3964 331 4028 quae
354 3947 455 4028 ipsius
478 3946 639 4029 scriptoris
663 3944 767 4009 dicam
792 3965 831 4009 sn
856 3946 1047 4028 excerptoris
1070 3943 1164 4028 culpa
1183 3963 1329 4028 perversa
1350 3952 1441 4027 sunt,

250 4049 427 4136 praesentis
454 4056 550 4134 puto,
583 4051 637 4114 ubi
670 4049 785 4115 futuris
808 4070 888 4135 opus
911 4055 975 4124 eet,
1000 4051 1142 4124 ήπεύλουν
1167 4057 1273 4125 ποιεῖν,
1301 4059 1439 4129 κρατεῖν,

251 4155 305 4221 sed
335 4157 511 4220 scribarum
544 4159 624 4222 vitia
658 4159 767 4222 insunt
800 4179 858 4222 nso
892 4176 992 4241 panas
1024 4179 1080 4221 nec
1111 4154 1206 4222 levia.
1253 4159 1359 4240 Atque
1382 4157 1441 4222 boa

251 4264 381 4346 quidem
406 4282 500 4328 nemo
523 4283 585 4327 non
609 4263 715 4340 videt,
742 4265 791 4328 bis
815 4263 924 4330 eadem
949 4263 1032 4346 dici,
1058 4269 1152 4347 atque
1170 4265 1216 4328 sic
1233 4269 1269 4328 ut
1288 4264 1337 4328 bis
1356 4264 1441 4328 idem

251 4371 369 4433 vitium
401 4375 542 4434 recurrat
573 4369 755 4447 περιβαλεῖν
786 4391 842 4456 pro
865 4368 1087 4451 ὑπερβαλεῖν,
1113 4370 1176 4433 nisi
1199 4371 1368 4453 quiequid
1393 4369 1442 4448 ῖριι

252 4473 328 4559 ύρεσι
366 4477 569 4556 τεριβύλλειν
600 4479 642 4540 sit
670 4478 835 4543 coramode
860 4475 1016 4561 explicare
1041 4475 1154 4543 valfflt.
1201 4474 1308 4541 Unum
1333 4477 1442 4541 autem
1471 4479 1475 4486 '
