3242 5140
861 333 925 402 tet

301 530 481 609 λισσομένη,
501 547 636 614 quorum
656 529 833 593 tentamina
852 528 968 592 merito
987 525 1097 590 reiecit
1109 521 1300 590 Dindorlius.
1320 519 1487 588 Schmidtii

301 641 514 707 coniecturam
544 635 690 721 (Didym.
722 655 755 719 p.
782 633 862 719 201)
887 633 938 697 καί
964 631 1189 708 ὑειὺισσοιιένν,
1213 649 1309 715 quam
1336 649 1375 694 ex
1396 627 1487 695 culle-

302 749 387 812 tione
422 765 531 810 versus
565 740 631 807 296
666 739 780 806 fulcire
815 752 962 818 conetur,
999 736 1181 804 Dindorfius
1214 757 1276 802 non
1309 739 1488 820 cognovisse

302 854 439 920 videtur.

347 1091 384 1142 ιι,
409 1063 494 1148 350,
519 1061 595 1128 351.

391 1171 554 1249 Γίγνονται
578 1169 603 1233 δ’
629 1165 691 1246 ἄρα
715 1168 771 1233 ταί
793 1167 829 1246 ρ’
854 1167 889 1232 έκ
911 1191 947 1232 τε
970 1165 1096 1247 κρηνέων
1120 1166 1185 1232 ατί
1208 1166 1238 1230 τ’
1262 1165 1382 1232 dardae

391 1277 426 1342 έιι
452 1278 476 1341 θ’
501 1278 583 1356 ίερὺν
606 1279 773 1352 ποταμῶν,
796 1272 835 1339 οἵ
854 1275 885 1340 τ’
907 1275 965 1345 είς
988 1269 1119 1339 ἅλαδε
1145 1274 1391 1353 τρορέσνσιν.

300 1386 352 1454 lld
373 1385 510 1470 priorem
534 1403 663 1449 versum
680 1381 849 1447 adnotatur
867 1384 901 1446 in
921 1379 1025 1460 BQV:
1042 1381 1233 1457 ὑφίστανται
1256 1379 1385 1460 νύμφας
1406 1379 1492 1448 τινὰς

303 1491 337 1568 ἐξ
358 1489 485 1563 ὕδατος,
503 1488 556 1554 vel
568 1491 675 1574 potius
694 1490 728 1552 in
747 1486 902 1574 Vulgatis
922 1491 1065 1564 tantum,
1086 1507 1161 1552 nam
1181 1489 1215 1551 in
1231 1485 1286 1566 BQ
1299 1485 1492 1568 ὑφίστασθαι

302 1602 468 1664 exaratum
500 1601 566 1679 est,
599 1594 683 1680 quod
715 1614 789 1659 cum
820 1593 1025 1679 praecedente¹
1056 1593 1177 1659 scholio
1200 1592 1431 1671 castraverit
1455 1600 1492 1671 τῇ

302 1703 440 1784 γενέσει,
472 1721 552 1786 quae
585 1699 726 1788 glossula
756 1705 804 1765 eet
833 1701 872 1766 ad
896 1703 1074 1777 γίγνονται,
1101 1721 1176 1766 casu
1201 1699 1339 1785 quodam
1363 1699 1492 1765 coaluit.

301 1811 412 1896 Neque
438 1809 628 1889 ὑφίστανται
650 1817 735 1872 recte
754 1807 863 1883 habet,
886 1807 946 1872 etsi
965 1827 985 1871 a
1004 1807 1200 1894 Buttmanno
1214 1806 1491 1878 commendatum,

301 1938 357 2005 pro
381 1936 442 2000 quo
465 1912 661 2002 singularem
685 1915 810 1998 requiro
835 1911 1072 1990 ὑφίσταται
1093 1912 1293 1979 deHomero
1312 1911 1438 1977 dictum
1459 1929 1494 1975 eo
1587 1975 1588 1994 ¹

302 2020 504 2110 significatu,
536 2041 630 2105 quem
659 2021 694 2084 in
725 2019 986 2105 praecedentibus
1013 2020 1137 2087 abunde
1160 2018 1328 2105 explicavi.
1374 2017 1426 2082 Ad
1450 2015 1494 2081 al·
1587 2019 1588 2030 ‘

303 2135 408 2194 terum
438 2126 636 2214 Didymiana
664 2126 838 2199 habemns,
868 2129 984 2212 partim
1009 2129 1043 2190 in
1066 2125 1126 2206 HQ
1149 2133 1293 2201 servata,
1316 2127 1437 2210 pertine
1462 2123 1495 2186 in

303 2235 369 2301 eolo
392 2233 441 2317 H,
466 2241 599 2318 utraque
623 2233 877 2318 corruptissima,
903 2232 980 2298 adeo
1004 2243 1042 2298 ut
1070 2235 1148 2324 viris
1171 2233 1273 2298 doctis
1294 2253 1358 2298 non
1380 2249 1494 2316 parum

304 2343 426 2428 negotii
449 2340 675 2404 facessiverint.
711 2339 895 2424 Praeposito
917 2337 1071 2405 lemmate
1095 2336 1126 2404 οί
1144 2345 1172 2402 τ’
1196 2340 1239 2409 είς
1264 2335 1365 2404 ἅλαδε
1390 2339 1495 2421 sequi·

187 2511 195 2528 ,
303 2455 374 2513 tur:
407 2445 540 2524 „edre”
570 2443 689 2525 γράφει
722 2445 895 2517 Ζηνοῒοτνς.
927 2447 1131 2526 ’Λρίσταρχος
1163 2445 1194 2510 δέ
1222 2439 1274 2529 ,οἳ
1299 2447 1357 2515 είς
1380 2440 1494 2508 eiad

303 2555 491 2632 δεύτερον
517 2553 547 2616 δέ
572 2553 655 2617 ἐστιν
678 2555 696 2627 ἡ
721 2553 774 2623 είς.
821 2551 996 2636 Hucusque
1019 2553 1212 2618 coniunctim
1236 2549 1495 2638 peccantesflQ.

303 2663 509 2728 Accesserant
531 2665 641 2742 postea
664 2679 703 2724 ex
725 2657 775 2722 H:
798 2658 866 2722 καί
891 2660 968 2737 γὰρ
992 2655 1062 2722 ὧδε
1086 2664 1150 2724 νῦν
1174 2659 1205 2721 τ’
1231 2660 1288 2728 εἰς
1314 2659 1376 2734 δοῖ,
1401 2659 1443 2726 cir
1462 2655 1496 2720 ri
1588 2737 1589 2742 ἵ

306 2765 420 2846 ,αὑτίν
443 2764 515 2842 affl
539 2765 590 2828 καί
614 2765 721 2844 ,αμφὶ
747 2765 813 2842 τερί
837 2765 973 2842 uetant?
996 2765 1169 2832 barochiue
1189 2765 1272 2830 nihil
1296 2767 1364 2830 sani
1388 2783 1427 2829 ex
1448 2762 1497 2828 his
1588 2773 1589 2794 ¹

305 2874 451 2940 extricari
485 2892 573 2957 posse
610 2875 757 2957 opinatus
792 2878 850 2938 est.
903 2874 947 2936 At
982 2876 1064 2957 ipse,
1100 2873 1268 2954 Dictaeo,
1303 2873 1496 2947 Schmidtii,

305 2976 461 3046 Dindorfii
484 2979 650 3043 conatibus
674 2980 839 3053 insistens,
863 2981 930 3044 iam
953 2982 987 3042 in
1011 2978 1192 3046 Observatt.
1218 2982 1262 3066 (p.
1287 2978 1344 3064 98)
1369 3001 1409 3044 er
1427 2981 1495 3044 co'rs

306 3084 389 3150 illud
412 3087 517 3169 ipsum
543 3081 574 3148 οί
592 3109 627 3148 τε
651 3083 732 3168 (sine
757 3085 812 3168 eir)
837 3085 1013 3149 eruendum
1038 3107 1104 3151 esse
1128 3084 1268 3169 ostendi,
1293 3086 1376 3170 quod
1400 3085 1497 3152 Zeno

308 3191 419 3256 dotum
454 3193 616 3276 scripsisse
646 3189 708 3255 viri
732 3191 817 3256 docti
840 3193 1050 3256 consentiunt.
1098 3192 1270 3257 Videamus
1294 3213 1396 3257 nunc.
1420 3193 1497 3277 quid

308 3317 384 3362 voce
407 3297 549 3376 «δεύτερον
571 3295 735 3362 faciamus.
783 3295 996 3362 Buttmannus
1021 3316 1132 3363 vocem
1156 3298 1335 3363 distrahens
1358 3299 1497 3383 primam

308 3404 466 3490 syllabam
498 3424 572 3468 cum
603 3402 806 3488 praecedente
837 3401 903 3468 elac
935 3405 1166 3491 coniungebat,
1191 3405 1274 3470 unde
1296 3405 1498 3470 Aristarcbea

310 3509 405 3576 lectio
436 3513 631 3596 emergeret,
654 3513 688 3574 in
711 3508 833 3593 reliqua
856 3515 945 3594 parte
969 3511 1102 3576 verbum
1127 3514 1252 3590 creperet
1276 3510 1375 3577 latere
1397 3515 1499 3598 suspi-

311 3617 457 3693 cabatur,
482 3615 621 3698 tulitque
645 3615 813 3680 adsensum
837 3623 870 3682 et
892 3615 1064 3681 Schmidtii
1088 3625 1121 3682 et
1143 3615 1301 3684 Dindorfii
1322 3620 1368 3683 sic
1392 3618 1498 3704 dispu-

311 3725 424 3788 tantis:
461 3719 575 3797 „Hanc
603 3723 816 3806 conjecturam
841 3722 1065 3789 commendent
1087 3725 1184 3790 verba
1209 3730 1357 3810 corrupta
1380 3728 1415 3790 in
1440 3723 1499 3790 line

310 3828 435 3896 scholii·
458 3828 510 3890 καὶ
542 3828 605 3904 γὰρ
620 3827 775 3904 -νριίννν,
808 3847 887 3912 quae
917 3831 1033 3895 absunt
1063 3831 1151 3911 eq,
1178 3852 1216 3896 ex
1239 3830 1273 3895 H
1297 3837 1407 3896 autem
1430 3841 1499 3917 post

311 3935 499 4002 Buttmanni
532 3935 661 4000 demum
694 3934 866 4000 editionem
898 3937 937 4001 ab
968 3935 1116 4030 Oreqnero
1140 3938 1224 4004 edita
1248 3937 1355 4002 sunt.’¹
1403 3937 1497 4003 Butt-

312 4063 463 4118 mannus,
485 4049 521 4106 ut
539 4061 679 4126 semper,
700 4061 827 4106 sensum
847 4047 1066 4126 corruptorum
1089 4045 1258 4109 verborum
1279 4047 1402 4128 optime
1414 4047 1497 4110 adse·

312 4156 404 4216 cutus
429 4155 485 4212 eet.
527 4147 574 4211 At
597 4167 671 4212 vero
695 4167 733 4212 ex
754 4171 855 4226 ντερον
878 4150 1081 4233 aptissimum
1106 4153 1307 4233 caeteroquin
1326 4153 1498 4217 sententiae

313 4253 440 4332 τιρισσιὶ
471 4256 558 4318 nesci
583 4273 672 4337 posse
695 4255 765 4337 quis
788 4255 851 4318 sibi
874 4253 1083 4338 persuadeat?
1107 4253 1196 4318 Idem
1221 4275 1305 4320 nunc
1328 4255 1435 4321 iudico
1462 4257 1498 4320 de

312 4381 384 4426 mee
406 4360 601 4436 coniectura,
626 4381 688 4443 qua
711 4359 790 4424 olim
814 4381 853 4426 ex
877 4383 977 4439 ντερον
1001 4361 1097 4426 verba
1120 4362 1171 4426 ere
1195 4361 1230 4425 τί
1250 4361 1361 4438 μέτρον
1379 4361 1496 4426 exscul-

312 4465 437 4551 pebam.
484 4463 555 4532 Non
579 4471 667 4530 tanto
691 4465 856 4532 molimine
881 4485 959 4551 opus
982 4475 1038 4531 est.
1086 4467 1260 4534 Numerale
1283 4469 1496 4542 servabimus,
