3242 5140
672 359 736 425 413

116 553 243 618 rationis
274 550 427 638 reliquiae
459 555 626 636 supersunt
657 553 690 615 in
722 547 767 632 Q:
801 551 835 615 rt
869 551 943 630 ,μιιέ
974 545 1066 616 οἷνσν”
1096 553 1134 624 ὥς
1168 554 1239 631 πρὸς
1263 551 1298 617 τό

118 660 192 742 ,ἐπεὶ
220 658 360 741 φαγες.”
381 657 645 736 συγγένηται
668 657 698 722 δέ
717 658 752 721 τό
774 663 827 722 τοῦ
846 658 1011 742 βρώματος
1032 653 1130 746 εἶδος,
1152 660 1218 725 ἐπεὶ
1237 662 1298 744 οὐχ

114 765 147 835 ός
174 763 270 830 αἴτιον
295 763 460 844 πρόκειται.
510 763 706 850 Corruptum
732 785 798 830 esse
822 765 1014 844 συγγένηται
1039 765 1222 832 Dindorfius
1246 768 1299 833 sd·

114 875 245 949 monuit,
267 894 323 938 nec
344 870 437 938 facile
456 871 637 936 invenietur
657 873 712 957 qni
732 873 985 938 contradicturus
1005 876 1057 938 sit.
1091 873 1175 953 Quid
1187 873 1300 939 lateret

115 1001 179 1045 cnm
204 979 260 1044 diu
280 977 484 1064 multumque
505 979 751 1063 quaesivissem,
770 977 898 1044 tandem
920 979 1001 1044 mihi
1021 999 1133 1046 verum
1145 963 1298 1065 reperisse

114 1089 193 1153 visus
227 1107 308 1151 snm.
359 1085 576 1171 Reponamus:
610 1084 896 1163 σοντέτμηται
929 1085 959 1150 δὲ
984 1090 1018 1152 τὸ
1048 1091 1101 1152 τοῦ
1133 1087 1298 1167 βρώματος

114 1189 203 1270 εἶδος,
228 1192 293 1256 ἐπεὶ
318 1194 378 1273 οὐχ
400 1195 439 1278 cfr
459 1189 556 1256 uictor
575 1190 755 1274 πρόκειται,
776 1195 800 1257 i.
813 1213 841 1279 q.
865 1193 1021 1270 συντόμως
1040 1192 1168 1274 εἴρηται.
1196 1193 1299 1260 Multi

113 1306 180 1365 sunt
202 1301 243 1382 in¹
259 1298 318 1364 hoc
341 1299 436 1365 verbo
457 1299 636 1385 usurpando
657 1297 844 1364 scholiastae
864 1321 936 1364 cum
959 1306 1080 1366 veteres
1101 1307 1173 1367 tum
1193 1323 1299 1366 recen-

113 1409 211 1471 tiores.
259 1405 491 1490 Periphrastice
521 1405 734 1470 adhibuerunt
765 1405 805 1470 ad
834 1429 857 1483 γ
889 1405 955 1470 200
992 1409 1036 1492 (p.
1073 1405 1154 1486 138,
1186 1405 1237 1486 si:
1269 1409 1300 1472 έν

112 1511 264 1589 συντόμως
296 1515 313 1588 ἡ
346 1515 497 1592 τρστςοτιὶ
531 1517 563 1577 et
596 1511 635 1576 ad
661 1510 679 1576 d
703 1509 747 1576 84
773 1517 817 1598 (p.
845 1510 927 1589 182,
960 1511 1032 1598 13):
1058 1514 1175 1588 coartor
1197 1515 1228 1579 δέ
1253 1511 1300 1580 ότι

112 1615 216 1698 ἔλεγεν
239 1615 313 1694 όλας
338 1618 371 1695 ἐξ
392 1619 558 1710 όνόματοςς
580 1613 650 1683 εἶτα
670 1616 817 1700 σννόψας
837 1617 924 1696 λέγει
946 1620 1084 1700 συντόμῳ
1105 1620 1189 1702 λόγῳ
1204 1619 1301 1695 atriu

110 1730 161 1800 rin
186 1727 317 1805 Λιβύην.
364 1725 476 1812 ipsum
501 1726 634 1792 verbum
659 1722 781 1816 legitur
804 1725 827 1792 i.
852 1745 882 1790 a.
908 1729 941 1791 in
965 1726 1141 1794 Aristonici
1164 1735 1239 1794 nota
1261 1729 1301 1796 ad

111 1849 136 1900 Α
158 1831 336 1900 ils-448
357 1854 395 1899 ex
415 1833 538 1898 Veneto
558 1832 606 1898 A:
626 1827 671 1895 ότι
693 1832 856 1906 Ζηνόδοτος
878 1833 996 1914 γρόφει
1018 1833 1116 1910 ,,Ζεός
1137 1856 1178 1911 με
1194 1833 1300 1913 μέγας

111 1940 289 2021 Κρονόδνς”·
315 1940 367 2006 καὶ
393 1937 438 2005 ότι
463 1939 658 2020 όοιότνότον
683 1934 736 2010 ἕως
761 1944 814 2004 τοῦ
842 1939 992 2018 »αἰσχρόν
1012 1939 1094 2020 γόιρ”
1116 1954 1187 2005 κτλ.
1206 1935 1300 2013 οὕτως

109 2048 266 2126 συντέμνει
299 2044 342 2126 ,,ὦ
374 2047 477 2127 φόνιοι,
510 2042 599 2125 ἥρωες
631 2043 767 2110 naccam
797 2061 869 2112 κτλ.
915 2046 1051 2135 Legitur
1081 2053 1242 2133 praeterea
1265 2049 1301 2114 in

110 2156 230 2223 Veneto
257 2155 285 2219 B
314 2155 354 2220 ad
385 2163 411 2218 E
438 2151 520 2219 223:
545 2149 693 2228 σννέτεμε
717 2152 752 2216 τό
778 2153 927 2233 ε’γκόιμιον
956 2155 1026 2233 πρὸς
1052 2152 1155 2218 εἰδότα
1179 2151 1299 2232 λέγων,

108 2270 139 2330 et
169 2262 256 2329 aliud
290 2261 502 2347 compositum
534 2262 567 2324 in
598 2260 731 2325 eandem
762 2258 1045 2348 significationem:
1079 2266 1181 2331 καλῶς
1211 2259 1243 2325 δὲ
1267 2261 1300 2327 οὐ

108 2371 270 2449 τεριέτεμε
302 2367 353 2432 τὸν
383 2366 488 2444 λόγον,
518 2367 606 2431 citt&
638 2373 699 2438 τοῖς
733 2371 785 2430 τοῦ
811 2367 954 2444 μάντεως
979 2367 1130 2446 κέχρηται
1154 2365 1298 2449 ῥήμασιν.

107 2477 197 2544 Hace
227 2474 385 2540 sufficiant
414 2473 454 2537 ad
480 2471 704 2538 stabiliendam
730 2475 991 2538 emendationem.
1041 2469 1210 2538 Caeterum
1234 2475 1300 2538 iam

106 2585 139 2648 in
160 2580 442 2648 Observationibus
461 2581 590 2652 monui,
612 2580 714 2644 inesse
732 2578 861 2663 cadem,
882 2578 937 2643 aed
958 2580 1073 2644 nostris
1086 2577 1137 2645 vel
1149 2578 1300 2657 exiliora,

106 2691 258 2756 extremis
280 2691 321 2753 iis
345 2707 425 2771 quae
448 2688 482 2750 in
507 2684 533 2751 Τ
557 2685 597 2750 ad
621 2706 666 2750 vs.
692 2683 757 2749 345
783 2685 942 2770 adscripta
966 2690 1053 2762 sunt,
1078 2684 1161 2750 unde
1181 2685 1301 2750 disiun-

105 2797 210 2886 genda
230 2795 337 2890 censui
357 2814 393 2859 ac
407 2796 452 2857 sic
465 2790 667 2880 corrigenda,
688 2791 775 2856 ἐπεὶ
795 2791 934 2874 φόγες
955 2791 1036 2876 (cod.
1058 2791 1301 2878 ἐπιφανείης

104 2905 167 2984 οὐχ
191 2907 229 2974 ὡς
255 2903 451 2980 πρόσκειται,
476 2899 551 2964 ἀλλ’
577 2899 685 2969 οἱτλῶς
712 2896 791 2982 ἔφη,
819 2899 876 2963 ubi
901 2900 966 2963 iam
990 2903 1066 2962 tunc
1089 2897 1299 2964 rescribebum

105 3010 182 3092 πρό
193 3031 349 3092 κειται,
374 3026 457 3071 nunc
476 3026 514 3070 ex
532 3004 741 3070 Ambrosiano
760 3012 866 3071 nostro
886 3011 1048 3089 praeterea
1063 3005 1301 3071 adsciscendum

102 3131 184 3204 puto
216 3115 327 3198 αἴτιον,
352 3115 446 3178 utin
468 3110 709 3198 Hamburgensi
734 3132 858 3199 quoque
882 3111 1056 3177 scribatur:
1082 3111 1147 3176 ἐπεὶ
1172 3110 1300 3193 φόγες·

102 3227 166 3306 οὐχ
189 3227 227 3295 oia
254 3221 412 3309 (αἴτιον)
438 3218 615 3302 πρόκειται,
640 3219 713 3282 ἀλλ’
739 3219 846 3292 οὶιιλῶς
872 3216 942 3298 ἔφη.

153 3462 179 3519 ι,
204 3431 281 3500 350.
312 3433 425 3522 Pergit
445 3432 547 3498 dicero
568 3429 681 3496 Ulixes
702 3451 775 3496 cum
797 3430 1053 3516 exprobratione:
1074 3429 1111 3496 σὺ
1131 3431 1161 3496 u
1174 3432 1300 3508 μαίνεαι

100 3542 205 3609 οὐκέτ’
237 3544 380 3612 οὶνεατῶς.
429 3537 500 3604 Iure
532 3539 590 3604 hoo
620 3545 682 3609 τοῖς
715 3538 904 3609 ένστατικοῑς
930 3541 1050 3604 mirum
1075 3539 1199 3614 visum,
1224 3559 1300 3604 cum

99 3649 189 3716 nihil
220 3649 261 3714 ait
293 3647 332 3712 ab
356 3645 463 3711 Ulixis
485 3647 644 3731 proposito
667 3647 772 3732 magis
796 3645 956 3722 alienum,
980 3666 1076 3730 qnam
1101 3652 1137 3710 ut
1159 3667 1233 3712 enm
1258 3648 1300 3710 ir·

98 3761 199 3833 ritet‚
233 3775 328 3840 quem
360 3751 432 3818 dolo
455 3752 589 3839 aggredi
613 3754 730 3836 cupiat.
779 3747 927 3816 Misellos
951 3749 1085 3816 laciniae
1108 3754 1300 3837 quaestionis

97 3867 168 3930 huc
204 3861 391 3949 pertinentia
423 3861 561 3924 aetatem
590 3857 733 3923 tulerunt
767 3859 802 3921 in
826 3855 870 3922 T:
895 3859 948 3921 οὐκ
980 3859 1152 3935 οἰκείως,
1185 3859 1300 3946 φησίν,

97 3973 242 4052 ἔλεγχος
266 3967 331 4033 οὐδὲ
355 3965 537 4038 ἀκολούθως
563 3971 626 4037 τοῖς
648 3963 850 4044 προκειμένοις
864 4011 1031 4030 ........
1054 3967 1251 4046 βλασφημεῖ
1266 3966 1299 4032 δέ

96 4082 142 4151 ὡς
169 4073 425 4160 φαινόμενος.
475 4071 512 4136 In
534 4070 585 4136 his
611 4071 744 4149 „circatae
762 4107 802 4118 -
818 4061 989 4144 όκολοόόινς
1015 4093 1053 4138 ex
1076 4071 1211 4137 Prellsri
1234 4072 1300 4138 edi·

96 4188 194 4250 tione
224 4182 358 4263 irrepsit.
406 4179 444 4244 ln
476 4177 583 4244 codice
614 4182 698 4242 recte
729 4161 777 4242 est
808 4178 912 4248 οἰκεῖος
929 4215 970 4226 -
984 4177 1178 4252 όιιέοιονόος.”
1201 4179 1298 4266 (App.

94 4313 131 4377 p.
163 4287 257 4372 778).
305 4285 473 4353 Praeterea
503 4287 536 4350 in
565 4282 671 4349 codice
694 4283 801 4349 adesse
824 4302 887 4347 non
910 4282 1093 4366 φαινόμενος
1117 4284 1171 4350 scd
1193 4284 1299 4362 μαινό-

95 4421 197 4476 μενος
230 4409 339 4462 auctor
371 4393 417 4460 est
448 4391 663 4458 Ludwichius.
710 4389 756 4454 At
779 4389 837 4455 hoc
861 4391 956 4476 paulo
981 4395 1086 4459 minus
1109 4392 1298 4458 mendosum

96 4511 173 4580 est,
208 4509 242 4568 at
265 4501 453 4569 mendosum
479 4507 603 4576 tamen,
627 4501 660 4564 et
683 4498 801 4564 vitium
825 4499 859 4564 in
883 4501 986 4587 prima
1007 4498 1131 4587 syllaba
1154 4499 1206 4567 vel
1229 4502 1297 4568 sine
