3242 5140
872 337 937 408 430

309 529 503 601 Aristarchei
526 551 654 599 versum
678 531 882 598 damnabant.
930 533 1073 597 Breviter
1097 526 1230 617 Didymi
1255 533 1441 617 excerptum
1466 531 1498 596 iu

309 641 343 706 H
366 641 405 706 ad
428 662 474 708 vs.
502 637 585 706 329:
611 639 625 704 ό
650 638 788 710 Σιδώνιός
814 645 909 720 Φησιν
933 639 1107 703 όθετεῖσθσιι
1129 641 1180 703 τόν
1201 641 1320 718 στόχον.
1343 637 1500 726 Integrior

310 756 435 816 servata
464 753 512 812 cst
539 749 710 812 Aristonici
733 752 808 812 uota
829 749 937 812 vomui
961 744 1028 810 240
1052 746 1227 830 adscripta:
1253 747 1326 824 πρὸς
1350 747 1406 818 την
1430 745 1497 822 ἑξῆς

309 854 449 929 όθότησιν
473 849 518 918 ότι
543 853 577 916 τό
600 859 692 929 σῶμα
716 851 805 930 μόνον
829 855 986 929 ἠλλοιοῦτο
994 899 1002 930 ,
1029 854 1045 927 ό
1072 851 1103 916 δὲ
1126 855 1218 932 dext
1243 853 1349 928 ἔμενεν
1375 853 1498 930 daorsi-

309 963 438 1041 βλητοο.
463 967 525 1033 τῶς
550 956 598 1025 οὖν
622 959 661 1024 όιν
685 960 772 1037 λόγον
798 959 865 1036 „rol
888 959 921 1024 δέ
945 983 991 1029 τις
1017 959 1049 1022 ἐν
1071 959 1231 1034 στήθεσσιν
1253 955 1498 1033 οὶκηλητοςνόος

309 1067 430 1146 ἕστόν,”
462 1068 500 1139 ὥς
532 1065 584 1131 aab
618 1070 671 1130 τοῦ
705 1071 752 1130 νοῦ
776 1065 995 1142 increpitam
1020 1064 1136 1151 (HQT)
1156 1063 1192 1147 ¹).
1228 1063 1301 1131 Non
1322 1072 1430 1151 potest
1451 1087 1500 1131 res

307 1174 504 1242 luculentius
526 1175 650 1258 exponi.
697 1170 733 1238 Si
757 1172 947 1248 comitibus,
970 1174 1076 1244 aiunt,
1102 1173 1199 1236 stiam
1224 1159 1352 1257 su'mpio
1377 1193 1498 1238 veneno

308 1282 499 1366 admotaque
520 1282 615 1366 virga
635 1281 781 1366 magica,
806 1283 871 1350 νοῦς
897 1273 930 1352 ἦν
953 1277 1082 1354 ἔμπεδοι
1106 1281 1144 1348 rt.-
1166 1279 1200 1343 rt
1221 1278 1315 1357 τθρος
1337 1303 1407 1358 περ,
1423 1279 1500 1364 qnid

308 1386 399 1454 Circe
428 1387 540 1452 mirari
570 1391 675 1471 potest
705 1388 733 1448 si
765 1383 855 1448 Ulixi
885 1385 970 1449 idem
995 1381 1131 1450 accidit?
1178 1383 1294 1450 Stricte
1316 1385 1377 1450 boc
1399 1389 1499 1450 nimis

309 1502 403 1580 atque
425 1497 536 1570 anxie,
561 1500 594 1558 at
617 1513 691 1558 vers
715 1499 833 1558 temen.
881 1491 1078 1578 Porphyrius
1101 1497 1228 1566 eutem,
1253 1494 1309 1577 qui
1333 1501 1367 1558 et
1389 1513 1502 1559 versus

309 1602 348 1666 de
378 1601 552 1666 comitibus
582 1604 712 1686 agentes
738 1596 830 1682 (239,
855 1596 936 1681 240)
960 1607 993 1662 et
1013 1595 1110 1662 illum
1133 1597 1172 1663 de
1196 1595 1292 1663 Ulixe
1315 1598 1419 1686 (329),
1445 1600 1502 1666 ssd

309 1709 453 1792 spurium
488 1706 685 1780 iudicatum,
722 1709 872 1789 utrosque
902 1709 1039 1769 retentos
1071 1702 1159 1778 vuli,
1192 1706 1429 1789 interpretando
1463 1706 1502 1770 da

309 1833 399 1880 more
423 1819 454 1878 et
477 1809 742 1878 comminiscendo
765 1810 929 1876 molestias
951 1809 1074 1902 elevare
1093 1816 1235 1876 conatur.
1271 1809 1340 1877 Iam
1361 1811 1400 1878 ad
1419 1811 1502 1877 banc

308 1920 415 1986 lucem
446 1916 575 2006 singula
604 1919 723 1982 iterum
754 1918 971 2002 inspiciamus.
1006 1918 1043 1980 Ei
1076 1917 1139 1996 γὰρ
1163 1915 1289 1998 σώζουσι
1312 1921 1367 1992 την
1391 1921 1501 1998 ὦνθρω-

206 2031 209 2036 ’
309 2027 398 2100 τόνην
420 2023 544 2103 γνόμην
569 2022 621 2088 aab
645 2023 784 2100 πιόντες,
809 2030 871 2094 πῶς
896 2021 1115 2094 Ὀδυσσεὺς
1141 2023 1309 2105 leuctrae
1334 2025 1502 2106 οὐδὲνγὰρ

309 2131 561 2198 τεσόνθοιτιν
583 2128 755 2208 ἀλλότριον.
802 2129 873 2194 Νοιι
898 2133 1024 2215 opinor:
1049 2149 1206 2216 nusquam
1230 2131 1341 2198 Ulixes
1365 2133 1426 2198 hoc
1445 2135 1501 2198 ed-

307 2240 443 2304 miratns
473 2257 540 2303 esse
572 2236 725 2312 traditur,
759 2243 902 2320 essetque
933 2255 969 2301 ea
992 2257 1042 2301 res
1065 2257 1266 2322 summopere
1290 2240 1445 2315 absurda,
1474 2244 1502 2304 si

308 2345 495 2412 traderetur.
541 2342 745 2430 Lugendum:
771 2348 835 2415 πῶς
859 2344 1060 2408 ’oeceses
1084 2342 1237 2424 θοινμοὶζει
1257 2343 1393 2432 (Οἰτοο),
1416 2347 1500 2412 οὐδὲν

308 2453 371 2531 γόορ
404 2452 604 2516 πέπονθεν
632 2449 801 2526 ἀλλότριον.
849 2447 1011 2514 Ultimum
1041 2453 1075 2514 in
1106 2453 1174 2535 ipso
1197 2451 1304 2516 codice
1328 2461 1377 2518 eet
1401 2429 1501 2518 τόποό

306 2560 494 2646 praebente,
526 2576 606 2643 quae
632 2557 769 2622 eduntur
799 2554 939 2622 Prsllero
971 2563 1099 2642 accepta
1120 2559 1296 2624 referimus.
1333 2557 1499 2626 Hactenus

307 2669 347 2734 de
377 2668 573 2752 quaestione:
609 2685 693 2728 nnuc
723 2662 913 2730 solutionem
942 2665 1160 2749 respiciemus.
1192 2665 1313 2739 Ῥητέον
1338 2661 1387 2730 οὖν
1412 2663 1458 2732 ότι
1485 2669 1499 2732 ό

307 2775 364 2853 μὲν
390 2772 561 2844 Ὀδυσσεὺς
585 2771 637 2835 σιἰιι
662 2769 791 2850 ἐθόλχθη
815 2770 878 2834 οὐδ’
901 2767 1021 2846 ἤλλαξε
1046 2771 1079 2834 τό
1105 2779 1158 2845 τῆς
1183 2775 1308 2848 γνώμης
1332 2773 1426 2838 δῖον.
1463 2776 1499 2842 ln

307 2881 413 2948 codice
444 2887 492 2946 est
523 2876 615 2960 διότι,
647 2877 798 2941 correctio
822 2875 954 2941 Prelleri
978 2883 1044 2949 est,
1069 2897 1131 2942 nou
1154 2877 1241 2943 mala
1264 2879 1322 2945 illa
1345 2882 1497 2966 quidem,

306 2989 361 3056 sed
396 2994 505 3052 mmen
534 2983 689 3070 praefero:
722 2981 756 3047 rt
788 2991 843 3054 τῆς
876 2984 999 3060 paribus
1025 2982 1177 3062 θιόλοο,
1202 2989 1352 3070 quoniam
1378 2989 1439 3062 δῖος
1464 2993 1497 3054 iu

306 3115 398 3182 prosa
431 3092 571 3160 oratione
605 3111 666 3154 uon
697 3089 742 3154 sic
772 3089 951 3154 adhibetur.
998 3088 1169 3176 Sequitur:
1202 3095 1227 3157 cl
1259 3094 1291 3158 δὲ
1323 3096 1435 3172 ἑταῖροι
1468 3099 1499 3161 ἐν

307 3202 433 3282 τοιοιότη
457 3201 514 3264 τινὶ
534 3195 594 3274 ἔξει
614 3196 750 3274 ἐγένοντο
772 3193 848 3260 ὥστε
868 3195 951 3274 ἔχειν
969 3199 1025 3272 μὲν
1047 3199 1101 3269 την
1121 3199 1304 3277 όνθριοτόνην
1325 3207 1496 3282 buxata...

304 3309 408 3388 μέντοι
445 3309 497 3372 acl
528 3306 579 3370 τόν
611 3309 678 3367 νοῦν
709 3304 910 3382 ἐγρηγορότα.
958 3302 1051 3369 Nihil
1082 3305 1172 3370 deest
1201 3313 1325 3392 praeter
1357 3313 1497 3397 negandi

303 3415 511 3503 particulam:
537 3411 604 3498 (οὐ)
627 3409 730 3485 μέντοι
751 3433 779 3473 νο.
792 3433 822 3472 τ.
843 3415 908 3473 νοῦν
931 3409 1134 3491 ἐγρηγορότα,
1158 3413 1240 3496 quod
1258 3421 1290 3478 et
1310 3413 1496 3482 Diodorfins

302 3523 467 3610 proposuit
497 3520 592 3604 (App.
618 3539 648 3603 p.
676 3515 753 3600 780)
778 3518 821 3592 μη
847 3517 1025 3582 coniiciens.
1074 3515 1214 3584 Prellero
1238 3519 1386 3605 debetur,
1410 3543 1495 3588 nnnc

302 3629 433 3716 quidem
465 3633 567 3702 recte,
599 3620 657 3700 ἕξει
684 3623 840 3698 system:
864 3623 986 3688 scribae
1012 3624 1184 3701 ἐξεγένοντο
1209 3645 1335 3692 exarare
1360 3628 1493 3712 placuit.

301 3736 380 3802 Post
411 3735 488 3800 baec
519 3733 650 3796 sortasse
681 3750 755 3796 cum
780 3730 952 3814 disputatio
976 3733 1103 3817 integra
1125 3730 1291 3819 legebatur
1312 3732 1424 3800 locum
1447 3741 1493 3802 in-

301 3849 475 3918 venerunt,
508 3859 588 3924 quae
617 3837 655 3902 de
678 3839 712 3901 ri
735 3855 771 3902 ac
794 3842 949 3921 potestate
975 3839 1062 3902 verbi
1084 3838 1205 3915 θέλγειν
1228 3841 1261 3905 in
1285 3844 1384 3907 variis
1409 3845 1492 3909 codi-

305 4010 478 4024 -ι--ῑ

336 4095 363 4161 1)
388 4093 503 4158 Sequitur
527 4091 552 4139 in
579 4087 639 4152 HQ:
667 4083 680 4142 θη
700 4082 727 4134 ti
746 4081 815 4142 λόσιρ
835 4083 861 4135 br
880 4091 926 4144 τῆς
947 4083 1049 4147 λόξειος.
1073 4088 1143 4153 inquo
1167 4089 1204 4139 lris
1223 4091 1298 4139 verbis
1316 4089 1417 4157 abrupte
1437 4099 1491 4142 uota
1585 4069 1586 4076 .

300 4179 394 4228 desinit.
418 4179 451 4226 nt
467 4175 488 4224 Τ
505 4167 633 4222 rectissime
651 4169 742 4220 omittit
759 4170 828 4230 haec,
847 4185 906 4235 quoe
923 4177 979 4220 aaut
996 4171 1160 4236 epitomatorr's
1177 4175 1311 4231 cuiusdam,
1331 4175 1491 4239 incogitantes

301 4260 453 4312 emersum
478 4272 532 4306 cum
558 4252 730 4320 Porphyriauis
755 4253 948 4317 conglutioautia.
976 4255 1146 4318 Qniuugsnda
1163 4261 1242 4306 autem
1260 4257 1317 4306 haris
1334 4257 1489 4308 ultimarum

300 4343 390 4394 acholio
412 4358 440 4391 aa
463 4340 546 4389 iisdem
564 4335 681 4386 codicibus
699 4336 780 4386 surim
797 4343 921 4401 sequente,
940 4337 985 4386 cisi
1003 4336 1039 4384 vel
1058 4337 1090 4386 sic
1107 4337 1267 4402 impotentum
1285 4344 1381 4390 tantum
1400 4347 1490 4390 essert
1584 4327 1585 4330 Ἴ

299 4448 398 4496 maguae
420 4425 589 4502 disputationis
614 4422 770 4486 ότόστοισμιο
795 4425 918 4492 apparebit
943 4425 1117 4476 conferentibus
1142 4429 1304 4494 Porphyriaua
1329 4431 1359 4478 ad
1379 4447 1422 4480 ras.
1443 4432 1488 4480 213

300 4520 324 4563 ei
343 4515 399 4564 820.
