3232 5136
694 337 737 406 ue

119 525 334 614 nuntiisque
357 532 517 620 optimum
541 529 628 598 fautu
653 535 730 614 erit,
756 529 837 596 illud
858 529 1066 608 κωλυόμενος,
1081 565 1122 578 -
1136 523 1307 613 proquoD

119 636 168 702 sel
201 638 380 702 intricatius
419 637 471 702 καὶ
507 639 695 714 κωλυόμενος
728 637 839 712 offert,
875 657 1007 702 -eum
1039 656 1101 701 non
1136 635 1307 701 molestum

118 749 240 808 tautum
263 746 305 807 sit
329 742 383 807 sed
407 749 441 808 et
462 763 669 828 perversum,
696 753 847 828 tauquam
865 741 981 808 inutile
1000 742 1150 808 orationis
1169 741 1307 807 fulorum

118 871 134 914 e
163 855 251 914 textu
282 851 412 926 eiicere,
446 850 485 914 ab
516 851 557 914 iis
589 854 746 916 insertum
778 853 850 935 qui,
884 870 957 914 oum
989 869 1050 914 non
1075 850 1308 933 perspexissent

117 963 249 1019 συνεῖναι
279 957 362 1035 αὐτῷ
395 955 509 1021 ἐλθόντι
535 956 670 1041 pendere
694 977 712 1022 e
736 957 832 1022 verbo
856 955 1084 1042 πεπαίδευται,
1109 952 1307 1020 infinitivum

118 1083 173 1127 suo
203 1061 326 1134 seilicet
355 1065 523 1147 participio
545 1063 736 1128 destitutum
760 1083 827 1128 esee
849 1062 1029 1144 noluerunt.
1077 1060 1176 1126 Plane
1200 1067 1309 1128 eontra

118 1168 286 1256 Porphyrii
317 1175 477 1241 mentem.
505 1172 546 1234 iis
578 1191 658 1255 quae
687 1173 798 1236 stetim
833 1169 981 1256 adiungit
1012 1167 1230 1258 pmeoedentiu
1262 1169 1308 1234 sie

118 1277 368 1360 interpretantis:
405 1277 448 1340 διὸ
484 1277 550 1340 καὶ
587 1286 720 1341 συνεῖναι
756 1279 840 1356 αὐτῷ
873 1275 987 1341 ὲλθθντι
1021 1275 1227 1340 πεπαιῒευται
1252 1275 1305 1349 ἤδη

119 1383 182 1445 καὶ
218 1377 301 1446 οἶδε
336 1387 414 1452 πῶς
450 1385 701 1464 προσενεχθῇ
735 1385 784 1464 τῷ
821 1383 943 1462 πατρὶ
979 1383 1046 1461 αφ’
1078 1377 1123 1446 ὧν
1155 1382 1306 1454 ἀκήκοε

118 1488 199 1567 περὶ
227 1492 351 1552 αὐτοῦ
374 1489 655 1566 διηγημάτων.
687 1487 824 1554 Omnino
848 1490 939 1574 plura
962 1494 1038 1554 sunt
1058 1488 1093 1553 in
1115 1486 1175 1553 heo
1199 1487 1307 1572 dispu-

118 1595 236 1658 tatione
266 1595 366 1658 otiose
398 1593 504 1669 illuto,
536 1615 616 1680 quse
647 1616 722 1661 oum
742 1599 815 1662 ¹non
846 1597 953 1660 minus
985 1615 1081 1679 quum
1105 1595 1189 1678 quod
1213 1593 1308 1660 modo

118 1702 256 1785 expunxi
298 1701 486 1775 κωλυόμενος
523 1703 751 1766 sententiarum
787 1721 907 1766 nexum
941 1704 1070 1788 egregio
1104 1702 1308 1786 perturbent,

118 1828 197 1871 nuno
228 1805 338 1872 ordine
360 1805 506 1873 indicabo
530 1807 750 1894 expungenda.
797 1808 929 1891 Aliquot
952 1809 1118 1876 sententiis
1144 1809 1308 1872 intermis-
1394 1815 1397 1822 ’

119 1917 174 1999 sie,
206 1913 247 1977 ed
275 1933 352 1998 quae
384 1932 458 1978 mox
490 1914 571 1977 mihi
603 1913 799 1978 redeundum
830 1917 907 1989 erit,
932 1915 978 1978 ite
1002 1917 1209 1978 ratiocinetur
1231 1914 1309 1980 Por·

119 2020 269 2105 phyrius,
311 2005 357 2083 ut¹
392 2019 493 2095 diost,
536 2039 632 2103 quem
668 2022 701 2084 iu
738 2022 886 2086 concione
920 2039 1047 2086 oausam
1084 2021 1307 2107 peregrinandi

120 2125 281 2210 perhibeat
304 2123 533 2202 Telemachus,
558 2146 700 2211 quaeque
723 2134 795 2211 poet
818 2127 958 2190 reditum
982 2125 1113 2191 oonsilio
1136 2129 1273 2210 aperiat:

162 2233 187 2296 ei
213 2231 272 2308 μέν
296 2256 345 2294 κεν
371 2233 485 2310 πατρὸς
509 2232 612 2308 βίοτον
636 2233 688 2296 καὶ
713 2233 817 2296 νθστον
836 2232 956 2297 σὶιισθσω

163 2335 179 2412 ἦ
200 2341 231 2403 τ’
252 2338 289 2401 aiv
310 2337 498 2417 τρυχόμενός
521 2363 576 2418 περ
590 2336 634 2402 ἔτι
648 2340 760 2412 τλαίην
773 2339 918 2410 ἐνιαυτόν,
933 2353 1004 2402 κτλ.
1019 2338 1067 2424 (β,
1082 2339 1158 2415 218,
1171 2339 1261 2422 219).

121 2465 154 2509 on
185 2447 290 2531 igitur
313 2445 420 2511 omnis
442 2448 489 2510 itu
512 2467 578 2510 esse
602 2449 777 2530 composita
799 2457 852 2522 nt,
877 2466 951 2511 oum
976 2448 1073 2512 etiem
1099 2465 1116 2508 e
1141 2465 1308 2530 procorum

122 2573 151 2616 re
182 2571 250 2616 esse
284 2553 466 2635 videantur,
499 2553 549 2616 his
581 2574 642 2618 nou
668 2554 761 2618 modo
784 2573 846 2618 non
870 2553 1042 2636 suspiciose
1065 2555 1109 2616 sit
1131 2555 1201 2618 eius
1223 2572 1309 2637 pere·

120 2660 258 2745 griuetio
277 2658 331 2722 sed
355 2657 407 2723 vel
430 2657 588 2742 optabilis.
615 2656 721 2730 Οὕτως
745 2661 843 2724 τοίνυν
864 2663 881 2735 ἡ
907 2659 1044 2730 ὑπόθεσις
1069 2660 1107 2732 ὥς
1133 2660 1184 2721 καὶ
1209 2659 1310 2722 αὐτῶν

121 2765 167 2828 ἐπὶ
203 2763 390 2843 συμφέροντι
426 2766 591 2841 γενομένης
627 2773 682 2839 τῆς
718 2765 896 2840 ἀποδημίας
940 2765 1105 2830 πεπεῖσθαι
1149 2764 1311 2828 δοκούντων

123 2867 191 2953 [ὅτι
217 2869 421 2956 elenensi,
448 2871 499 2934 eui
525 2878 630 2950 πρῶτα
654 2855 710 2947 nto
735 2869 780 2936 θτι
804 2874 857 2938 οὐκ
880 2873 1143 2948 σίπσδημησει
1172 2869 1312 2950 ἐλπιζόν-

121 3001 194 3052 των,
226 2974 336 3041 ἔπειτα
368 2975 394 3040 δ’
428 2978 452 3042 ei
483 2979 535 3040 nai
568 2977 739 3044 ἐκτελέσειε
763 2979 818 3052 τὴν
842 2975 999 3058 tinnire
1024 2979 1212 3052 πεισθήσετα
1249 2976 1267 3042 θ
1274 3002 1311 3042 τι

122 3085 310 3160 τέθνηκεν
333 3083 417 3162 αὐτῷ
442 3083 456 3147 ὂ
481 3086 601 3159 πατήρ.
627 3086 759 3156 πεισθεὶς
782 3086 814 3150 δὲ
837 3089 892 3158 την
917 3087 1036 3163 μητέρα
1057 3084 1197 3160 ἐκδώσει,
1218 3084 1313 3160 μηδὲν

123 3191 274 3270 ἐγχειρεῖν
306 3191 400 3254 ε’πσθει
424 3197 482 3254 τῶν
506 3191 629 3254 οὶπθπων
654 3193 696 3262 εἷς
721 3191 772 3255 τὸν
797 3188 890 3256 οἶκον·
918 3193 1027 3256 ἔπειτα
1052 3191 1078 3257 δ’
1104 3194 1157 3256 erle
1182 3184 1215 3264 ἦν
1245 3214 1311 3256 σκο-

123 3297 175 3368 πὸς
199 3297 373 3374 βιάσασθαι
398 3299 448 3362 τὸν
471 3298 593 3374 γάμον·
619 3302 644 3362 oi
670 3299 732 3378 γὰρ
757 3298 848 3365 ἄλλοι
876 3299 1026 3379 ἡμθναιτ’
1048 3299 1085 3365 θον
1107 3303 1158 3365 τὸν
1178 3301 1314 3377 βεβιασ-

123 3403 227 3478 μένον·
247 3406 336 3468 σὶλλ’
357 3405 623 3482 ἀποκριθῆναι
644 3405 774 3481 ὑπὸτῆς
795 3408 1139 3491 μνηστευομένης[τῶν
1160 3406 1311 3494 γονέων]

124 3513 214 3581 αὐτὸς
238 3508 368 3581 ’ἕκαστος
393 3510 488 3588 ἠξίου,
515 3511 551 3576 i'v'
572 3509 663 3582 οὕτως
688 3514 711 3576 οἱ
733 3513 830 3576 λοιποὶ
850 3513 1030 3578 παύσωνται
1052 3522 1107 3588 τῆς
1132 3514 1312 3592 μνηστεθας.

125 3616 222 3682 Paulo
245 3619 423 3683 intrioatior
446 3626 494 3682 est
516 3621 690 3684 sententiae
713 3625 886 3690 structure.
911 3621 1019 3704 itaque
1042 3622 1152 3684 stetim
1176 3623 1314 3706 interpo-

124 3721 187 3788 late
217 3733 274 3788 est.
323 3723 408 3789 Nam
437 3725 533 3790 verbe
563 3721 607 3789 θτι
640 3725 762 3800 τέθνηκε
793 3730 825 3790 et
849 3745 906 3792 our
930 3746 1093 3811 perpurum
1118 3727 1225 3792 addita
1249 3729 1314 3792 sint

126 3839 156 3895 et
176 3833 260 3897 uude
283 3832 427 3898 venerint
450 3837 482 3897 et
505 3851 600 3916 quam
622 3852 731 3898 revere
754 3837 856 3897 tutem
880 3835 1070 3898 sententium
1093 3831 1312 3917 pessumdant,

127 3942 195 4022 quis
230 3945 278 4003 est
313 3940 368 4023 qui
403 3957 464 4003 non
499 3941 616 4004 sentiat
650 3935 853 4006 admonitus?
889 3937 991 4019 Quare
1020 3941 1106 4004 enim
1131 3936 1316 4006 'l'elemuohi

129 4047 334 4132 peregrinatio
351 4044 453 4128 procis
476 4063 600 4129 quoque
623 4044 770 4130 prodesse
789 4045 860 4111 visa
875 4052 957 4110 esset
985 4047 1036 4130 (ὥς
1061 4046 1114 4109 καὶ
1139 4046 1240 4110 αὐτῶν
1264 4045 1314 4110 ἐπὶ

128 4153 308 4232 συμφέροντι
343 4149 507 4228 γενομένης
543 4159 597 4224 τῆς
635 4151 837 4236 ἀποδημίαι),
871 4157 896 4218 si
930 4153 971 4216 ι’θσ
1004 4172 1190 4238 persuasum
1214 4160 1315 4231 esset,

129 4257 252 4324 Ulixem
278 4259 344 4324 fsto
367 4259 433 4322 iem
457 4277 524 4322 esse
548 4255 715 4322 iunctum?
735 4257 842 4324 lmmo
862 4278 937 4325 vero
957 4259 1125 4344 optabunt,
1151 4259 1316 4326 retemta

131 4385 167 4428 ex
189 4370 439 4454 peregrinatione
462 4365 521 4430 hoe
546 4385 731 4450 persuasum
757 4367 806 4430 iri.
840 4361 898 4450 (ὅτι
922 4367 1121 4438 πεισθήσεται
1146 4363 1191 4431 θτι
1216 4367 1315 4442 τέθνη·

133 4493 179 4534 ιιεν
211 4473 292 4553 αὐτῷ
327 4473 341 4536 ὁ
366 4473 494 4556 πατήρ).
541 4472 726 4554 Praeterea,
746 4493 802 4538 our
823 4475 868 4538 sio
892 4476 974 4538 nude
1004 4468 1048 4538 θτι
1073 4473 1217 4550 τέθνηκε,
1241 4495 1317 4541 uum
