3242 5140
720 309 785 376 449

153 502 259 591 magis
283 503 417 570 alteram
441 503 538 570 huius
561 502 625 568 loei
648 503 862 570 coniecturam
886 503 1026 590 probem
1058 503 1094 569 Iu
1115 505 1277 572 codicibus
1295 507 1343 572 est

155 613 367 692 μετειλήχασι
402 610 427 678 δ’
459 611 551 678 αὐτόν
585 630 730 696 perverse
761 627 852 688 sane,
878 613 1013 676 correxit
1044 609 1139 696 olim,
1164 633 1237 678 vere
1267 615 1343 680 tuno

152 736 205 784 me
240 717 371 802 quidem
407 718 529 802 iudiee,
567 716 737 781 Mehlerus.
786 715 833 780 At
865 716 951 782 idem
984 739 1070 784 nuno
1106 719 1146 784 ab
1180 718 1341 787 Herehero

151 822 185 888 in
211 845 346 890 errorem
375 825 524 890 inductus
548 821 778 903 μετηλλάχασι
802 844 967 910 perperam
990 825 1191 902 ooniieiente,
1218 826 1342 894 abieoto

152 931 237 1014 quod
271 937 365 998 antea
400 932 478 997 bene
515 935 674 1015 repererat
705 929 888 1016 proposuit:
913 933 1124 1010 asseruimus
1149 930 1175 996 δ’
1198 931 1291 998 αὑτὸν
1316 935 1341 1000 οἱ

152 1043 373 1111 μετανοοῦντες
411 1037 465 1113 ήδη
501 1037 648 1116 λογισμοί
679 1050 751 1101 κτλ.
799 1033 848 1101 Ex
879 1038 929 1100 his
961 1043 1200 1114 μετανοοῦντες
1225 1041 1343 1126 recipio

152 1143 237 1228 (ooli.
266 1166 295 1230 p.
325 1143 408 1209 143:
434 1143 601 1215 Ὀδυσσεὺς
626 1145 824 1221 μετανοοῦντι
848 1129 988 1225 λογισμςῖι
1011 1146 1066 1220 τήν
1091 1143 1230 1226 πρθτερον
1249 1147 1341 1226 θρμήν

151 1251 364 1338 χαλινώσας),
392 1253 522 1320 caeteris
545 1252 693 1318 omnibus
717 1249 902 1338 repudiatis.
949 1251 1120 1318 Molliendi
1142 1255 1277 1320 vertum
1302 1255 1341 1320 ab

150 1359 209 1426 hae
233 1358 295 1425 loei
316 1359 564 1424 conformatione
588 1357 680 1443 plane
705 1357 868 1442 abhorret,
889 1379 969 1443 quae
993 1358 1164 1448 allegorice
1186 1359 1341 1446 interpre-

150 1471 239 1534 tetur
261 1463 319 1530 illa
342 1464 530 1532 Homerica:
555 1461 666 1540 ξανθής
688 1463 719 1528 δὲ
739 1461 835 1540 κθμλς
857 1459 923 1529 ἕλε
944 1467 1113 1539 Πηλείωνα.
1139 1463 1203 1532 Uti
1223 1466 1341 1534 inires

148 1571 253 1638 looum
269 1610 311 1621 —
325 1574 431 1658 inquit
440 1610 481 1620 -
495 1573 576 1638 ratio
587 1576 741 1654 suecessit,
753 1571 812 1637 hoo
825 1570 909 1657 apud
923 1577 1048 1657 podtam
1064 1571 1280 1662 significatum
1294 1579 1341 1640 est

147 1681 209 1745 ita:
236 1685 291 1752 τῆς
316 1684 459 1760 κεφαλής
484 1675 577 1758 ἀπρὶξ
603 1679 619 1752 ή
645 1677 787 1758 φρθνησις
813 1677 970 1753 εἴληπται.
1019 1677 1148 1746 Etenim
1169 1677 1339 1759 μεταλαμ·

147 1783 255 1862 βάνειν
283 1786 340 1852 ubi
373 1783 533 1874 signifieat
558 1797 757 1873 permutare,
790 1783 841 1852 vel
870 1787 984 1852 obieeta
1008 1811 1040 1854 νο
1063 1788 1159 1852 aliem
1183 1789 1341 1856 adsumere

147 1917 242 1978 quom
277 1896 377 1978 mepte
409 1894 535 1982 probe,
572 1887 689 1978 duplex
720 1912 776 1975 pro
807 1912 841 1958 re
869 1897 944 1958 nata
975 1893 1136 1960 obiectum
1167 1894 1340 1962 edseisoere

145 2003 267 2083 potest,
292 2003 349 2064 aut
372 2037 413 2048 ·-
439 2005 477 2064 ut
498 2019 583 2064 nune
609 2035 649 2046 -
677 1999 746 2063 eius
770 1999 815 2063 rei
837 2017 933 2082 quarn
957 2000 1133 2084 praeferas,
1156 2006 1213 2067 aut
1234 2039 1274 2050 —
1299 2001 1338 2068 de

146 2123 208 2189 quo
229 2125 325 2190 supra
349 2108 403 2193 egi
428 2105 471 2191 (p.
502 2103 577 2190 140)
604 2141 643 2151 -
672 2104 740 2168 eius
764 2106 810 2168 rei
833 2125 930 2189 quam
955 2106 1093 2172 abiioias.

192 2209 279 2290 Quae
315 2232 411 2297 supra
444 2214 561 2297 scripta
592 2213 702 2276 statim
734 2212 913 2296 excipiunt,
944 2211 1022 2278 haeo
1053 2232 1128 2279 vero
1159 2213 1338 2281 coniectura

145 2316 325 2384 adiuvanda
361 2323 453 2384 erunt
489 2317 630 2404 alioquin
663 2319 750 2382 omni
781 2337 874 2382 sensu
906 2320 1055 2384 oarentia.
1105 2316 1280 2398 Θάμβησεν
1309 2321 1335 2386 δ’

144 2422 311 2506 Ἀχιλεύς,
335 2425 369 2488 τὸ
388 2424 458 2504 πρὸς
479 2424 585 2490 τάντα
607 2423 737 2490 ιιθνδννον
755 2423 887 2502 ἀτρεμὲς
909 2423 1003 2489 αὑτοῦ
1023 2423 1075 2490 καθ
1089 2426 1337 2501 ἀκατάπληκτον
1446 2435 1448 2438 ’

145 2531 230 2610 ἀρῶν,
245 2532 306 2596 ’καὶ
334 2532 470 2612 ἐφοβήθη
496 2534 549 2608 τήν
575 2531 608 2596 ἐκ
632 2536 790 2608 λογισμῶν
812 2530 990 2608 μετάνοιαν.
1040 2529 1154 2598 Insana
1172 2532 1250 2600 haee
1270 2555 1336 2602 esse

145 2641 250 2724 quiris
274 2641 460 2730 perspiciat:
485 2640 604 2706 etenim
631 2638 779 2704 κλώθεται
806 2636 1029 2716 ἀσθγιιλσνστα.
1064 2638 1127 2720 Qui
1149 2638 1183 2702 τὸ
1203 2639 1335 2718 ἀτρεμὲς

144 2747 238 2812 αὑτοῦ
275 2747 345 2824 πρὸς
382 2743 488 2810 τάιτα
523 2745 653 2810 κίνδυνον
687 2745 757 2828 ὁρᾷ,
793 2743 951 2830 quomodo
983 2748 1191 2830 is‚'quaeso,
1216 2753 1336 2814 uentre·

144 2849 279 2918 miseatl
308 2852 380 2918 Nisi
410 2853 489 2918 forte
521 2852 604 2918 illud
634 2854 742 2935 ipsum
776 2852 887 2927 timet,
912 2851 996 2936 quod
1019 2873 1082 2920 non
1108 2853 1221 2918 timere
1245 2851 1334 2919 solet.

144 2958 255 3044 Itaque
279 2958 428 3036 editores,
453 2960 509 3044 qui
534 2958 663 3043 quidem
694 2963 859 3043 saperent,
885 2957 1073 3024 oonieeturis
1097 2979 1224 3024 sensum
1248 2979 1336 3026 revo-

145 3085 215 3130 oare
245 3067 349 3130 eonati
382 3071 466 3130 sunt.
514 3063 672 3132 Gesnerus
705 3063 849 3132 volebat:
883 3063 995 3142 Θάμβ.
1028 3064 1053 3129 δ’
1087 3065 1277 3144 Ἀχιλλεύς·
1301 3067 1335 3131 σθ

145 3173 216 3254 πρὸς
243 3197 276 3236 τ.
302 3172 431 3238 κίνδυνον
454 3171 585 3250 ἀτρεμὲς
611 3173 738 3235 αὑτοῦ
764 3169 815 3234 καὶ
838 3167 1084 3246 ἀκατάσληκτον
1105 3171 1263 3256 ἐφοβήθη,
1282 3171 1336 3246 τήν

146 3281 179 3343 ἐκ
200 3285 356 3358 λογισμῶν
378 3278 563 3346 διάνοιαν
585 3277 685 3360 ὀρῶν,
724 3275 887 3342 Sohowius
906 3267 1031 3344 eontra:
1053 3275 1153 3356 θάμβ.
1167 3277 1193 3343 δ’
1206 3280 1336 3360 Ἀχιλλ.

145 3389 180 3454 τὸ
209 3387 280 3465 τρθς
314 3411 346 3452 τ.
382 3385 456 3450 stet.
490 3390 557 3464 ἀτρ.
592 3386 717 3450 αὐτοῦ
747 3408 776 3447 κ.
800 3382 968 3449 ἀκατάσλ.
995 3385 1095 3470 [ipris]
1120 3385 1257 3465 ἐφοβήθη
1283 3388 1338 3461 τήν

144 3491 216 3569 ἔξω
241 3497 397 3570 λογισμῶν
422 3489 543 3558 οὖσαν
568 3489 681 3555 ἀνοιιιν.
730 3487 817 3570 Quae
838 3496 974 3574 utraque
995 3493 1175 3558 coniectura
1194 3491 1246 3558 rel
1266 3490 1337 3559 ideo

143 3619 271 3688 prorsus
313 3598 533 3685 improbabilis
576 3595 658 3663 mihi
701 3595 846 3674 videtur,
892 3595 975 3682 quod
1018 3599 1150 3676 urendo,
1186 3600 1337 3686 seeundo,

144 3706 388 3790 transponendo,
414 3704 658 3771 violentissimis
683 3702 851 3778 remediis,
877 3724 927 3767 res
952 3705 1071 3792 agitur.
1098 3702 1135 3768 Id
1158 3725 1259 3769 unum
1282 3728 1337 3774 vs·

144 3813 227 3892 lent,
250 3821 298 3878 ut·
313 3813 478 3878 ostendant
504 3819 695 3898 quantopere
719 3810 807 3876 locus
829 3809 964 3876 editores
987 3809 1069 3876 mele
1092 3809 1250 3878 habuerit.
1294 3814 1337 3880 At

144 3922 172 3984 si
207 3919 283 4004 quid
314 3919 423 3996 rideo,
456 3921 537 3984 ratio
569 3917 835 4003 impeditissimae
865 3917 1039 3982 sententiae
1069 3916 1280 4001 expediendae
1302 3921 1337 3984 in

144 4031 293 4110 promptu
305 4027 408 4111 posite
420 4030 477 4089 est.
498 4024 677 4112 Legamus,
692 4021 781 4087 nulla
793 4024 1052 4108 transpositione,
1065 4021 1154 4089 nulla
1166 4026 1334 4106 eieetione,

145 4133 323 4198 mutatione
356 4131 510 4196 minima:
547 4130 721 4208 Θάμβησεν
747 4129 772 4192 δ’
797 4130 963 4208 Ἀχιλεύς,
989 4127 1023 4191 τὸ
1048 4130 1118 4209 πρὸς
1145 4129 1252 4196 τάντα
1276 4134 1337 4197 κίν-

146 4239 228 4303 δυνον
251 4239 380 4320 ἀτρεμὲς
407 4239 501 4301 αὑτοῦ
527 4237 580 4300 καὶ
605 4233 852 4309 ἀκασάτληκτον
876 4236 967 4312 'etim
993 4233 1045 4298 καὶ
1070 4233 1206 4317 ἐφοβήθη
1229 4239 1282 4311 τήν
1303 4238 1336 4304 ἐκ

147 4347 243 4432 (τῶν)
265 4351 421 4424 λογισμῶν
441 4341 621 4423 μετάιοιαν.
647 4341 832 4408 Heraclitus
853 4339 993 4407 Homero
1008 4341 1086 4407 haee
1105 4341 1188 4409 dixit
1200 4351 1336 4425 auctore,

147 4450 231 4538 apud
258 4471 350 4536 quem
377 4449 490 4517 Ulixes
512 4447 652 4516 Achilli:
679 4447 754 4514 ἀλλ’
780 4445 823 4514 ἔτι
851 4447 901 4512 καὶ
929 4451 978 4513 νῦν
1002 4447 1105 4525 παύε’,
1132 4447 1168 4514 ἔα
1193 4449 1222 4516 δὲ
1243 4451 1338 4536 χθλον

1160 4569 1191 4620 29

976 4681 990 4714 ι
