3242 5140
715 321 781 397 aba

151 512 272 582 datiora
294 515 409 592 babet,
435 519 551 603 partim
576 520 661 605 (aa.
685 519 725 584 τὸ
750 520 807 598 μὲν
830 521 892 600 τρίς
913 519 1057 602 τόσσους)
1078 519 1250 586 vitiosiora.
1276 511 1338 580 Sed

150 622 189 688 de
219 623 269 688 his
300 645 385 690 nuno
416 625 608 702 tacebimus,
642 645 679 690 ea
710 631 837 692 tanturn
866 625 1055 702 indicaturi,
1079 627 1135 689 ubi
1158 629 1338 689 nostrorum

149 728 244 794 lectio
276 729 402 796 aliunde
434 734 584 818 castigari
614 739 728 817 potest.
777 733 895 798 Melius
926 737 1033 819 itaque
1063 730 1201 796 Venetus
1231 752 1338 808 κρατε-

150 843 272 914 ροῖσι,
303 834 437 920 melius,
469 837 552 921 quod
576 843 608 902 et
631 840 699 923 ipse
722 841 939 922 requirebam,
965 836 1051 916 λέγοι
1075 835 1112 902 ἀν
1141 833 1248 921 (οὖν),
1274 855 1339 900 me·

150 940 213 1005 lius
248 942 345 1008 etiam
381 943 543 1023 ἀπείρονας
574 943 605 1008 δὲ
639 945 757 1029 (τοὺς)
792 947 966 1024 κραταιούς.
1013 944 1106 1010 Nunc
1137 948 1281 1007 extrema
1307 943 1339 1004 in

151 1050 266 1112 nostris
295 1049 520 1134 inspioiamus,
552 1070 687 1135 quorum
721 1071 793 1116 oum
818 1049 938 1118 Veneto
961 1051 1128 1116 diversitas
1151 1047 1246 1134 paulo
1269 1067 1341 1134 gra-

150 1156 247 1220 vioris
278 1158 433 1221 momenti
465 1161 522 1221 est.
554 1154 633 1221 diors
665 1157 699 1221 rb
723 1155 845 1238 ἀπειρυν
870 1157 922 1224 καί
947 1157 997 1223 ἐπὶ
1021 1155 1188 1238 σχήματος
1213 1155 1254 1219 οὐ
1274 1177 1338 1218 πε-

150 1263 406 1340 περασμένον
442 1264 510 1327 καθ’
544 1261 680 1344 Ὅμηρον
714 1263 832 1330 τίθεται
869 1265 920 1330 καί
960 1261 1025 1329 ἔστι
1056 1265 1110 1329 τοῦ
1140 1263 1339 1340 κυκλοτεροῦς

149 1366 220 1432 idios
253 1370 304 1433 καί
339 1368 556 1449 σφαιροειδοῦς.
604 1371 656 1437 Sio
686 1374 785 1438 nostri
808 1371 953 1448 codices,
977 1371 1039 1437 nisi
1062 1370 1146 1457 quod
1169 1369 1340 1457 negatioa

149 1473 347 1541 Buttmanno
379 1479 556 1561 proposita.
589 1499 607 1543 a
636 1475 799 1544 Dindorfio
827 1482 860 1543 in
891 1484 1016 1544 textum
1038 1483 1182 1560 recepta,
1209 1474 1340 1540 alibris

149 1581 255 1660 abest,
276 1583 331 1666 qui
347 1580 432 1646 fideli
445 1620 488 1630 -
500 1588 538 1648 ut
555 1583 683 1648 videtur
697 1622 737 1632 -
751 1585 916 1650 eoncordia
937 1583 986 1648 ἐπὶ
1005 1583 1171 1662 σχήματος
1184 1603 1341 1659 πεπερατ·

149 1685 238 1764 μένον
258 1687 424 1773 praebent,
449 1688 532 1774 quod
555 1689 623 1754 sive
646 1693 849 1776 negationem
872 1693 1007 1756 retineas
1031 1693 1098 1754 sive
1122 1709 1183 1753 non
1206 1689 1342 1754 retineas

150 1795 280 1860 omnino
309 1796 341 1858 in
375 1795 620 1873 πεπερασμένον
652 1797 854 1862 mutandum.
903 1799 946 1862 At
976 1797 1052 1883 quid
1075 1791 1238 1861 Venetus?
1263 1791 1340 1856 ὥστε

150 1899 185 1962 τὸ
219 1895 341 1979 ἀπειρον
370 1900 496 1988 (malim
527 1903 716 1988 ἀπείρων)
749 1905 799 1968 καί
833 1905 882 1968 ἐπὶ
916 1905 1084 1986 σχήματος
1108 1900 1340 1979 πεπερασμένου

150 2005 221 2070 καθ’
250 2005 387 2088 Ὅμηρον
419 2009 571 2094 ridendae,
603 2011 662 2075 hoo
694 2011 824 2096 quidem
849 2032 887 2076 ex
911 2031 1056 2097 perversa
1079 2007 1246 2074 Villoisoni
1272 2027 1342 2071 mu-

149 2116 288 2190 tatione,
323 2135 395 2178 nam
428 2115 526 2180 codex
551 2117 669 2180 τίθεται
692 2116 762 2200 dat,
786 2117 844 2181 hae
869 2137 993 2202 qnoque
1015 2119 1049 2180 in
1072 2135 1105 2180 ro
1129 2136 1202 2180 cum
1226 2115 1342 2178 nostris

151 2223 358 2286 consentiens.
396 2219 456 2286 Sed
481 2223 564 2307 quod
588 2226 837 2310 gravissimum.
863 2229 900 2288 ut
923 2223 1086 2299 dicebam,
1111 2224 1209 2287 etiam
1234 2224 1266 2284 in
1291 2241 1343 2284 ex-

150 2325 308 2392 tradenda
339 2329 508 2414 negatione
542 2349 616 2392 oum
646 2331 762 2395 nostris
793 2329 965 2404 consentit,
997 2335 1106 2413 estque
1137 2347 1188 2392 me
1211 2325 1341 2411 quidem

149 2433 257 2499 indies
289 2454 326 2508 ea
353 2433 448 2500 leobio
481 2436 649 2500 verissima
679 2456 780 2519 neque
809 2435 848 2502 ob
878 2455 1066 2501 eonsensum
1099 2438 1224 2498 tantum
1249 2435 1342 2496 unice

149 2539 340 2625 recipienda.
390 2540 515 2626 Nempe
557 2542 658 2606 obiter
700 2563 767 2606 rem
812 2541 1100 2612 considerantibus,
1144 2537 1196 2605 vel
1235 2543 1341 2625 potius

149 2667 189 2710 ea
221 2653 343 2711 tantum
377 2668 457 2733 quae
491 2652 591 2713 nostri
627 2649 749 2713 codices
783 2649 822 2714 ad
857 2653 1001 2714 nostrum
1034 2647 1141 2713 looum
1179 2667 1340 2730 excerpse-

148 2759 226 2818 runt
260 2754 474 2830 intuentibus,
517 2753 767 2820 Buttmanniana
809 2757 989 2820 coniectura
1030 2760 1154 2818 tantum
1189 2774 1251 2818 non
1287 2751 1341 2817 fla-

149 2861 248 2948 gitari
273 2880 291 2924 a
313 2863 470 2924 sententia
494 2859 629 2925 videtur.
677 2861 724 2925 At
747 2865 847 2926 totam
872 2863 1119 2945 disputationem
1137 2863 1163 2924 si
1183 2857 1342 2944 pervolvi-

149 2985 243 3040 mus,
269 2973 363 3050 pront
386 2965 425 3031 ad
449 2967 584 3032 Iliadem
608 2967 694 3032 haud
715 2951 810 3032 dubie
829 2970 954 3056 integra
974 2969 1038 3032 sere
1058 2974 1181 3031 servata
1202 2973 1263 3043 est,
1278 2965 1341 3030 alia

150 3073 258 3136 omnia
282 3072 439 3137 videmus.
486 3075 590 3156 Atque
611 3073 644 3137 id
668 3075 831 3160 primum,
857 3074 1107 3160 disputationem
1130 3094 1192 3139 non
1213 3093 1249 3138 eo
1268 3092 1340 3138 oon-

150 3175 222 3242 silio
246 3177 428 3243 institutam
454 3201 537 3256 esse,
562 3185 599 3243 ut
621 3179 776 3246 annulum
802 3180 852 3246 vel
877 3181 1004 3246 vincula
1024 3181 1169 3260 ἀπείρονα
1189 3181 1342 3264 interpre-

149 3290 253 3360 tetur,
286 3286 340 3350 sed
371 3291 409 3349 ut
435 3283 560 3366 ζήτημα
585 3290 835 3372 grammaticum
859 3287 1000 3352 solvatur
1024 3283 1062 3352 de
1086 3286 1160 3352 orbe
1184 3293 1340 3350 terrarum

149 3413 235 3458 nuno
265 3391 349 3477 apud
379 3391 557 3462 Homerum
586 3393 717 3472 ἀπείρων
747 3393 831 3459 dioto
863 3395 1044 3478 (.,ἀπει’ρονα
1076 3393 1207 3471 γαίαν,”
1237 3417 1259 3455 α
1284 3389 1338 3457 97.

153 3506 274 3584 1,γαῖαν
296 3499 498 3582 ἀπειρεσίην,”
521 3509 546 3562 T
573 3498 640 3584 58),
665 3521 748 3564 nuno
772 3501 955 3587 regionibus
979 3498 1164 3563 distinctum
1189 3519 1254 3563 esse
1278 3503 1340 3561 bra·

128 3599 219 3671 ‘dito
251 3601 327 3690 (εἶμι
359 3605 422 3682 γὰρ
453 3606 587 3682 ὀψομένη
619 3605 817 3686 πολυφόρβου
849 3606 984 3684 πείρατα
1010 3607 1139 3690 γαίης.)
1165 3604 1254 3670 Haeo
1277 3603 1339 3668 duo

151 3711 246 3778 effata
269 3711 468 3798 Porphyrius
491 3712 582 3778 dooet
605 3712 686 3776 nihil
706 3715 857 3778 contrarii
877 3715 909 3777 in
931 3733 964 3776 se
984 3712 1099 3777 habere
1118 3711 1213 3795 idque
1225 3711 1340 3794 repetit

151 3839 189 3882 ex
221 3819 317 3883 variis
348 3816 497 3882 adiectivi
521 3819 650 3896 ἀπείρων
675 3815 978 3905 significationibus,
1004 3824 1098 3903 atque
1121 3821 1189 3882 eius
1212 3825 1339 3882 tantum

152 3927 198 3988 rei
228 3944 323 3988 causa
354 3923 452 3988 etiam
477 3923 552 4007 quid
575 3923 736 3994 δακτύλιος
763 3923 895 4001 ἀπείρων
916 3931 949 3989 et
971 3925 1075 4000 δεσμοί
1100 3925 1254 4001 ἀπείρονες
1279 3924 1340 3987 sibi

151 4029 252 4095 velint
275 4031 415 4115 exponit.
443 4036 509 4100 Πῶς
535 4029 687 4101 πολλάκις
705 4032 864 4116 -inquit
887 4034 998 4096 statim
1018 4032 1056 4096 ab
1078 4031 1170 4094 initio
1183 4029 1341 4104 -Ὅμη-

152 4160 198 4216 ρος
234 4137 287 4209 την
320 4145 380 4214 γῆν
412 4135 533 4214 ἄπειρον
564 4138 655 4201 είπὼν
680 4173 732 4186 --
758 4137 854 4201 πάλιν
888 4137 938 4201 dada
967 4123 1021 4210 τῆξ
1047 4133 1143 4213 Ἤραο
1168 4133 1253 4212 »εἶμι
1278 4138 1340 4216 γάρ

152 4243 286 4322 ὀψομένη
319 4241 517 4329 πολυφόρβου
548 4244 683 4318 πείρατα
715 4243 851 4320 ναίης”;
875 4245 1020 4323 μάχεται
1045 4244 1165 4325 γὰρτὸ
1190 4239 1261 4318 ἅμα
1286 4246 1342 4318 μὲν

152 4351 250 4426 αὐτην
275 4349 529 4434 πεπερασμένην,
554 4347 625 4425 ἅμα
649 4351 674 4414 δ’
700 4351 844 4430 ἀπείρονα
868 4349 1108 4430 ἀποφαίνεσθαι.
1134 4351 1158 4414 εί
1179 4351 1235 4426 μὲν
1255 4347 1341 4425 οὖνὴ

153 4458 351 4538 τοῦόὶπείρου
374 4458 460 4538 Φωνὴ
482 4453 513 4520 ἓν
537 4456 757 4535 τημαινάμενον
780 4465 937 4540 περιεῖχε,
962 4457 996 4521 τὸ
1021 4456 1105 4520 aare
1130 4457 1221 4521 ποτὸν
1240 4454 1342 4538 ἀδιεξ-
