3330 5144
763 303 827 374 261

194 498 419 564 merismorum
448 493 696 563 Homerieorum
717 503 828 564 auctor
848 503 881 565 et
899 461 1034 586 uterque
1053 477 1277 589 utyinologus.
1305 501 1399 582 Quod

194 623 251 690 pro
284 605 392 688 inepta
422 601 560 669 seou'nda
590 624 722 688 persona
745 607 872 672 restitui
896 602 981 682 εἶτε,
1011 605 1204 671 monendum
1229 614 1278 673 est
1300 629 1394 696 saepe

142 775 147 782 ,
194 713 239 775 ite
271 709 359 795 loqui
389 708 575 776 scholiastes
605 708 644 774 de
667 707 825 788 Homero,
851 733 882 777 ν.
911 733 939 778 ο.
963 711 1059 798 paulo
1081 712 1165 778 intra
1189 713 1230 779 ad
1253 735 1300 781 vs.
1326 715 1396 783 456

193 816 315 882 θπισθεν
339 815 453 896 ἑρπετθι
477 811 544 881 εἶπε
570 816 674 894 μθνον,
699 817 751 880 καὶ
776 822 828 882 νῦν
854 817 965 883 λέοντα
990 818 1042 884 καθ
1067 819 1223 899 πάρδαλιν
1248 821 1301 887 καὶ
1326 827 1392 903 σῦν,

194 948 208 987 ε
233 921 275 988 69
300 922 339 988 ad
363 922 467 1002 ἡμερὶς
492 922 642 1000 ἧβιθιισατ
667 927 723 997 τῖρν
747 923 890 1018 ἄμπελον
914 921 1008 1003 εἶπεν,
1033 931 1065 991 et
1088 929 1134 992 sie
1159 928 1346 995 sexcenties.

240 1135 273 1211 θ,
310 1133 385 1200 418.
422 1126 575 1213 ‘senem
612 1141 663 1201 νῦν
692 1142 952 1219 καταχρηστικῶς
983 1136 1027 1203 τῖι
1058 1135 1124 1220 ζῷα
1147 1137 1266 1219 ἑρπετὰ
1289 1139 1391 1218 λέγει.

196 1241 287 1328 (ΒΡ.)
326 1241 374 1307 Er
405 1241 651 1328 Vreponendum
684 1265 766 1310 esse:
801 1249 852 1310 νῦν
877 1251 1135 1326 καταχρηστικῶς
1159 1246 1323 1333 (ταντα)
1349 1248 1392 1314 σοὶ

193 1347 258 1448 ζῷα
283 1349 399 1430 ἓρπετθι
421 1349 522 1428 λέγει,
547 1356 658 1435 sponte
680 1356 779 1436 patet.

188 1643 191 1648 Ι
239 1561 273 1640 δ,
298 1561 374 1628 441.
407 1563 482 1628 κεῖθι
513 1562 548 1638 δη
578 1562 757 1636 αῖνθτατοςτ
787 1563 821 1628 αῖ
846 1563 968 1636 πλείους
996 1563 1088 1642 »ἔνθα
1113 1589 1164 1630 κεν
1188 1563 1390 1645 αῖνθτατος,”

192 1671 231 1742 ὣς
262 1672 297 1735 τὸ
327 1667 417 1748 ,,ἔνθα
441 1695 475 1736 κε
500 1669 603 1748 ,λοιμὸς
627 1669 707 1745 ἔην.”
732 1671 774 1757 (Θ
801 1669 888 1750 130).
925 1671 1013 1735 aiunl
1047 1675 1101 1736 τοῦ
1127 1669 1389 1754 δυσχερέστατα.

193 1775 310 1866 (HPQ)
332 1777 464 1854 Malim,
488 1781 624 1863 repetito
647 1777 801 1870 uocabulo
820 1778 1010 1862 Homerico,
1033 1779 1298 1865 (oivdraroclt
1318 1781 1389 1846 αντὶ

192 1889 245 1949 τοῦ
274 1884 532 1967 δυσχερέστατα,
565 1885 749 1970 praesertim
782 1905 855 1950 oum
885 1889 959 1951 aute
982 1885 1051 1951 οῖντ)
1077 1890 1130 1950 τοῦ
1154 1885 1309 1953 facillime
1332 1908 1390 1973 po·

193 1993 292 2057 tuerit
314 1990 467 2058 excidere.
1008 1987 1012 1994 ’

240 2203 272 2281 θ,
299 2201 377 2270 474.
414 2200 496 2268 Cum
528 2201 680 2269 lemmate
711 2199 819 2267 τθντον
852 2202 975 2292 legitur
1002 2203 1096 2269 futile
1120 2202 1262 2270 scholion
1286 2204 1322 2268 in
1343 2203 1387 2270 ll:

193 2308 292 2374 ῖστέον
321 2305 366 2373 ὅτι
398 2309 451 2374 tto
474 2308 636 2388 σημαθνει.
662 2309 729 2374 τθν
752 2309 938 2386 ποταμὸν
962 2309 997 2372 τθ
1021 2311 1144 2389 ρἐῖθρον,
1169 2309 1222 2373 καὶ
1246 2310 1299 2373 τθν
1322 2311 1387 2376 ἐπι-

193 2423 369 2482 στατοῦντα
404 2417 554 2493 δαθμονα,
588 2418 625 2486 ιθς
657 2411 740 2480 εἶπον
771 2414 796 2479 οῖ
821 2415 964 2493 θεολθγοι.
1014 2415 1051 2481 In
1076 2415 1216 2481 Homero
1240 2422 1305 2482 est:
1330 2417 1386 2490 την

192 2524 222 2594 ἐς
246 2523 369 2601 πατρίδ’
392 2519 463 2588 ἵκοιο
487 2523 587 2586 πλέων
612 2522 662 2586 ἐπὶ
687 2519 791 2586 οῖνοπα
817 2523 924 2587 πθντον
952 2560 992 2571 -
1019 2523 1153 2587 Proteus
1179 2521 1323 2607 loquitur
1344 2559 1385 2573 -·

192 2631 275 2697 unde
308 2631 425 2696 frustra
460 2628 614 2694 extendas
649 2628 733 2713 quod
768 2629 963 2695 adnotationi
1007 2627 1058 2694 vel
1102 2628 1303 2713 aliquatenus
1342 2649 1390 2695 re·

191 2738 352 2824 spondeat.
385 2735 445 2802 Sed
475 2741 532 2801 ant
554 2735 757 2801 vehementer
780 2734 889 2813 fallor,
916 2743 972 2800 aut
995 2734 1106 2801 notula
1129 2733 1252 2820 aliquot
1274 2755 1385 2801 versus

190 2843 323 2909 inferius
357 2842 545 2909 retrahenda
576 2849 642 2914 est,
673 2849 711 2908 ut
742 2843 899 2926 pertineat
930 2842 969 2907 ad
999 2863 1046 2907 vs.
1080 2839 1163 2907 477:
1190 2843 1382 2919 Αῖμθττοιο,

191 2951 338 3020 θιῖτετεός
359 2957 511 3024 ποταμοῖο
531 2956 630 3035 utque
649 2950 709 3016 hoo
733 2949 945 3025 vocabulum,
965 2969 1028 3014 non
1050 2948 1170 3028 πθντον,
1182 2950 1384 3016 eiuslemma

191 3060 242 3123 sit.
289 3056 402 3142 Itaque
436 3058 481 3121 sio
516 3055 660 3121 relietum
693 3055 833 3122 scholion
866 3055 1016 3121 idoneum
1048 3076 1177 3121 sensum
1201 3057 1384 3142 praebebit:

191 3172 412 3241 ποταμοῖσι
436 3163 534 3228 ἰστέον
557 3161 603 3227 θ’τι
628 3163 678 3228 δύο
701 3164 844 3240 σημαίνει
868 3162 910 3226 τὸ
936 3161 1136 3236 ποταμθο.
1158 3162 1193 3226 τὸ
1213 3164 1320 3242 ῥεῖθρον
1331 3163 1384 3228 καῖ

191 3271 242 3336 τὸν
278 3272 506 3336 ἐπιστατοῦντα
535 3270 679 3346 δαίμονα.
705 3269 833 3334 Similia
855 3269 1063 3334 observantur
1087 3267 1127 3333 ad
1150 3293 1165 3332 ε
1191 3267 1256 3334 445
1280 3271 1315 3334 iu
1338 3268 1383 3335 T:

192 3377 323 3461 εὔχεται
355 3375 491 3464 (Ulixes)
524 3379 566 3458 τῷ
598 3378 750 3459 ποταμῷ,
774 3377 812 3447 ὡς
837 3373 874 3439 θν
899 3375 1030 3441 ἕκαστον
1054 3373 1178 3455 ἔχοντος
1203 3373 1345 3453 θαθμονα.
1370 3375 1384 3439 θ

193 3485 224 3550 δὲ
256 3485 441 3568 (notorie
475 3486 604 3550 omnino
634 3482 848 3548 inserendum.
883 3480 1063 3547 Observatt.
1093 3503 1125 3568 p.
1159 3479 1210 3547 68.
1228 3481 1253 3561 ¹)
1278 3482 1331 3547 καὶ
1356 3483 1386 3548 θν

192 3602 261 3662 ταῖς
287 3593 408 3670 κρήναις
433 3587 514 3655 οἶδεν
537 3589 626 3666 θεοῖς,
652 3581 690 3661 ie
715 3589 859 3667 Νύμφας
884 3595 985 3652 καλεῖ.
1007 3622 1058 3638 -·
1080 3585 1155 3653 οὕτω
1169 3589 1386 3667 πεπληρῶσθαι

193 3699 275 3764 θείαν
310 3696 468 3775 δυνάμεσιν
497 3695 634 3775 Ὅμηρος
666 3699 791 3774 ἡγεῖται
821 3696 940 3772 πθντα,
972 3701 1002 3760 et
1034 3693 1129 3780 paulo
1152 3695 1235 3760 infra
1258 3719 1273 3760 ε
1298 3693 1385 3770 449,

192 3805 230 3872 de
255 3826 318 3891 quo
339 3803 410 3870 loeo
434 3811 507 3869 ante
527 3803 604 3869 dini.

235 4023 387 4109 Sequitur
417 4019 616 4086 nobilissima
646 4005 816 4108 Porphyrii
848 4017 1023 4103 disputatio
1051 4016 1090 4080 de
1121 4033 1198 4080 τοοκ
1228 4015 1383 4099 trinario,

190 4134 222 4196 in
252 4132 370 4196 nostrin
399 4132 525 4193 servata
556 4125 589 4192 in
622 4123 730 4206 EHQ,
761 4131 793 4190 et
817 4145 890 4189 eum
914 4123 1066 4188 lemmate
1091 4121 1261 4200 Αῖμθπτοιο
1286 4121 1385 4188 θιῖπε-

225 4397 252 4460 1)
279 4396 310 4445 ιιι
336 4395 373 4445 ιιι
395 4399 420 4444 ιι
441 4379 541 4444 rotem
563 4396 627 4461 spur
651 4395 727 4460 span
747 4389 908 4456 νιιριριιιω
925 4389 964 4450 (ιι
982 4394 1003 4436 e
1022 4390 1049 4446 ι,
1067 4391 1085 4438 t.
1105 4391 1146 4440 ιιι
1166 4407 1188 4455 p.
1208 4389 1269 4448 aas,
1289 4388 1403 4466 ιιι),

190 4477 257 4528 auius
273 4479 433 4544 fragmentum
450 4481 618 4536 nostramet,
636 4475 698 4542 quod
716 4474 819 4523 editores
836 4487 932 4522 mouere
950 4471 1112 4536 neglexerunt.
