3232 5136
711 317 751 388 61

140 513 280 589 deberet,
294 512 376 597 qnod
389 513 526 578 correxit
537 509 735 587 Dindorfius,
750 508 950 576 confirmarit
961 517 1069 596 postea
1080 513 1245 580 Parisinus
1256 511 1323 599 (D),

139 619 261 696 deinde,
282 639 322 684 ne
335 619 464 685 omnino
476 617 557 684 nibil
568 618 698 694 diceret,
713 617 810 683 verba
822 639 841 683 a
852 638 905 684 me
916 619 1017 684 eiecta
1029 619 1205 689 infersitde
1216 641 1274 686 suo
1286 617 1323 707 ¹).

182 723 266 790 Satis
302 735 350 790 est
382 724 443 790 hoc
471 724 751 810 interpolationem
782 727 814 789 in
846 745 909 790 una
939 725 1171 810 disputatione,
1204 730 1324 813 opinor.

138 832 248 918 Itaque
271 833 309 897 ad
334 831 397 896 alia
416 851 472 897 nos
490 839 731 914 convertamus,
751 833 889 919 vestigia
907 837 1015 896 nostra
1034 833 1217 900 recolentes.
1239 834 1323 900 Nam

137 942 167 1003 in
182 939 440 1024 praecedentibus
459 941 522 1002 tris
541 937 681 1002 nondum
702 937 894 1004 sustulimus
914 934 1046 1023 menda,
1067 960 1202 1024 quorum
1223 947 1323 1006 unum

136 1048 365 1132 gravissimum
384 1065 451 1110 esee
473 1043 607 1109 videtur.
630 1042 691 1107 Τέν
713 1067 746 1107 τε
766 1043 834 1122 περὶ
856 1053 910 1119 τῆς
928 1045 1040 1121 μητρὸς
1060 1044 1160 1124 Φόβον
1181 1047 1234 1112 καὶ
1247 1045 1323 1122 ὅλως

135 1159 192 1216 τοῖν
218 1151 253 1236 (l.
277 1151 358 1236 τὸν)
382 1152 450 1243 περὶ
474 1156 527 1215 τοῦ
552 1148 630 1215 οἷκον
654 1153 688 1214 τέ
713 1150 770 1225 μέν
793 1174 822 1214 τι
848 1152 864 1224 ή
886 1151 1048 1225 Πηνελόπη
1071 1151 1211 1229 ἐξέλυσεν
1234 1155 1323 1230 ἱκανή

134 1253 208 1321 οὖσα
233 1258 444 1336 περιγενέσθαι
462 1259 503 1336 τῷ
528 1258 704 1336 Φρονήματι
728 1264 782 1331 τῆς
806 1259 864 1320 τῶν
884 1261 1062 1336 μνηστήρων
1085 1259 1205 1338 ιένοέας,
1233 1260 1268 1325 τὸ
1292 1261 1323 1324 δέ

134 1389 162 1429 τι
195 1367 250 1432 καὶ
283 1369 299 1440 ή
333 1365 447 1438 ’ateva
479 1366 694 1446 ἠσφαλίσατο,
726 1364 776 1428 τὸν
807 1364 900 1438 δῆμον
933 1367 1215 1438 ἐπαναστήναι
1245 1391 1324 1445 σομ-

133 1471 334 1548 βονλεύσασα
360 1473 445 1537 κατα
469 1474 527 1536 τῶν
550 1473 725 1549 μνηστήρων
749 1472 799 1536 διὰ
824 1479 879 1544 τήν
906 1475 991 1537 κατὰ
1015 1475 1069 1546 τήν
1095 1475 1263 1549 ἐκκλησέαν
1286 1471 1325 1540 ὧν

134 1579 237 1660 δρῶσιν
274 1581 315 1652 εἰς
352 1581 405 1653 τήν
440 1576 537 1643 οῖκέαν
573 1580 746 1653 μηνύσεως,
779 1613 865 1627 ---
894 1575 994 1642 ὥστε
1026 1587 1103 1652 πῶς
1135 1579 1265 1659 ἐλαβε
1289 1579 1324 1645 τὸ

133 1689 264 1766 streete
288 1694 342 1760 τοῖς
366 1688 425 1750 τῶν
448 1686 625 1763 μνηστήρων
649 1683 770 1754 ἀδικίας
795 1683 848 1747 καὶ
874 1683 1143 1763 δημηγορήσαντος
1174 1685 1325 1764 Τηλεμά-

132 1821 190 1878 χου
222 1793 360 1867 τοσαύτη
393 1794 563 1870 ἐπιστροφή
595 1791 715 1868 γίνεται
745 1788 822 1854 ὥστε
854 1793 990 1856 ἐπειπεῖν
1015 1794 1053 1862 ct.-
1078 1788 1197 1870 »οἶκτος
1221 1793 1248 1858 δ’
1271 1791 1324 1860 ἕλε

131 1904 205 1968 λαὸν
244 1899 406 1968 ἅπαντο”.
456 1899 502 1966 Ne
537 1900 691 1964 vitiosum
728 1898 938 1982 ἐπαναστήναι
963 1920 1229 1978 commemorem,
1259 1904 1326 1967 ruit

132 2011 289 2075 sententia
312 2011 344 2072 in
368 2007 436 2072 his:
460 2003 537 2070 ὥστε
562 2011 636 2075 rsit
664 2003 781 2081 ἔλαβε,
806 2025 881 2069 nam
905 2007 977 2090 quis
1000 2005 1053 2071 hio
1076 2009 1325 2096 interrogative

131 2115 306 2201 particulae
340 2111 447 2181 locusl
482 2113 592 2197 Itaque
627 2110 809 2176 Dindorfius
846 2113 963 2188 „verba
997 2132 1056 2178 non
1090 2114 1231 2201 integra”
1261 2115 1322 2180 sibi

132 2223 234 2288 sideri
258 2219 463 2308 significavit.
511 2222 553 2284 At
577 2219 742 2284 dissentire
766 2217 885 2284 licebit.
932 2216 967 2283 Si
991 2220 1067 2303 qoid
1091 2220 1207 2286 horum
1226 2221 1321 2288 intel-

130 2329 209 2418 ligo,
239 2328 321 2394 nihil
345 2328 433 2392 deest
455 2333 488 2390 et
510 2328 684 2413 perexigua
706 2329 832 2390 tantum
857 2327 995 2390 mutatio
1015 2325 1084 2392 loco
1104 2328 1324 2414 iutegritatem

131 2459 222 2502 suem
255 2443 288 2500 et
314 2433 575 2521 perspicuitatem
606 2433 763 2497 restituet.
811 2431 1009 2518 Porphyrius
1040 2433 1138 2498 dixit:
1171 2437 1206 2500 ri
1237 2435 1269 2499 δέ
1294 2459 1323 2499 τι

131 2545 181 2609 καῖ
221 2545 239 2616 ή
272 2545 385 2614 Ἀθηνᾶ
423 2539 643 2622 ήσφαλέτατο,
678 2537 729 2602 τὸν
763 2540 857 2614 δῆμον
899 2540 1151 2610 ἐπαναστήσαι
1184 2541 1324 2616 συμβου-

131 2651 276 2716 λεύσασα
304 2649 388 2712 κατὰ
410 2652 467 2711 τῶν
501 2647 677 2724 μνηστήρων
709 2645 761 2709 διὰ
793 2654 847 2718 τήν
880 2647 965 2709 κατα
994 2648 1048 2720 τήν
1073 2647 1240 2719 ἐκκλησίαν
1266 2683 1321 2697 --

133 2763 308 2832 μηνύσεως,
336 2789 422 2804 ---
448 2750 525 2817 ὥστε
551 2755 629 2823 τοῖς
653 2751 752 2830 ἔλαβε
777 2751 814 2842 τέ
836 2753 965 2829 μέγεθος
991 2761 1044 2825 rtis
1071 2761 1128 2818 τῶν
1146 2755 1325 2834 μνηστήρων

132 2865 254 2934 ἀδικίας
278 2877 347 2926 κτλ.
374 2861 435 2940 Qui
461 2860 499 2924 ad
524 2860 558 2936 l,
582 2857 646 2924 841
673 2860 739 2922 καθ’
767 2849 799 2930 ήν
823 2855 898 2940 ἄρα
923 2858 1078 2924 dederunt
1101 2881 1174 2946 pro:
1200 2863 1267 2926 καθ’
1292 2853 1325 2933 ils

130 2971 227 3050 ὤραν
253 2969 374 3034 scribae
397 2967 465 3050 (cfr.
490 2966 593 3031 Praei.
618 2967 745 3051 pniii),
771 2965 896 3030 eosdem
921 2966 972 3030 hic
998 2971 1060 3036 τοῖς
1086 2965 1270 3052 depravasse
1294 2971 1327 3034 iu

131 3085 191 3148 τοῖς
216 3096 281 3141 non
305 3073 457 3159 estquod
482 3075 644 3137 miremur.
693 3071 785 3152 Quod
812 3070 989 3147 λαμβάνειν
1009 3073 1157 3138 adhibuit
1181 3073 1327 3160 Porphy-

131 3189 197 3249 rius
220 3199 295 3268 pro:
315 3180 498 3264 perspicere,
524 3190 617 3242 ινιεινέο
643 3184 801 3260 conopas,
829 3183 1003 3261 capitatione
1020 3182 1172 3262 amplecti,
1202 3180 1241 3245 de
1265 3200 1327 3265 quo

131 3309 288 3356 nonnemo
335 3287 481 3352 dubitare
528 3287 644 3370 possit,
693 3286 898 3349 sanissimum
943 3291 1000 3349 est.
1049 3283 1327 3365 Quemadmodum

133 3394 313 3482 Aeschylus
338 3395 460 3479 tragica
479 3390 753 3478 magniloquentia
776 3390 859 3454 dinit
883 3390 1059 3474 (Prometh.
1086 3413 1133 3456 vs.
1159 3388 1258 3474 887):

229 3496 246 3572 ή
270 3499 367 3579 σοφὸς
392 3493 410 3570 ἦ
432 3499 525 3576 σοφὸν
552 3495 582 3567 it

224 3615 339 3687 πρῶτος
372 3608 409 3668 ἐν
441 3607 580 3687 γνώμα
612 3603 691 3668 τάδ’
716 3602 932 3680 ἐβάστασε
962 3604 1014 3668 καῖ
1039 3607 1172 3690 γλώσσᾳ
1196 3607 1329 3683 διεμυθο-

142 3701 146 3708 *
1166 3706 1351 3797 [λέγησιν,’

136 3827 179 3888 sic
199 3823 315 3888 caeteri
340 3820 423 3898 θυμῷ
447 3819 561 3895 λαβεῖν
584 3841 613 3881 τι
638 3818 801 3888 dixerunt.
829 3826 865 3882 ut
889 3817 1046 3882 Pindarus
1069 3816 1213 3903 (Olymp.
1238 3817 1329 3903 VIII,

137 3929 189 4014 t),
214 3929 267 4008 νοίρ
291 3925 343 3993 vel
366 3926 451 4006 Φρενῖ
477 3924 607 4008 λαβεῖν,
633 3931 669 3988 ut
692 3921 873 3990 Herodotus
899 3923 973 4008 (Ill,
1000 3923 1053 4006 41,
1080 3923 1139 4001 515
1166 3920 1229 4009 lx,
1256 3923 1329 4010 13),

110 4119 113 4128 ,
138 4035 346 4119 similiterque
369 4032 536 4118 aliquoties
559 4027 755 4116 Xenophon,
778 4030 1032 4114 frequentissime
1056 4033 1201 4096 omnium
1224 4030 1327 4096 Plato.

143 4223 285 4234 ——--

173 4311 204 4378 1)
226 4313 303 4364 Verba
323 4330 354 4363 τι
378 4311 419 4362 καῖ
443 4311 573 4370 ἐποινήλέον
595 4311 679 4362 absunt
702 4313 828 4378 quidema
849 4315 881 4372 D,
905 4312 1008 4378 optime,
1026 4313 1146 4363 sedidem
1165 4331 1218 4364 mox
1237 4317 1329 4366 omittit
1362 4357 1364 4362 .

141 4403 183 4460 τήν
198 4406 294 4466 πεῖραν,
310 4404 360 4453 aina
376 4419 424 4468 quo
441 4401 555 4452 vocabulo
572 4402 688 4451 mutantis
705 4407 768 4452 atara
786 4401 876 4467 nequit,
895 4401 1012 4450 incertum
1027 4415 1056 4447 au
1072 4415 1126 4450 casu
1136 4403 1245 4468 vclqnod
1253 4405 1331 4455 scriba

139 4493 246 4554 Parisini,
260 4499 285 4543 st
296 4493 335 4544 bic
349 4495 508 4544 correctorem
522 4507 607 4558 agens,
623 4491 680 4542 baec
688 4491 776 4551 omisit,
786 4495 813 4541 ut
824 4491 885 4540 ratio
896 4488 970 4540 dativi
980 4485 1085 4552 παρέντι
1105 4493 1224 4540 mactaret
1232 4491 1331 4542 scilicet.
