3242 5140
818 317 883 384 402

255 511 312 577 ubi
343 509 453 576 eodem
487 508 596 585 modo,
632 507 686 573 'ssd
717 509 843 575 inverso
874 509 997 588 ordine,
1024 516 1133 575 καλεῖν
1156 515 1188 575 eb
1210 509 1384 576 ἀνακαλεῖν
1407 519 1447 579 ub

254 637 433 706 synonyma
455 621 661 701 usurpantur,
686 637 786 702 neque
809 639 893 682 nunc
913 617 1030 682 codicis
1051 617 1186 683 lectione
1207 621 1338 706 cognita
1357 625 1448 686 muto

253 726 454 791 sententiam.
500 721 537 786 In
560 721 659 788 altera
683 723 796 788 scholii
819 728 908 808 parte
932 725 1058 789 minuta
1082 725 1241 810 quaedam
1261 725 1448 812 corrigenda

253 837 430 918 supersunt.
478 829 682 917 legendum:
714 865 733 878 -
755 833 794 903 οῖς
818 831 916 910 νεκρὸς
943 833 1156 911 ἀπολειφθείη.
1181 828 1254 918 (Ἢ)
1280 832 1314 895 οὐ
1339 831 1443 908 μέντοι

253 937 491 1018 προαπέοπημεν
530 935 706 1020 ἕμβάντες,
746 937 835 1001 ἀλλά
871 943 1165 1018 προοεκαρτεροάμεν
1202 934 1332 1003 ἕκαστον
1369 941 1445 1003 ἀνα-

251 1047 403 1127 βοῶντες,
428 1046 452 1108 ai
477 1042 585 1108 δειναί
591 1041 694 1120 μεθά
719 1067 788 1108 τινα
813 1051 871 1109 τῶν
895 1043 1169 1122 ἀπολελειμμένων
1192 1052 1289 1110 σῶσαι
1315 1051 1348 1110 ei
1365 1047 1444 1126 Φαί-

251 1177 336 1217 νεται
362 1151 393 1216 δὲ
417 1150 468 1215 διά
490 1150 638 1216 τούτου
661 1153 697 1216 τὸ
718 1150 895 1234 Φιλέταιρον
916 1157 971 1217 τοῦ
996 1151 1184 1225 Ὀδυσσέως.

294 1394 324 1454 ι,
349 1367 402 1434 65.
449 1368 497 1433 De
527 1367 639 1432 eadem
668 1387 702 1431 re
732 1369 766 1430 iu
798 1366 946 1454 Vulgatis
977 1367 1032 1455 (V)
1059 1370 1193 1435 dicitur:
1220 1371 1353 1449 ἀρχαῖον
1379 1363 1443 1436 ἔθος

250 1482 309 1541 τῶν
344 1475 393 1538 ἐπί
428 1472 514 1549 ξένης
551 1472 771 1556 ἀπολλυμένων
805 1475 864 1546 πάς
900 1477 1010 1554 ψυχάς
1042 1476 1213 1540 ἀνακαλεῖν
1244 1473 1346 1556 τρίτον
1371 1471 1441 1542 τοὺς

251 1581 524 1663 περιλειφθέντας,
556 1579 657 1644 έπάν
691 1579 865 1643 ἀπίωσιν
897 1577 1010 1646 οίκαδε.
1044 1582 1060 1657 ἀ
1092 1579 1141 1647 ἵνα
1175 1585 1227 1648 καί
1261 1581 1290 1646 εί
1310 1604 1358 1651 τις
1383 1578 1444 1664 (sic

251 1689 467 1754 Buttmannus
491 1706 547 1771 pro
571 1683 627 1771 ἔτι)
655 1687 888 1752 ἀπολίποιτο
914 1687 943 1750 έν
966 1691 1007 1768 τῷ
1034 1688 1125 1769 πεδίῳ
1152 1689 1317 1769 προσέλθοι.
1362 1683 1443 1749 Bar·

252 1797 338 1860 nesio
370 1793 500 1857 ἀπίωσιν
532 1793 701 1868 debemus,
731 1805 853 1857 veteres
877 1793 1029 1860 editiones
1055 1802 1086 1860 ab
1110 1796 1241 1862 fortasse
1267 1794 1366 1860 etiam
1390 1811 1443 1856 co·

251 1903 336 1968 dices
371 1901 493 1964 θπίωοιν
528 1899 643 1965 habere
678 1899 852 1978 ridentur,
880 1901 940 1964 hoc
973 1907 1057 1966 certe
1087 1923 1250 1987 perversa,
1276 1901 1331 1968 sad
1355 1905 1444 1965 estne

251 2008 354 2075 critici
384 2004 486 2094 Angli
516 2009 655 2071 mutatio
687 2005 809 2072 verior?
841 2007 953 2073 Nonne
986 2011 1031 2072 sic
1056 2007 1073 2082 ἀ
1098 2009 1257 2092 abundat,
1282 2029 1356 2074 curn
1378 2025 1446 2071 una

251 2122 375 2182 tantum
396 2118 448 2178 τοῦ
469 2115 531 2194 τρῖς
551 2101 721 2177 ἀνακαλεῖν
741 2134 837 2179 causa
856 2113 945 2179 reddi
957 2113 1125 2180 rideatur?
1150 2115 1211 2180 Sed
1231 2118 1258 2179 si
1270 2136 1339 2180 rem
1352 2135 1444 2179 accu-

251 2226 353 2289 ratius
380 2224 583 2306 inspicimus,
616 2220 694 2285 duas
724 2219 813 2285 reddi
844 2222 1027 2305 apparebit,
1061 2219 1196 2286 albaram
1225 2243 1264 2287 er
1287 2221 1444 2308 religiono

250 2332 405 2416 petitam,
434 2328 568 2393 alteram
600 2347 639 2392 ex
668 2325 817 2390 utilitate.
866 2323 958 2392 Hanc
990 2348 1028 2404 ex
1059 2327 1178 2393 scholio
1202 2327 1444 2414 Hamburgensi

250 2457 346 2521 supra
369 2437 596 2523 cognovimus,
622 2431 685 2518 (ἵνα
709 2433 753 2509 μιί
777 2456 824 2504 τις
851 2432 1003 2504 πολλάκις
1029 2433 1166 2510 ἐμπνέων
1189 2437 1228 2507 ὥς
1249 2433 1349 2513 νεκρὸς
1367 2435 1444 2497 ἀπο-

250 2541 403 2620 λειφθείη)
434 2548 466 2606 οθ
487 2561 563 2606 mox
586 2561 624 2605 ex
649 2539 676 2620 Q
699 2559 939 2626 cognoscemus,
964 2540 1021 2605 illa
1045 2542 1095 2606 bis
1117 2543 1255 2607 traditur
1277 2545 1311 2605 in
1335 2539 1385 2617 H,
1411 2545 1446 2606 eb

250 2650 290 2716 ad
315 2669 362 2714 rs.
387 2647 447 2733 62,
472 2667 565 2732 quam
586 2653 695 2712 nobam
715 2646 808 2712 modo
826 2647 1043 2733 corrigebam,
1065 2665 1096 2712 at
1117 2649 1247 2714 bravius
1265 2647 1365 2713 adua.
1380 2645 1444 2711 65:

249 2763 308 2821 τῶν
339 2753 534 2830 ἀπολομένων
560 2755 589 2817 έν
612 2751 681 2835 ξένη
705 2763 747 2834 γῇ
772 2753 831 2824 τάς
857 2754 967 2834 ψωχάς
994 2756 1105 2836 εὐχαῖς
1130 2778 1209 2820 τισιν
1233 2755 1444 2818 ἐπεκαλοῦντο

250 2862 458 2932 ἀποπλέοντες
485 2863 510 2925 οί
534 2863 621 2943 Φίλοι
646 2861 687 2933 είς
713 2862 767 2936 την
792 2859 909 2924 ἐκείνων
932 2863 1086 2939 πατρίδα,
1112 2859 1164 2926 καί
1185 2863 1301 2927 έδίιιουν
1322 2861 1442 2928 κατά-

251 2993 341 3048 yses
377 2969 524 3040 αὐτοὺς
561 2969 653 3046 πρὸς
690 2968 784 3038 τοὺς
816 2967 1001 3039 οίκείονς.
1049 2966 1226 3056 Utramque
1256 2971 1445 3035 causamin

249 3083 356 3141 nostro
391 3074 511 3138 scholio
545 3074 683 3138 breviter
716 3079 996 3154 commemoratam
1031 3075 1127 3140 fuisse
1159 3077 1359 3160 putaverim:
1392 3075 1445 3154 ἀρ-

250 3191 344 3264 χαῖον
379 3180 440 3252 ἔθος
476 3185 534 3244 τῶν
572 3180 620 3244 ε’πί
656 3177 742 3255 ξένης
774 3181 996 3256 ἀπολλυμένων
1030 3182 1089 3252 τάς
1125 3182 1236 3261 ψυχάς
1271 3183 1443 3245 ἀνακαλεῖν

251 3291 350 3371 τρίτον
384 3287 454 3359 τοὺς
488 3286 759 3369 περιλειφθέντας,
796 3287 829 3371 (ἀ
840 3287 869 3369 ς)
901 3287 1166 3365 έπανάρωοιν
1193 3287 1318 3364 οἴκαδε·
1351 3286 1444 3363 dira

250 3399 303 3464 καί
327 3393 356 3460 εί
375 3419 421 3466 τις
447 3396 699 3458 ἀπολείποιτο
724 3395 753 3457 ἐν
777 3394 819 3470 τῷ
844 3395 936 3472 πεδίῳ
961 3394 1125 3474 προσέλθοι.
1175 3395 1260 3460 Noto
1280 3401 1444 3480 praeterea

249 3507 329 3572 'vibio
364 3502 547 3566 ἀπολίποιεν
582 3502 736 3585 scriptum
773 3505 837 3576 est,
870 3501 954 3584 quod
989 3523 1028 3566 ns
1059 3501 1204 3566 modium
1233 3501 1354 3568 soloeue
1383 3523 1441 3586 pro

247 3613 373 3698 passivo
393 3609 598 3694 probaremus
614 3609 648 3670 in
668 3603 1083 3699 droarirorrarefinximus.
1119 3601 1209 3675 Idem
1229 3611 1440 3678 commissum

246 3723 279 3784 in
312 3716 432 3784 scholio
463 3734 560 3799 paene
592 3712 731 3800 gemello
760 3733 799 3777 ex
823 3712 852 3787 Q
878 3713 951 3798 (nisi
975 3715 1059 3799 quod
1082 3717 1114 3779 in
1139 3715 1198 3780 hoo
1224 3715 1322 3780 altera
1346 3737 1442 3782 creusa

250 3828 366 3891 omissa
401 3825 480 3900 est):
517 3821 649 3899 ἀρχαῖον
686 3816 747 3889 ἔθος
784 3815 816 3892 ἦν
848 3823 905 3884 τῶν
937 3820 986 3884 ἐπί
1020 3819 1106 3896 ξένης
1137 3823 1358 3900 ἀπολλυμένων
1382 3823 1441 3892 τάς

250 3933 361 4013 ψυχάς
397 3931 430 3994 ἐκ
454 3931 554 4007 τρίτον
586 3929 767 3990 ἀνακαλεῖν.
800 3930 888 3990 τοῦτο
919 3929 950 3992 δέ
983 3927 1101 4004 ἐγίνετο
1125 3926 1175 3991 ίνα
1200 3929 1295 4000 εἴτις
1321 3929 1442 3994 ὑπολί-

251 4061 364 4102 ποιτο
400 4038 430 4100 ἐν
465 4037 506 4116 τῷ
542 4032 634 4113 πεδίῳ
670 4033 834 4111 προσέλθοι.
882 4033 1049 4099 Praeterea
1083 4035 1116 4098 in
1151 4043 1286 4121 utroquo
1321 4036 1442 4102 scholio

251 4143 364 4208 malim
396 4149 456 4206 τῶν
482 4177 501 4190 -
525 4137 800 4214 ἀπολομένων.
848 4138 990 4205 Tandem
1020 4141 1103 4226 quod
1135 4141 1316 4207 Dindoriius
1347 4149 1379 4208 eb
1407 4146 1442 4206 in

249 4248 368 4314 scholio
400 4269 438 4312 ax
468 4247 494 4310 V
521 4253 553 4310 ab
576 4250 610 4310 in
634 4245 805 4312 Harleiano
832 4246 876 4331 (p.
901 4246 977 4324 412,
1005 4245 1036 4332 7)
1062 4247 1162 4327 τρίτον
1185 4254 1362 4314 correctum
1386 4271 1442 4316 ro·

248 4354 333 4418 lebat
356 4357 389 4418 in
421 4355 501 4434 τρῖς,
527 4351 651 4417 nullam
675 4351 821 4417 idoneam
846 4375 972 4418 causam
998 4354 1099 4418 video.
1149 4355 1219 4420 Non
1243 4361 1292 4420 cst
1316 4361 1440 4442 optima

248 4447 378 4526 fortasse
402 4463 540 4540 dictum,
567 4458 620 4523 aad
645 4467 691 4524 cst
715 4459 774 4524 hoo
798 4463 936 4525 auctoris
960 4459 1071 4545 culpa,
1097 4483 1158 4526 uon
1183 4463 1315 4528 scribas.
