3278 5148
838 369 902 439 306

273 559 326 628 κού
359 561 480 642 ἔλαφοι.
514 565 610 649 (EV.)
644 565 789 652 Vulgata
820 565 969 629 desinunt
1001 566 1034 629 in
1068 565 1200 642 pluerat.
1254 561 1460 628 Scribendum

274 672 385 756 ntique
418 672 447 736 ἐν
479 674 593 758 τούτῳ,
627 711 667 722 --
701 675 764 736 nisi
796 675 866 756 quis
898 681 930 735 et
960 674 994 735 in
1024 661 1155 736 flumine
1187 691 1278 756 apros
1301 675 1334 734 et
1356 666 1464 735 ceruos

212 788 217 797 “
272 780 365 866 gigni
389 779 470 845 velit
493 815 553 857 -,
588 778 858 865 quemadmodum
889 775 975 854 BPQ
1006 779 1045 843 ad
1069 777 1307 863 praecedentem
1332 797 1462 842 versum

274 884 408 950 habent:
434 885 619 964 Ἐρύμοονίος
641 885 671 950 δὲ
696 884 757 962 ίρος
784 884 973 962 ’Λρκοιδίοος,
998 880 1033 948 ού
1056 883 1164 949 πολλοὶ
1186 884 1256 954 σύες
1277 882 1330 947 acl
1352 881 1463 962 ἔλαφοι

274 992 415 1070 γενέσίοιι
452 993 685 1073 παραδίδονται.
735 991 844 1056 Potest
880 995 988 1055 tamen
1022 990 1094 1074 quis
1125 996 1232 1054 nostre
1263 987 1466 1078 neglegenter

274 1097 446 1166 admodum
471 1107 617 1184 excerpta
643 1103 782 1163 statuere
805 1119 844 1161 er
867 1100 926 1180 iis,
952 1117 1032 1182 quae
1055 1097 1153 1160 iidem
1176 1096 1298 1161 codices
1322 1093 1405 1180 (ΡΩ)
1426 1094 1464 1160 ad

274 1207 513 1292 praecedentem
534 1227 660 1272 versum
683 1205 931 1290 adscripserunt,
955 1204 1011 1268 ubi
1034 1224 1108 1270 cnm
1129 1203 1168 1268 de
1190 1209 1464 1287 utroquemonte‚

273 1319 305 1378 et
337 1312 482 1401 Taygeto
515 1320 546 1378 et
577 1312 788 1399 Erymantho,
826 1316 941 1399 agatur
964 1315 1048 1375 reete
1071 1310 1183 1374 habet:
1209 1309 1233 1373 οί
1257 1309 1320 1388 γὰρ
1345 1307 1464 1372 πίποι

272 1415 381 1484 ούσοι
407 1418 606 1500 πλεονύζουσι
631 1418 757 1498 κάπροις
782 1417 834 1482 καί
861 1416 989 1496 ἐλοίφοις
1014 1429 1086 1482 ιιπλ.
1263 1403 1264 1408 ¹

319 1632 354 1715 ζ,
381 1632 456 1698 117.
504 1631 663 1697 Nausicaa
685 1630 752 1716 pila
774 1629 887 1695 ludens
910 1631 1094 1710 ἀμφιπόλου
1114 1631 1170 1708 μὲν
1190 1628 1333 1708 ύμιιρσε,
1354 1630 1464 1708 (ialal,

275 1737 431 1814 δ’ἔμβοιλε
455 1739 534 1818 δίνρ,
559 1738 577 1823 ΙΙ
603 1739 636 1802 οιί
660 1736 737 1800 δ’ἐπί
762 1735 1072 1814 cancerauma-
1096 1737 1109 1800 o‘
1130 1735 1263 1816 δ’ἐχρεπο
1279 1736 1464 1808 δῖοςΌύυσ·

274 1847 356 1918 ceu'c.⁴
390 1835 596 1910 Praedicator
618 1848 651 1908 in
674 1844 725 1909 his
749 1844 851 1909 virtue
882 1841 1014 1908 Homeri
1038 1847 1177 1928 politica,
1204 1846 1301 1910 etiam
1324 1845 1358 1906 in
1384 1849 1465 1910 tern-

273 1975 348 2040 pore
359 1956 473 2038 cuique
486 1954 532 2016 rei
543 1952 655 2016 idoneo
668 1950 862 2015 observando
871 1930 1123 2034 explendeseens'.
1139 1952 1173 2015 'E
1185 1950 1406 2024 eccelsiae
1421 1987 1459 2000 -

272 2061 376 2147 inquit
406 2061 512 2125 neseio
545 2059 616 2143 quis
650 2094 690 2106 -
722 2058 879 2130 οὶνίσπήσιν
904 2053 1080 2140 Ὀδυσσέος,
1104 2057 1197 2122 ύπύτε
1221 2057 1291 2123 ούπε
1316 2056 1463 2131 λυπήσειν

272 2167 405 2245 ἔμελλεν
429 2167 676 2240 ἐπιτηδείως
702 2163 899 2243 ἐχούσαις
926 2164 1078 2246 ἐπιφορρῖ,
1105 2164 1174 2228 ούπε
1196 2165 1373 2246 ἐνοχλήσειν
1395 2164 1462 2228 dec-

272 2275 373 2354 κίψοις
406 2275 460 2347 τήν
493 2267 785 2338 ποοιδιοίν.’λε’λυτοιι
810 2271 872 2350 γὰρ
897 2273 913 2345 ή
939 2270 1049 2334 varaia
1074 2278 1224 2352 τυχηρῶς.
1251 2270 1353 2357 (ΡΩ.)
1390 2271 1464 2337 Sine

273 2382 487 2448 controversia
511 2377 687 2453 ἐπιτηδείως
711 2379 856 2456 ἑχούσοις
881 2381 1064 2461 corruptum
1089 2381 1144 2442 est.
1184 2375 1228 2442 Ut
1247 2382 1368 2444 taceam
1395 2399 1464 2444 ver·

274 2492 348 2554 bum
372 2493 481 2552 λυπεῖν
501 2506 597 2572 prave
618 2505 692 2550 eum
706 2484 814 2548 dativo
825 2485 990 2560 iunctum,
1004 2486 1095 2548 cuius
1107 2483 1290 2569 exemplum
1303 2485 1462 2562 desidero.

270 2595 365 2682 quid,
397 2612 532 2678 quaese,
565 2593 597 2656 οιί
630 2589 767 2669 ποιρίένοι
800 2589 973 2664 ἐπιτηδείως
1004 2585 1091 2671 εἶχον
1124 2591 1257 2674 ἐπιφορρῖ
1283 2589 1462 2679 significare

182 2717 185 2724 '
268 2704 322 2768 hie
343 2697 493 2767 debebit?
515 2697 713 2772 Ἐπισήύείυς
739 2693 801 2776 ἐχυ
825 2703 873 2762 est
898 2697 1064 2769 ἐπιτήδειός
1090 2697 1165 2774 είμι,
1186 2719 1288 2783 neque
1307 2698 1396 2764 aliud
1416 2703 1463 2764 eet

269 2815 326 2874 aut
359 2827 425 2873 esse
457 2810 570 2890 potest.
619 2804 729 2888 Itaque
760 2823 822 2868 non
855 2803 990 2868 dubium
1025 2793 1168 2880 videtur,
1194 2807 1270 2890 quin
1295 2811 1352 2870 aut
1375 2826 1463 2891 prae·

271 2919 396 3000 postera
425 2911 567 2978 eiusdem
600 2909 748 2976 vocabuli
772 2912 957 2996 repetitione
982 2916 1037 2975 aut
1061 2911 1182 2976 scribae
1202 2914 1371 2976 oscitantia
1395 2933 1464 2998 par·

272 3041 344 3088 vam
383 3017 609 3085 nonnullarum
640 3017 807 3082 literarum
838 3015 985 3082 lacunam
1018 3038 1180 3103 perperam
1212 3017 1369 3104 explentis
1404 3041 1464 3085 vox

272 3126 463 3202 ἐπιτηδείως,
497 3145 578 3210 qnae
608 3127 641 3189 in
673 3123 793 3208 periodi
825 3123 917 3188 initio
950 3123 1027 3188 bene
1051 3123 1167 3207 hebet,
1190 3127 1223 3189 in
1248 3123 1357 3189 locum
1382 3125 1464 3190 alius

271 3232 419 3300 vocabuli
450 3237 506 3296 aut
536 3251 611 3297 sono
643 3228 825 3318 autfigure
850 3228 1026 3294 consimilis
1051 3251 1125 3294 cum
1150 3231 1325 3296 sententiae
1349 3231 1464 3298 damno

272 3342 442 3426 irrepserit.
467 3338 552 3404 Nam
572 3336 775 3404 scribendum
797 3355 863 3401 esse
883 3339 1010 3420 opinor:
1024 3333 1116 3400 ύπίπε
1129 3333 1200 3402 ούπε
1215 3337 1363 3413 λυπήσειν
1374 3335 1465 3416 apsa·

272 3463 324 3512 λεν
346 3447 678 3531 §erumpentia
699 3440 840 3522 ἐχούοΑς
861 3443 921 3528 (πή
935 3442 1023 3525 add.)
1044 3443 1189 3528 ἐπιφορᾷ,
1203 3443 1272 3509 ούπε
1287 3446 1464 3528 ἐνοχλήσειν

273 3556 426 3634 διοικίψοις
460 3554 514 3628 τήν
539 3550 665 3616 ποιδιοίν
694 3565 764 3613 κσλ.
812 3549 969 3634 Perquam
995 3555 1170 3634 opportuno
1195 3555 1353 3636 tempore,
1378 3571 1464 3618 enara

272 3668 357 3726 rator
379 3661 506 3745 inquit,
527 3663 620 3743 poeta
639 3654 768 3722 Ulixem
789 3655 827 3720 de
845 3675 953 3720 somno
976 3659 1247 3744 expergiscentem
1272 3657 1365 3736 iacit,
1390 3681 1463 3724 eum

271 3767 453 3854 virginibus
489 3785 590 3850 neque
625 3761 734 3850 gravis
769 3779 836 3826 esse
871 3769 976 3847 posset
1011 3766 1098 3828 omni
1130 3766 1236 3830 animo
1268 3765 1400 3831 intentis
1430 3768 1463 3831 in

273 3876 430 3958 impetum
451 3872 534 3959 pilae
554 3872 588 3934 in
608 3889 723 3954 aquam
744 3871 877 3946 ruentis,
900 3889 1001 3954 neque
1021 3869 1176 3936 molestus
1195 3871 1270 3937 lusu
1290 3873 1358 3937 eius
1371 3871 1464 3958 culpa

272 3978 468 4055 intermisso;
503 3977 592 4041 lusus
624 3976 708 4040 enirn
741 3975 871 4040 fortuito
901 3973 1009 4040 finitus
1033 3982 1090 4041 est.
1138 3975 1338 4042 adverbium
1363 3979 1464 4043 ἐπιπε-

272 4082 413 4162 πονμένυς
446 4095 477 4149 et
508 4081 586 4148 alibi
617 4079 738 4167 legitur
762 4086 793 4145 et
816 4081 899 4165 apud
923 4065 1125 4148 Athenaeum
1150 4084 1185 4147 in
1208 4085 1364 4169 excerptis
1389 4084 1463 4150 libri

271 4191 399 4258 secundi
435 4211 460 4254 o.
486 4188 548 4268 24,
573 4211 604 4274 p.
631 4187 726 4252 aad:
751 4182 796 4252 ὅτι
820 4196 883 4260 τοῖς
907 4187 1098 4268 προπίνουσιν
1124 4191 1178 4274 (se.
1205 4185 1292 4277 ὕδωρ)
1319 4191 1463 4256 ἐπιπεσο-

272 4297 368 4374 ροένιις
389 4297 442 4361 ούις
466 4297 578 4368 οἰκείοις
603 4295 771 4360 aracleam
797 4295 810 4358 ἐ
835 4295 1016 4376 σπίμοιχος,
1041 4296 1130 4360 οέλλοέ
1151 4299 1274 4373 μᾶλλον
1295 4302 1461 4372 κοινοῦται,

270 4409 302 4469 et
336 4404 369 4468 iu
406 4401 533 4468 Villois.
565 4400 628 4466 An.
661 4397 718 4466 Gr.
751 4399 783 4465 Il
813 4423 844 4486 p.
879 4401 962 4468 105:
994 4401 1046 4467 ιιοοί
1081 4401 1124 4467 πίε
1157 4404 1326 4481 πνεύριοοσει
1352 4402 1400 4476 δέ,
1427 4410 1461 4470 τὸ

268 4509 325 4588 μὲν
349 4511 382 4574 ἐκ
406 4513 459 4574 ποῦ
480 4509 608 4588 ύύροοιςος
629 4505 758 4588 πρίεισιν
779 4507 1007 4585 extremaue
1030 4524 1099 4574 ιιπλ.
1137 4508 1229 4591 Quod
1248 4513 1460 4578 neceesarium
