3278 5148
856 329 921 398 29⁴2

295 525 408 593 lendus
443 524 605 591 articulus.
655 523 726 589 Hoc
755 527 881 590 tentum
918 531 1060 610 superest
1093 531 1130 591 ut
1172 504 1303 612 e'ddam,
1345 549 1381 594 eo
1415 526 1483 593 Ioco

295 655 357 720 quo
381 641 486 698 nostru
510 629 683 716 disputatio
702 632 809 696 verius
829 632 967 715 pertinet
989 631 1017 718 (ν
1030 631 1223 718 332),ιιίίι“ί1
1243 634 1317 700 inde
1336 633 1403 723 legi
1423 633 1483 699 uisi

295 739 377 806 exile
410 739 468 803 hoc
499 742 682 821 excerptum
707 755 744 800 ex
769 733 847 800 BH:
872 735 986 811 ἐπητής
1013 771 1066 786 --
1093 739 1260 819 οὶγχίνοοςι
1286 739 1391 821 ταχὺς
1416 738 1483 816 περ)

294 845 328 911 σί
352 851 467 920 νοήσαι.
495 844 608 917 ἐπήτης
633 843 730 926 (nunc
753 842 812 908 hoc
836 846 999 930 accentu),
1017 843 1131 920 λίγιος.
1154 845 1206 909 καί
1227 843 1326 924 ι’ίοπερ
1346 846 1361 911 ί
1380 845 1485 924 λίγιοο

294 953 380 1032 παρίι
415 953 466 1014 τὸν
498 951 607 1033 λόγον,
638 946 731 1020 οὕτως
767 947 819 1012 καί
855 949 969 1024 ἐπήτης
1006 951 1092 1029 παρὰ
1123 954 1158 1017 τί
1182 949 1273 1038 ἔπος,
1297 936 1385 1039 ωωωω
1402 953 1485 1018 uude

293 1057 443 1124 fluxerint
466 1077 549 1122 nunc
573 1060 683 1140 sponte
706 1053 914 1141 intellegitur.
962 1059 963 1065 ’

338 1295 368 1354 ε,
401 1269 477 1333 204.
510 1267 652 1345 Διογενὲς
687 1266 880 1346 Λαερτιάδη,
907 1273 1109 1349 πολυμήχαν’
1134 1268 1425 1355 ’οδνσσεῐι,ΙΙοίίτω
1449 1270 1484 1343 tt

294 1373 407 1443 οίκίνδε
437 1378 533 1454 Φίλην
559 1375 587 1445 ἐς
611 1373 748 1451 πατρίδα
771 1375 1024 1456 γαίανΗαιίσίκα
1048 1381 1099 1441 νῦν
1124 1377 1234 1449 ἐθέλεις
1259 1376 1353 1454 ilcan
1378 1375 1486 1442 Mone-

295 1505 367 1550 mur
401 1487 434 1547 in
465 1481 630 1547 Nicanoris
660 1481 858 1566 Iragmentot
892 1488 1060 1559 προσῆκται
1092 1483 1124 1547 δὲ
1156 1481 1170 1547 ὃ
1200 1484 1294 1561 λίγος
1326 1484 1356 1547 ἐν
1378 1483 1484 1562 ἐπερω-

294 1591 388 1664 τήσει.
416 1587 496 1675 (ΒΕ)
520 1585 638 1650 Verum
663 1597 711 1650 est
734 1592 912 1659 ΠΡΟήκται
939 1586 1074 1665 ὀλίγον.
1113 1587 1270 1656 Usitetius
1290 1595 1337 1655 est
1354 1590 1484 1676 quidem

294 1687 526 1776 προενήνεκται,
556 1699 594 1756 ut
622 1712 652 1756 v.
679 1713 705 1756 u.
731 1690 747 1754 ὃ
772 1690 855 1756 665:
880 1696 984 1756 ταῦτα
1007 1693 1068 1773 ἀφ’
1093 1694 1198 1774 ἑτέρας
1223 1696 1323 1778 οίρχήρ
1348 1719 1483 1776 προενεκ-

294 1803 361 1868 τέον
384 1801 468 1879 μετα
492 1799 575 1872 ήίονρ
601 1800 650 1861 καί
674 1797 861 1875 ἐρωτήσεως,
888 1804 925 1863 ut
949 1824 962 1862 ε
987 1798 1049 1865 23:
1074 1807 1163 1866 τοῦτο
1184 1802 1215 1866 ἐν
1235 1801 1375 1879 ἐρωτήσει
1395 1826 1482 1880 προε·

295 1911 428 1981 νεκτίον,
453 1913 489 1970 ut
512 1930 529 1979 η
555 1901 639 1968 224:
662 1905 787 1982 βέλτιον
812 1938 831 1953 -
846 1939 865 1954 -
888 1906 946 1986 ἀφ’
970 1905 1076 1986 ἑτέρας
1100 1910 1131 1973 δὲ
1154 1909 1254 1989 οίρχής
1278 1911 1482 1990 προφέρεσθαι

294 2019 328 2083 τί
354 2013 476 2094 „ratres
503 2035 543 2090 με
552 2009 579 2089 ,”
599 2017 693 2095 atque
712 2011 758 2076 ita
776 2015 968 2097 saepissime,
986 2033 1043 2079 uec
1056 2021 1163 2080 temen
1175 2017 1258 2101 quod
1270 2016 1482 2102 reponendum

295 2125 362 2189 dixi
387 2117 532 2204 exemplu
556 2138 613 2182 suo
636 2123 730 2182 caret.
778 2119 828 2182 Sic
851 2117 937 2183 enim
957 2118 1099 2184 locutum
1122 2121 1389 2206 deprehendimus
1407 2122 1483 2189 Por-

295 2231 448 2316 phyrIum
481 2225 519 2291 ad
551 2249 572 2290 α
598 2221 680 2288 389ε
706 2223 772 2287 ε’τεί
796 2224 860 2303 γὰρ
891 2227 935 2296 νίς
967 2225 1005 2289 ἐν
1036 2227 1139 2307 εὐχή
1171 2228 1387 2308 προήγαγε
1418 2228 1483 2294 τὸν

277 2337 418 2415 λόγον
448 2332 599 2402 Ἀντίνους
634 2331 678 2416 (p.
704 2328 758 2404 66,
786 2329 840 2417 10)
872 2335 904 2396 et
935 2333 951 2396 δ
984 2329 1066 2398 373:
1098 2334 1308 2421 despexeritis
1332 2335 1346 2401 d
1371 2338 1481 2420 λόγος,

294 2444 348 2508 ίαν
377 2441 443 2506 καθ’
476 2439 552 2503 αὐτὸ
581 2437 623 2502 τί
648 2437 889 2517 ήμισπίχιον
912 2438 1177 2518 προάγωμεν,
1203 2448 1235 2508 ei
1258 2440 1331 2509 aliis
1354 2445 1483 2529 quibus·

294 2551 367 2616 dem
403 2547 488 2614 Iocis.
534 2543 710 2628 Aliqu0hes
737 2545 770 2608 iu
799 2545 915 2609 uostris
947 2543 1076 2612 scholiis
1099 2549 1145 2612 sic
1168 2553 1307 2614 erratum
1333 2548 1421 2626 vidi,
1446 2554 1482 2614 ut

293 2667 349 2722 aut
379 2651 436 2732 πρό
467 2651 655 2717 scriberetur
685 2649 742 2714 ubi
771 2651 843 2729 πρίς
867 2652 1039 2735 requiritur
1063 2657 1119 2718 sut
1143 2659 1267 2732 contra,
1293 2654 1482 2742 plerumque

292 2782 353 2827 nou
374 2768 440 2826 tam
462 2758 637 2823 scribarum
658 2758 736 2822 vitiu
749 2775 844 2840 quam
858 2757 1015 2822 ediiorum
1027 2805 1035 2833 ‚
1048 2779 1121 2822 cum
1135 2765 1242 2826 tamen
1254 2761 1481 2850 pervulgatum

293 2872 335 2934 sit
348 2868 466 2932 scribas
483 2867 528 2930 sic
542 2838 605 2948 (πή)
621 2872 653 2929 et
665 2862 721 2942 πρί
733 2870 765 2928 et
777 2851 847 2942 τρίς
861 2864 916 2928 uhi
929 2863 1043 2930 volunt
1055 2886 1182 2932 exarare
1194 2866 1293 2934 solere
1301 2888 1309 2947 ;
1322 2889 1481 2954 nusquam

291 2981 400 3041 autem
431 2971 577 3037 festivius
611 2968 709 3035 simul
741 2975 773 3034 et
796 2971 936 3054 apertius
960 2990 1057 3055 quum
1077 2996 1092 3052 ρ
1115 2971 1199 3051 190,
1222 2974 1281 3040 ubi
1303 2974 1342 3040 ud
1367 2977 1481 3042 verbu:

292 3079 465 3159 μέμβλωκε
489 3075 633 3154 μοίλιστα
659 3071 740 3153 ἦμαρ
764 3078 798 3140 in
821 3075 1190 3159 ΒΟτμεμίληκεμοίνσί
1210 3085 1263 3146 τοῦ
1286 3082 1480 3160 προσήκει

295 3189 346 3252 καί
376 3184 558 3266 μεσημβρία
591 3179 694 3246 λοιπήν
726 3182 822 3266 (quod
853 3185 1033 3267 sequiorum
1063 3192 1111 3250 est
1134 3207 1190 3270 pro
1214 3187 1282 3276 ήδη)
1307 3190 1407 3266 ἐστιν,
1430 3189 1481 3253 καί

293 3295 487 3374 παρελήλυθε
510 3289 545 3354 τὸ
570 3296 715 3354 πλείσταν
739 3297 793 3362 τήτ
818 3290 946 3367 ἡμέρας.
991 3289 1128 3376 Reliqua
1150 3281 1345 3379 rectissime,
1369 3315 1482 3362 verrem

204 3451 207 3460 .
293 3401 368 3488 quid
391 3398 443 3464 hic
468 3396 530 3462 sibi
554 3395 625 3461 uult
648 3397 810 3473 speciest,
831 3399 937 3460 sensui
956 3398 1038 3462 οὐδὲν
1059 3397 1226 3479 προσήκονί
1246 3398 1482 3469 Buttmannum

292 3527 415 3594 quoque
439 3505 633 3585 adverterat,
659 3502 736 3567 adeo
759 3513 796 3566 ut
820 3501 1070 3568 exclametivum
1090 3505 1134 3568 ric
1152 3508 1355 3594 appingeret5
1369 3529 1481 3574 verum

289 3618 455 3682 rest'tuere
487 3611 594 3674 nesci0
626 3608 784 3693 quomodo
808 3607 963 3696 neglexit.
1004 3609 1103 3676 Nullo
1125 3618 1232 3678 eutem
1255 3615 1386 3704 negotio
1409 3615 1482 3681 inde

292 3721 474 3789 eliciemus:
510 3713 682 3794 μέμβλωκε
708 3749 762 3764 --
794 3709 893 3793 ἦμαρε
924 3717 1099 3802 μεμίληκε,
1130 3719 1199 3784 cirri
1229 3723 1283 3786 τοῦ
1313 3724 1481 3802 προήκει

293 3862 346 3879 ..
360 3861 380 3877 .
410 3825 462 3889 καί
492 3823 685 3901 παρελήλνίε
718 3821 752 3886 τί
776 3829 922 3886 πλείσταν
945 3830 1001 3897 τῆς
1027 3823 1153 3905 ἡμέρας.
1200 3825 1340 3892 Verbum
1364 3829 1482 3914 ubique

291 3934 435 4002 Iocorum
467 3930 615 4008 obvium
649 3949 750 3993 unum
781 3929 1002 3994 testimonium
1034 3931 1230 4017 adscribam,
1252 3954 1316 4000 uon
1339 3935 1481 4001 elusdem

295 4043 467 4109 sententiae
502 4036 558 4100 sed
589 4041 697 4100 tumen
729 4034 932 4112 simillimae,
956 4056 994 4101 ex
1018 4035 1183 4104 Plutarchi
1205 4039 1309 4106 Alcib.
1333 4062 1361 4107 c.
1385 4041 1480 4107 XIII:

295 4143 528 4234 (Ἁλκιβιάδης)
559 4141 668 4220 τίγῶνα
699 4139 724 4206 δ’
758 4137 825 4221 είχε
855 4146 926 4224 πρὸς
953 4177 1005 4195 --
1031 4146 1143 4210 Νικίαν
1167 4151 1221 4211 τοῦ
1245 4147 1483 4228 surrepsisse--

185 4319 192 4328 ,
292 4255 345 4333 ήδη
370 4249 441 4317 καθ’
469 4248 591 4323 ήλικίαν
616 4251 785 4329 προήκοντα
804 4251 862 4322 ,καί
888 4250 1066 4330 στρατηγὸν
1088 4249 1209 4333 ἄριστον
1229 4250 1306 4320 εἶναι
1326 4255 1482 4322 δοκοῦντα.

336 4489 369 4549 ε,
394 4461 474 4532 247.
501 4457 577 4524 248.
604 4459 714 4528 Ulixes
737 4461 769 4528 iu
794 4463 1004 4530 construenda
1027 4471 1095 4530 rate
1119 4473 1290 4552 occupatus
