3278 5148
840 261 906 344 344

278 459 332 531 καί
374 459 500 541 σίσητε.
546 469 575 530 N
610 463 673 532 28:
712 466 877 542 σύνηθες
913 462 1183 546 γὰρ”Ομνίριρ
1218 459 1310 536 οὕτως
1346 457 1475 542 λέγειν,

280 575 445 650 ἦγνοίησοιν
471 573 514 636 τὰ
538 573 614 648 κνίση
640 573 692 638 καί
717 575 769 638 oris
793 573 961 652 ἠγνοίησεν.
1005 571 1052 636 Ex
1076 571 1127 638 his
1149 571 1375 655 similibusque
1397 573 1477 638 satis

279 686 426 764 apparet,
447 679 524 764 quid
541 681 720 746 Aristonico
739 677 899 767 significet
920 679 1049 754 συνήθως
1072 678 1181 758 ἑαυτῷ.
1206 674 1269 742 Sed
1288 676 1476 761 videnum,

280 785 357 869 quid
391 788 594 870 epitomatori
629 794 738 853 nostro
773 785 931 852 acciderit.
976 783 1119 850 Credidit
1152 784 1282 857 συνήθως
1314 785 1399 862 αὐτῷ
1423 785 1477 848 vei

280 891 386 956 simile
421 891 499 976 quid
533 890 637 957 valere
671 895 709 964 ὡς
743 892 774 954 ἐν
805 901 843 970 τῇ
876 892 1017 973 συνηθεθρι
1051 897 1083 955 et
1107 912 1162 974 per
1186 895 1284 960 κοινῶς
1308 893 1477 974 expressit.

280 996 371 1078 Quod
407 1019 480 1064 cum
512 1019 568 1083 per
598 1019 631 1064 se
655 1017 766 1083 parum
790 996 951 1082 probabile
975 1002 1040 1073 est,
1065 999 1129 1061 ism
1154 997 1327 1062 Aristonici
1351 1002 1477 1081 tempo-

279 1105 386 1187 ribus,
421 1104 455 1170 id
492 1111 539 1169 est
569 1104 672 1170 adbuc
701 1107 777 1170 rivo
807 1105 976 1191 Augusto,
1009 1123 1103 1170 usum
1136 1103 1345 1168 substantivis
1368 1105 1477 1168 neutri

280 1209 414 1296 plur-ulis
437 1209 575 1296 pluralia
599 1212 695 1275 verbe
718 1211 751 1272 νἰυ
774 1210 923 1274 sciendo
951 1209 1086 1275 addendi
1108 1208 1301 1282 invaluisse,
1327 1214 1398 1274 tum
1423 1228 1478 1274 ar-

279 1319 393 1405 guitur
428 1314 637 1382 disertissimo
672 1319 774 1401 ipsius
808 1316 979 1382 Aristonici
1020 1319 1203 1382 testimonio
1235 1315 1275 1380 sd
1307 1325 1329 1378 B
1363 1313 1424 1380 36:
1457 1318 1477 1390 ἡ

282 1423 376 1498 δισλῆ
401 1423 473 1502 πρὸς
497 1423 531 1485 τὸ
555 1429 671 1502 σχῆμα
692 1418 737 1486 ὅτι
758 1421 944 1500 ,,ἔμελλον”·
965 1424 1083 1498 ἡμεῖς
1107 1423 1145 1486 δὲ
1170 1423 1339 1500 ἐροῦμεν
1361 1422 1477 1496 ἔμολ-

280 1545 348 1594 λεν
372 1529 520 1600 ἑνικῶς.
558 1528 721 1594 Hactenus
752 1528 791 1594 de
822 1532 926 1613 priore
957 1539 1055 1613 perte.
1094 1526 1160 1594 Gur
1190 1527 1325 1594 alteram
1349 1548 1476 1613 qnoque

281 1656 320 1702 ox
344 1637 523 1702 Aristonico
547 1634 676 1700 fluxism
699 1637 900 1718 existimem,
925 1641 1033 1720 postca
1057 1635 1186 1700 uberius
1209 1635 1390 1719 disputabo.

328 1870 364 1923 η,
403 1842 478 1910 153.
511 1844 621 1911 Ulixes
652 1846 708 1910 ubi
740 1847 774 1909 in
804 1841 983 1912 Phaeacum
1007 1847 1129 1933 regiam
1153 1848 1333 1932 penetravit
1355 1844 1473 1910 Areten

285 1957 432 2034 precatus
1009 1961 1011 1966 “
1229 2029 1238 2048 .

423 2054 461 2130 ὣς
484 2060 575 2122 εἰσίοι
599 2061 671 2123 κατ’
695 2055 744 2135 ἄρ’
768 2055 848 2138 ἕζετ’
873 2059 921 2122 ἔνι’
947 2056 1067 2138 ἐσχάρη
1090 2061 1120 2123 ἐν
1143 2058 1272 2142 κονίρτιν

419 2166 483 2244 rep
505 2166 576 2244 τνρί
587 2188 593 2200 ·
619 2167 644 2230 οἱ
669 2164 695 2229 δ’
720 2164 780 2246 ἄρα
805 2163 921 2237 πάντες
945 2167 1023 2239 οὶκην
1048 2165 1184 2242 ἐγένοντο
1208 2175 1317 2247 σιωπῇ.

283 2270 345 2336 His
379 2271 523 2337 versibus
558 2275 626 2338 sino
655 2271 809 2338 lemmste
838 2271 916 2336 hesc
947 2276 1022 2336 sunt
1050 2271 1208 2356 adscripta
1239 2273 1273 2336 in
1305 2269 1347 2336 Τπ
1376 2273 1418 2336 τὸ
1443 2272 1473 2336 δὲ

285 2378 370 2456 ,παρ
394 2375 484 2458 σνρί”
507 2379 540 2442 οὐ
565 2377 654 2454 μόνον
677 2379 728 2441 τὸν
752 2379 844 2454 ιθγον
870 2376 1018 2458 ἐντέχνως
1044 2379 1208 2456 ὡμίλησεν.
1243 2381 1331 2443 ἀλλὰ
1352 2379 1405 2444 καί
1423 2379 1474 2444 δια

281 2487 336 2548 τοῦ
357 2485 524 2564 σχήματος
548 2493 603 2558 τῆς
625 2483 772 2564 καθέδρας
795 2479 894 2549 οἶκτον
918 2484 1065 2558 ἐκίνησεν.
1088 2481 1160 2562 ἅμα
1178 2485 1208 2549 δὲ
1229 2486 1281 2548 καί
1304 2488 1360 2559 την
1380 2483 1474 2553 trer-

283 2615 342 2656 σαν
366 2589 438 2672 ᾤετο
459 2592 660 2669 προσηγορίας
682 2592 781 2672 dcxiv
804 2591 856 2655 καί
876 2593 987 2671 Φιλίας
1010 2591 1157 2666 ὑποθήκην
1176 2591 1260 2673 αὐτῷ
1278 2593 1472 2669 γενησεσθαι.

283 2697 355 2777 πρὸς
394 2695 424 2761 δὲ
461 2695 530 2768 τοὺς
566 2694 731 2775 ζητοῦντος
764 2703 826 2769 σῶς
860 2707 954 2777 φησιν
982 2699 1020 2768 ὡς
1050 2704 1199 2776 χειμῶνος
1232 2696 1314 2772 ὄντος
1347 2701 1475 2777 ’Λριίτην

283 2803 482 2868 ἀλεαίνεσθαι
518 2803 604 2881 ταρὰ
639 2805 681 2880 τῷ
714 2805 794 2882 πυρί.
828 2804 969 2882 εὔκρατος
1003 2805 1067 2882 γὰρ
1098 2803 1112 2866 θ
1144 2804 1200 2884 θὴρ
1231 2805 1283 2868 καί
1315 2805 1341 2868 σι’
1365 2805 1474 2884 καρποί

284 2909 457 2988 διαμένουσι
494 2906 547 2973 καί
579 2914 748 2985 γειτνιῶσιν
782 2909 914 2990 Ἠλυσίῳ
943 2910 1035 2992 πεδίῳ
1066 2909 1123 2988 μὲν
1153 2907 1233 2987 ίντι,
1257 2905 1322 2975 ὅθεν
1347 2913 1398 2976 καί
1424 2910 1475 2975 τὸν

287 3013 500 3092 Ῥαδάμανθυν
525 3013 749 3098 διεκόσμησαν,
779 3016 813 3079 τί
838 3017 868 3080 δὲ
893 3015 941 3080 cisi
967 3016 1181 3094 καθιερωμένον
1202 3025 1241 3100 τῇ
1266 3019 1378 3102 Ἑστίᾳ
1403 3023 1474 3099 τῦρ.

284 3121 335 3186 Nc
359 3121 518 3206 prioribus
541 3123 644 3186 omnis
668 3141 777 3186 sensus
801 3122 902 3206 desit,
923 3121 1141 3188 scribendum:
1163 3125 1212 3203 τῷ
1237 3123 1268 3188 δὲ
1286 3125 1371 3204 ,τὰρ
1391 3125 1476 3204 τνρί”

285 3243 369 3306 κτλ,
404 3227 487 3313 quod
521 3230 583 3292 nisi
619 3227 754 3293 fecimus
790 3231 1009 3294 nanciscemur
1043 3227 1251 3296 bellissimum
1284 3233 1474 3296 sententiam

285 3335 382 3401 bunc:
406 3335 449 3400 τὸ
475 3335 559 3413 ,παρ
587 3333 675 3414 τνρί”
700 3370 719 3384 -
734 3372 753 3384 ·
777 3337 827 3402 διὰ
852 3340 906 3401 τοῦ
930 3336 1098 3420 σχήματος
1126 3343 1181 3410 τῆς
1207 3336 1354 3418 καθέδρας
1379 3335 1475 3404 οἶκτον

285 3440 429 3516 ἐκίνησενί
443 3441 647 3526 Sequioribus
660 3443 779 3520 ὄμιλεῑν
793 3443 897 3510 valere
909 3442 1023 3521 λέγειν,
1036 3443 1245 3521 διαλέγεσθαι,
1258 3465 1319 3510 nou
1332 3445 1475 3530 estquod

286 3569 452 3625 moneam,
477 3550 621 3632 inestque
647 3549 715 3613 sine
739 3549 835 3615 dubio
855 3553 970 3615 nostris
983 3549 1143 3614 adnotatio
1156 3550 1329 3634 rhetorice,
1351 3551 1475 3636 qualem

286 3678 316 3719 r.
340 3677 366 3719 c.
394 3655 550 3720 habemus
573 3654 668 3740 paulo
692 3662 764 3721 ente
789 3657 827 3720 ed
852 3677 900 3720 vs.
927 3656 1005 3720 115:
1028 3655 1179 3732 θιιθσμησε
1201 3659 1255 3731 τὴν
1275 3658 1477 3736 ἐπαγγελίαν

285 3761 338 3824 καί
363 3765 380 3836 ἡ
405 3761 667 3840 θμοιοκαταληξία
694 3759 1062 3848 revirescentium.
1087 3763 1171 3829 Num
1197 3763 1382 3842 ἐπαγγελία
1403 3785 1476 3850 quo

286 3887 364 3952 que,
390 3875 427 3934 ut
451 3871 609 3949 ἑρμηνεία,
635 3872 718 3955 opud
741 3869 969 3958 grammaticos
1000 3871 1038 3935 de
1063 3871 1208 3950 dictione,
1235 3872 1273 3940 de
1296 3874 1476 3956 οίοοοοθοιιε,

285 3959 475 4061 usurpatos
489 3971 524 4061 ¹).
560 3974 618 4042 Vel
648 3979 693 4042 sic
718 3983 841 4062 temen,
867 3981 893 4044 si
917 3982 985 4044 sine
1006 3979 1074 4044 ulia
1097 3979 1337 4064 reprehensione
1361 3981 1477 4048 dicitur

288 4141 461 4154 *utu—*aau—

321 4249 349 4314 2)
368 4251 487 4316 Quoniam
506 4252 543 4300 rel
561 4251 586 4301 iu
603 4251 723 4302 Thesauro
740 4251 900 4318 Stephaninno
918 4251 989 4304 huius
1005 4251 1185 4318 significationis
1203 4253 1310 4320 exemplu
1327 4254 1423 4315 duent,
1438 4254 1477 4306 bic

286 4343 351 4393 aliud
368 4350 490 4410 praeterea
503 4363 531 4396 ex
546 4347 647 4396 Scholiis
662 4347 749 4396 uostris
767 4347 913 4398 luculentum
928 4347 1067 4398 adscribam,
1085 4363 1098 4394 ε
1115 4346 1174 4398 aot:
1195 4343 1237 4408 θρα
1255 4342 1285 4404 δὴ
1304 4351 1356 4404 τινος
1374 4343 1477 4410 ἑαυτῷ

286 4431 531 4496 ὀνταγυνίζιται
560 4431 588 4484 ἐν
607 4440 647 4500 τῇ
666 4436 859 4502 ’τταγγτλθρι
878 4437 891 4484 θ
910 4437 1012 4497 ποιητής
1031 4438 1058 4500 (i.
1077 4455 1097 4488 e.
1119 4441 1144 4488 ut
1160 4455 1185 4488 se
1202 4439 1252 4501 ipss
1269 4439 1336 4501 qussi
1355 4439 1437 4490 iubae
1452 4455 1477 4488 rr
