3278 5148
703 341 768 408 337

185 535 223 619 ζ,
246 531 324 598 228.
373 533 408 598 10
441 533 606 600 Nicanoris
639 540 714 600 nota
746 534 919 622 legendum
950 531 1062 608 ἄδηλον
1094 539 1153 600 ποῦ
1177 536 1258 600 ἐστιν
1283 533 1328 622 (ἡ)

139 639 365 716 όντιιπόδοσις,
396 640 567 726 eodemque
596 642 737 708 remedio
762 645 794 706 in
818 641 919 706 simili
943 641 1068 707 defectu
1092 643 1218 728 saepius
1240 647 1329 708 uten-

139 747 227 814 dum.
265 746 436 812 Addendus
459 746 562 834 igitur
586 747 741 812 articulus
762 750 872 814 statim
893 750 926 812 in
944 750 1059 812 vicinia
1079 746 1112 831 (ζ
1121 746 1220 834 26511
1242 748 1328 826 λέγει

140 853 171 920 δὲ
203 849 247 918 ότι
274 889 293 902 -
309 888 328 901 -
359 857 449 928 στενή
476 854 557 917 ἐστιν
582 855 627 938 (i)
651 852 781 930 εἴσοδος,
804 853 966 919 addendus
987 879 1003 928 η
1028 853 1095 918 244
1118 856 1170 938 (ax
1194 853 1252 941 T):
1276 854 1328 918 aci

139 961 173 1024 τό
205 968 384 1025 τελευταῖον
419 961 519 1044 (την)
555 957 688 1024 ἱκετεόοιν
718 976 788 1025 κτλ.
819 962 858 1026 ad
889 981 984 1050 quem
1010 960 1116 1026 100001
1140 965 1213 1046 post
1233 959 1329 1045 paulo

139 1067 290 1134 redeundi
324 1069 385 1132 orit
408 1065 562 1143 facultas,
586 1067 747 1132 addendus
771 1070 784 1130 ό
812 1067 871 1136 17:
895 1073 1046 1132 κινοῦνται
1069 1066 1132 1147 γὰρ
1157 1067 1215 1152 (ον’)
1239 1065 1327 1147 όχλοι

140 1174 209 1254 πρὸς
236 1175 295 1244 aar
319 1172 405 1252 όψειο
431 1172 499 1257 (Η),
527 1181 559 1238 et
582 1175 626 1240 sic
651 1175 665 1238 ό
693 1173 773 1252 124,
799 1177 833 1239 in
857 1173 976 1242 scholio
1000 1175 1212 1240 infantissimo
1231 1175 1329 1260 possi·

139 1302 254 1366 meque
278 1287 429 1365 concepto
454 1280 503 1344 bis
526 1281 706 1366 addendus,
731 1285 758 1347 si
782 1284 864 1347 tanti
889 1289 954 1358 cst,
979 1279 1132 1346 articulus
1151 1279 1327 1346 auctorali

138 1387 256 1474 (Praef.
290 1408 320 1471 p.
353 1387 423 1470 01).
470 1387 637 1452 Praeterea
660 1388 813 1454 articulus
836 1387 924 1454 deest
947 1413 955 1449 ι
977 1385 1061 1452 229:
1082 1387 1215 1464 ἄλογον,
1237 1387 1328 1472 (τόν)

138 1493 267 1558 εἰπόντοι
291 1494 480 1572 λογιόοιοόοιι
502 1495 553 1558 τόν
577 1491 764 1574 ἀφιξόμενον
788 1491 892 1575 ἄγριον
915 1489 990 1558 sicar
1011 1498 1142 1558 τοιοῦτοι
1162 1492 1329 1572 προσδοκᾶν

138 1598 212 1680 παρ’
239 1602 343 1665 αὑτοῦ.
371 1599 507 1686 (HQ),
529 1637 570 1647 -
591 1599 770 1666 10011297
792 1601 831 1666 ad
851 1599 979 1680 ἄκρητον
997 1598 1107 1679 reita:
1124 1600 1328 1680 όποιροιμινὲς

137 1705 210 1786 ἕχον
242 1705 293 1770 acti
327 1707 397 1791 (τὸ)
430 1705 549 1787 ὀρρῶδες
581 1705 633 1770 aci
665 1707 699 1770 τό
724 1705 850 1784 πυρῶδες
876 1707 926 1769 aci
953 1709 987 1771 τὸ
1012 1706 1163 1777 ἐλαιῶδες.
1189 1705 1260 1792 (Η).
1286 1743 1328 1756 ·-

137 1813 185 1878 De
214 1812 335 1877 scholio
364 1835 373 1875 ι
398 1811 464 1877 300
494 1815 559 1876 iam
592 1812 659 1878 dixi
689 1834 717 1897 p.
747 1811 820 1877 187.
854 1851 895 1861 —
928 1811 947 1886 ξ
972 1809 1047 1876 533.
1080 1814 1134 1876 rio
1159 1810 1190 1876 δὲ
1214 1812 1330 1893 πότριιν

138 1923 193 1984 τοῦ
225 1917 320 1997 βορρᾶ
354 1920 491 1996 ὑπιυγην
511 1914 593 1984 ,εἷπε
625 1919 756 1994 πιιρόοον
783 1955 836 1970 --
869 1921 981 1984 αὐτόσε
1005 1917 1140 1996 olyram
1165 1921 1260 1984 αὑτοῦ
1284 1922 1329 2004 (οἱ)

138 2025 203 2100 ἰωή.
232 2025 284 2110 (B)
303 2023 433 2090 ‘Eadem
466 2027 637 2110 ipsissimis
668 2026 772 2091 verbis
804 2026 900 2092 habet
934 2023 986 2100 Η,
1023 2024 1077 2091 sed
1109 2023 1243 2091 articulo
1266 2045 1329 2090 uon

136 2134 264 2198 omisso.
310 2131 416 2198 Codex
449 2131 476 2196 B
500 2137 606 2196 autem
632 2129 724 2218 plane
748 2131 836 2198 aliud
849 2133 926 2218 quid
938 2131 1054 2198 habere
1066 2131 1209 2210 videtur,
1235 2133 1330 2198 αὐτοῦ

136 2242 246 2318 κιών,
267 2238 350 2326 quod
371 2236 551 2305 Dindorfius
577 2242 734 2315 „correxit
757 2261 796 2304 ex
817 2239 936 2306 scholio
957 2235 1191 2324 prascsdeuts.'’
1215 2239 1259 2304 At
1270 2239 1329 2304 hcc

135 2352 243 2436 ipsum
277 2349 395 2412 vitium
427 2345 546 2411 indicio
578 2353 626 2411 est
662 2348 758 2410 etiam
790 2348 823 2410 in
848 2345 875 2410 B
899 2367 960 2412 non
985 2345 1137 2421 demisse,
1163 2347 1218 2430 qui
1241 2345 1329 2411 salva

138 2455 319 2522 Graecitats
352 2453 459 2519 abesse
491 2453 644 2536 nequibat
674 2452 836 2518 articulus.
888 2452 1011 2538 Nempe
1040 2451 1107 2516 κιών
1138 2452 1199 2518 1100
1221 2453 1329 2538 ipsum

137 2563 171 2626 in
197 2580 229 2626 ss
253 2560 394 2624 continet
418 2559 500 2644 quod
524 2561 734 2643 requirimus,
760 2559 883 2642 ιὶῐιιη,
904 2558 1015 2624 eadem
1033 2557 1126 2623 litera
1150 2582 1166 2630 η
1187 2558 1330 2644 primum

135 2671 171 2734 in
196 2692 232 2742 ιο,
257 2685 332 2730 mox
355 2667 388 2730 in
413 2687 427 2728 ν
451 2667 631 2750 depravata.
647 2703 687 2714 -
701 2689 721 2730 τ
736 2663 810 2730 192.
834 2667 858 2748 (ο
868 2665 894 2750 1)
914 2664 1092 2742 ψευδόμενον
1112 2663 1192 2728 ε’πδν
1212 2664 1330 2743 λέγοντί

135 2799 166 2838 τι
190 2776 235 2850 μη
260 2771 370 2838 εὶδένοιι
395 2773 512 2846 ἀληθῶς
540 2777 611 2854 lan:
636 2769 851 2856 οὶκριβῶοό)
878 2773 1068 2852 πιθανώτεροι
1087 2771 1222 2838 δοκοῦσιν
1239 2766 1327 2837 εἶναι.

134 2880 193 2964 (Vi
229 2917 270 2928 -
304 2877 443 2944 'I'andem
477 2904 498 2940 ιι
531 2878 612 2951 319,
647 2881 702 2944 ubi
734 2880 772 2946 de
802 2878 898 2946 Ulixe
925 2881 1007 2964 patri
1032 2880 1165 2946 iamiam
1189 2879 1260 2963 quis
1286 2881 1328 2944 sit

133 2987 333 3054 declaratura
365 2985 497 3051 dicitur:
536 2986 599 3052 οὶνόο
632 2987 713 3066 ρ’ῖνοις
740 2986 771 3050 δέ
795 2988 819 3052 oi
844 2985 899 3060 ἤδη
924 2984 1011 3064 δριμὺ
1037 2983 1126 3062 μόνος
1150 2984 1327 3069 προῦτυψε,

133 3093 293 3177 adscripta
328 3092 446 3157 habent
488 3091 633 3182 Vulgata
668 3093 748 3158 hanc
783 3092 1042 3178 explicationem:
1084 3092 1148 3168 siros
1179 3085 1225 3155 ότι
1258 3092 1327 3178 (τὸ)

134 3205 276 3280 πρᾶγμα
300 3199 471 3276 ἐτόλμησεν
494 3199 643 3278 ἐξειπεῖν,
671 3201 686 3268 i
709 3196 754 3264 ότι
776 3199 890 3276 ἔμελλε
913 3197 1063 3281 δοικρόειν,
1077 3197 1325 3278 προοπεμπόπτει

134 3316 206 3380 τοῖς
232 3306 289 3387 ῥισὶ
314 3305 458 3385 δριμύτης
483 3330 539 3374 τις.

182 3515 215 3596 ζ,
242 3516 319 3582 256.
367 3516 456 3598 Quod
487 3539 557 3584 raro
589 3518 669 3584 facio
702 3521 737 3584 in
768 3516 887 3584 scholio
915 3517 955 3584 ad
983 3517 1068 3582 hunc
1091 3537 1220 3583 versum
1245 3515 1327 3580 mihi

135 3624 316 3690 laciendum
341 3631 405 3699 est,
432 3630 468 3688 ut
493 3624 643 3712 vulgatae
666 3623 810 3690 lectionis
830 3625 999 3690 sanitatem
1022 3629 1130 3689 contm
1142 3623 1325 3688 criticorum

136 3734 349 3795 mutationem
374 3729 524 3796 tuendam
549 3733 582 3796 iu
607 3753 659 3797 ms
681 3733 882 3816 susciperem.
907 3729 1043 3818 Legitur
1063 3731 1102 3796 ad
1121 3729 1235 3810 ποτρός
1249 3730 1324 3806 ἐμοῦ

135 3837 208 3912 πρὸς
244 3836 332 3910 δῶμα
368 3838 401 3900 10
435 3835 496 3915 HQ
529 3836 607 3902 haec
639 3838 810 3902 Aristonici
841 3842 933 3901 nota:
967 3831 1013 3899 ότι
1039 3837 1068 3900 ε’ν
1092 3841 1170 3901 ποῖοι
1194 3835 1324 3914 Φέρεται

147 3943 264 4024 „iaci”
289 3941 364 4005 ἀλλ’
390 3945 442 4007 οὐκ
469 3941 603 4020 ,,ε’μεῦ.”
629 3941 708 4020 ὅμως
734 3944 785 4006 ἕπό
808 3965 893 4006 τινοιν
918 3942 1077 4017 Ζηνόδοτος
1099 3941 1148 4006 ἐπὶ
1168 3942 1203 4006 τδ
1223 3951 1327 4025 χεῖρον

134 4051 330 4124 μετατίθησι.
378 4049 461 4113 Mihi
491 4047 569 4114 haec
592 4050 688 4116 verba
710 4070 786 4114 sana
810 4057 903 4133 atqua
926 4051 1052 4136 integra
1077 4049 1325 4128 videntur,'nsc

135 4158 310 4242 quidquam
329 4157 430 4222 habeo
450 4157 534 4242 quod
554 4159 587 4220 in
600 4160 640 4221 iis
652 4155 887 4241 reprehendam.
916 4155 962 4219 Aa
977 4155 1132 4222 Mauricio
1144 4156 1324 4223 Schmidtio

135 4285 165 4327 v.
191 4263 232 4326 al.
256 4263 308 4326 ἒπό
332 4286 418 4326 τινυν
442 4249 606 4328 offensioni
631 4263 709 4338 fuit,
731 4281 788 4347 pro
807 4281 868 4346 quo
888 4263 1036 4336 ἐπιτιμῶν
1053 4264 1231 4348 reponebat.
1253 4263 1325 4330 Non

135 4389 431 4436 commemorassem
457 4371 519 4435 viri
537 4365 765 4434 immortaliter
782 4367 820 4432 de
840 4370 1061 4454 grammaticis
1074 4367 1204 4435 Graecis
1216 4371 1326 4436 meriti

135 4479 351 4542 coniecturam
387 4476 489 4542 obiter
518 4475 711 4562 propositam
742 4481 774 4540 et
806 4473 935 4539 fortasse
965 4475 1028 4540 iam
1054 4475 1173 4541 dudum
1199 4477 1329 4564 abipso

1148 4596 1181 4645 33
