3278 5148
591 402 594 408 ,
751 321 817 390 305

187 513 298 580 eodem
322 513 474 580 Lehrsius
497 517 529 578 et
553 519 659 580 nostro
681 514 749 578 loco
773 513 995 580 commendare
1020 513 1163 596 videtur,
1188 519 1220 579 et
1240 516 1377 582 correxit
1465 579 1468 585 .

185 621 225 686 ed
257 620 277 702 ζ
306 620 373 688 244
404 625 448 706 (p.
483 617 559 698 314,
592 619 636 686 24
660 619 768 705 Dind.)
794 623 827 686 in
850 620 916 684 his:
944 619 1010 684 ε’πε)
1035 621 1087 683 καὶ
1112 619 1259 698 Ἀλκμάν
1282 626 1376 690 αὑτὸν

185 727 327 812 (νοσοῦντι
351 725 431 814 244)
454 725 619 806 μετέβαλε
644 725 805 804 παρθένους
829 724 984 804 λεγούσας
1005 725 1139 805 εἰσάγειν
1161 733 1239 812 ,Ζεῦ
1261 729 1373 808 πάτερ,

184 833 217 900 αἲ
253 835 316 914 γάρ
348 833 420 912 ἐμὸς
446 831 534 905 τάσις
560 833 639 908 εἴη,”
664 833 809 900 Correxit
834 834 883 898 vir
905 855 1053 898 summus
1075 834 1239 912 μετέλαβε
1265 837 1376 922 (Arist.

184 964 212 1027 p.
241 940 306 1006 340
330 963 391 1007 see.
417 941 495 1016 ed),
521 941 631 1008 eodem
655 941 796 1007 remedio
816 961 892 1006 usus
913 943 946 1005 in
966 939 1146 1006 Herodiano
1167 966 1202 1006 π.
1223 965 1291 1018 μιν.
1309 941 1373 1020 λὲξ.

183 1071 213 1135 p.
240 1047 302 1126 26,
331 1047 369 1114 11
399 1053 443 1133 (p.
471 1045 535 1114 125
561 1047 683 1132 Lehrs).
731 1047 797 1113 Nee
820 1045 904 1112 illud
923 1068 997 1111 enm
1016 1047 1120 1134 fugit,
1142 1050 1375 1114 recentissimos

183 1155 312 1241 quidem
339 1176 508 1240 usurpasse
531 1153 753 1232 μεταβάλλειν
777 1161 809 1218 et
832 1154 1000 1232 μεταβολή
1020 1175 1076 1240 pro
1096 1153 1310 1236 μεταφράζειν
1322 1154 1375 1221 vel

182 1261 399 1343 παραφράζειν
423 1267 455 1326 et
479 1260 700 1340 παράφρασις,
726 1271 763 1325 ut
786 1259 943 1325 Eusebius
968 1261 1042 1326 feeit
1066 1267 1098 1326 et
1115 1260 1320 1336 Eustothius‚
1342 1265 1375 1326 et

181 1371 251 1434 iure
272 1389 329 1434 suo
351 1368 494 1434 addidit:
523 1368 598 1445 „sed
622 1366 698 1444 hoo,
722 1369 757 1432 ni
781 1366 884 1450 fallor,
908 1369 1066 1432 recentius
1089 1373 1138 1432 est
1161 1388 1257 1453 quern
1277 1367 1376 1434 Hero·

181 1475 295 1540 dianus
318 1473 370 1540 rel
394 1473 452 1540 illa
475 1471 624 1540 sohoiie.”
660 1471 751 1553 Quod
776 1475 803 1537 si
823 1472 862 1538 de
882 1473 1065 1538 Herodiano
1085 1473 1190 1550 valet,
1213 1495 1249 1540 eo
1269 1475 1374 1561 megia

182 1581 222 1646 de
252 1582 432 1647 Aristonico
463 1579 569 1646 valere
600 1589 844 1646 consentaneum
875 1585 940 1656 est,
972 1579 1097 1646 saeculo
1127 1581 1267 1666 amplius
1291 1581 1375 1646 huno

180 1693 359 1773 superante.
396 1687 445 1754 Ad
467 1685 735 1775 significationem
756 1685 845 1752 verbi
866 1685 1130 1763 μεταλαμβάνειν
1144 1687 1224 1771 quod
1240 1687 1370 1761 attinet,

181 1795 215 1858 in
246 1793 304 1858 illo
336 1793 375 1860 de
405 1793 558 1860 Alemone
587 1793 657 1858 looo
682 1813 754 1858 eum
778 1791 910 1858 Lehrsio
934 1792 1024 1858 reddi
1047 1799 1150 1878 potest
1173 1815 1229 1879 per
1255 1799 1374 1877 „truna-

180 1900 259 1964 tnlit
290 1901 329 1966 ad
360 1921 436 1985 sua,
467 1906 634 1966 mutuatus
667 1897 751 1974 est;”
775 1898 832 1964 ubi
856 1899 894 1964 de
918 1898 1015 1986 Ibyoo
1040 1905 1212 1985 usurpetur
1235 1903 1267 1964 in
1293 1901 1373 1966 libro

180 2030 213 2070 π.
247 2029 315 2082 μιν.
348 2007 414 2084 λέξ.
439 2026 475 2072 eo
499 2007 568 2072 loeo
593 2025 656 2090 qno
680 2004 822 2070 diximus
846 2007 883 2089 (s.
911 2025 941 2070 ν.
966 2007 1096 2089 Φάρος);
1123 2041 1176 2056 --
1203 1997 1241 2084 „ri
1266 2005 1371 2072 δ’άνεω

180 2112 232 2187 δῆν
255 2108 347 2196 ἧστο,
371 2111 472 2192 τάφος
497 2112 529 2177 δέ
553 2115 578 2178 οἱ
604 2107 672 2192 ἦτορ
697 2109 813 2176 inanes
840 2113 878 2198 (ψ
905 2111 961 2198 93)
982 2149 1002 2162 -
1016 2149 1036 2162 -
1050 2147 1069 2162 -
1090 2111 1103 2175 ὃ
1124 2111 1226 2186 μέντοι
1244 2113 1371 2188 Ἴβυκος

179 2218 329 2284 διέστειλε
369 2219 403 2284 τὸ
438 2218 526 2298 γένος
559 2219 588 2282 ἐν
619 2220 661 2297 τῷ
691 2216 815 2297 πράσῳ,
848 2217 960 2300 σχεδὸν
991 2220 1042 2284 τὸν
1074 2219 1239 2294 Ὁμηρικὸν
1273 2244 1372 2297 μετα·

178 2326 305 2404 λαβών·
338 2326 416 2404 <Duri
449 2324 511 2404 γάρ
546 2323 653 2404 ,δαρὸν
685 2321 790 2404 χράνον
815 2321 886 2400 ἧστο
913 2323 1010 2404 τάφει
1036 2324 1183 2403 πεπηγώς
1195 2325 1221 2410 ‚”
1252 2363 1292 2374 -
1325 2325 1372 2392 ibi

178 2435 280 2520 igitur
311 2435 476 2518 perspicue
508 2431 726 2512 παραφράζειν
758 2429 854 2495 volet.
902 2429 1023 2497 Eodem
1051 2429 1242 2519 significatio
1266 2438 1372 2500 nostro

178 2541 276 2605 etiam
313 2537 382 2604 loco
414 2540 554 2622 obtinet,
586 2538 696 2604 eedem
729 2557 853 2622 quoque
883 2537 980 2623 poulo
1010 2537 1092 2602 intre
1115 2537 1136 2620 ζ
1157 2537 1239 2606 327:
1269 2541 1369 2605 --τὸ

179 2645 242 2724 γάρ
275 2646 323 2718 tte
358 2646 387 2710 ἐν
421 2653 491 2716 ταῖς
523 2647 635 2725 εὐχαῖς
670 2652 783 2710 κεῖται·
808 2643 878 2721 „tu
903 2646 946 2720 μ)
974 2641 1134 2716 Ὀδυσσῆα
1160 2647 1369 2727 πτολιπόρθιον
1461 2722 1465 2730 ,

176 2751 274 2816 οἴκαδ’
305 2747 442 2818 intueat·
474 2753 496 2836 (ι
521 2749 613 2835 530)
645 2753 696 2817 κου)
721 2752 916 2829 μεταλαβὼν
940 2752 981 2822 εἷς
1007 2751 1041 2816 τὸ
1067 2751 1194 2834 ὀπάζειν
1219 2751 1368 2834 »Νέστορι

178 2860 235 2934 μὲν
260 2860 417 2937 πρώτιστα
443 2859 496 2922 καὶ
521 2859 606 2924 υἱάσι
627 2857 711 2928 κῦδος
732 2855 845 2938 ὄπαζε·
869 2892 887 2906 -
902 2895 924 2906 -
947 2857 996 2927 tte
1017 2854 1089 2922 δ’ἔτι
1111 2859 1304 2940 Τηλέμαχον
1317 2859 1370 2924 καὶ

161 2967 233 3044 ,ἐμὲ
267 2965 427 3044 πράξαντα
457 2963 607 3030 νέεσθαι.”
640 2965 676 3050 (γ
702 2962 744 3031 57
769 2971 867 3048 seqq.)
893 2960 937 3050 ¹),
963 2963 1019 3030 nbi
1041 2967 1074 3030 in
1100 2965 1206 3030 oodioe
1230 2966 1283 3052 (Τ)
1315 2991 1369 3041 με·

177 3071 330 3148 τιιλιιβών
357 3074 499 3138 totidem
524 3071 627 3138 literis
650 3073 804 3156 seriptum
830 3073 1002 3156 reperitur,
1028 3075 1221 3157 quominus
1245 3073 1369 3139 dubite-

176 3199 250 3243 mus
280 3179 367 3244 idem
401 3181 533 3244 coeteris
563 3198 688 3264 quoque
721 3177 816 3252 locis,
850 3177 888 3243 de
913 3179 1030 3262 quibus
1053 3200 1137 3244 nuno
1160 3200 1263 3246 sermo
1288 3181 1368 3258 fuit,

175 3289 260 3349 recte
291 3306 358 3350 esse
390 3286 574 3370 repositum.
626 3282 709 3352 oum
736 3284 936 3369 sequioribus
965 3305 1001 3350 eo
1032 3306 1126 3350 sensu
1150 3285 1370 3363 μεταβάλλειν

176 3399 209 3482 et
228 3391 394 3468 μεταβολή
418 3391 592 3478 placuerit,
618 3391 691 3456 hino
715 3389 797 3456 illud
822 3412 888 3456 sese
911 3393 945 3455 in
970 3393 1186 3478 antiquiorum
1211 3414 1370 3480 gramma·

176 3501 313 3564 tinorum
344 3500 462 3583 scripta
493 3500 670 3564 insinuasse
701 3499 736 3562 in
768 3501 834 3562 tam
868 3496 1002 3564 sollenni
1033 3498 1214 3565 contusione
1239 3505 1370 3566 nonest

177 3603 261 3690 quod
285 3606 451 3669 miremur.
476 3603 554 3690 (Gn.
580 3604 678 3670 etiam
702 3603 813 3670 hohro.
837 3603 938 3670 Arist.
963 3625 994 3689 p.
1023 3605 1074 3690 19,
1098 3605 1168 3693 20.)

222 3821 259 3902 ζ,
288 3817 363 3888 104.
388 3818 593 3896 Ἐρύμανάον;
614 3815 676 3896 ὅρος
702 3817 869 3895 Ἀρκαδίας
895 3818 946 3881 καὶ
974 3818 1134 3902 ποταμός,
1159 3819 1228 3886 ἔνθα
1247 3823 1260 3887 i
1282 3823 1368 3906 Ἐρυ-

178 3927 302 4006 μάνάιος
326 3927 451 4006 κάπρος.
487 3926 517 3990 ἐν
541 3923 658 3997 τούτοις
684 3923 714 3988 δὲ
739 3922 814 3988 λέων
834 3924 866 3988 οὐ
887 3925 1025 4004 γίνεται,
1047 3926 1134 3992 άλλά
1165 3931 1273 3995 πολλοὶ
1298 3931 1368 4003 σύες

212 4243 238 4305 1)
257 4243 324 4307 ane
342 4245 395 4308 post
413 4239 503 4290 νάεσάοιι
521 4243 667 4305 sequuntur,
686 4239 722 4288 ito
737 4243 793 4288 aunt
811 4239 949 4302 digerenda:
969 4235 1054 4302 (καὶ)
1082 4239 1167 4290 »ἀλλὰ
1185 4237 1274 4291 iiraee'
1292 4244 1367 4304 insta,

177 4327 254 4380 δι’διεάι
284 4327 312 4380 δι’
334 4347 375 4392 μοι
401 4329 470 4390 κλέος
495 4323 606 4380 totun'*
627 4329 659 4392 (γ
679 4323 753 4392 380).
775 4323 844 4393 [ent
863 4323 908 4377 τοῦ
926 4327 1053 4391 Φιλιράῆνιιι
1073 4330 1115 4380 κει)
1132 4329 1275 4398 βληθῆναι]
1301 4337 1368 4400 Quae

177 4415 270 4465 uncinis
286 4415 372 4466 inclusi
388 4421 431 4465 aut
447 4431 529 4464 errore
546 4414 585 4464 hie
604 4412 707 4478 repetita
722 4415 779 4460 aunt
792 4415 834 4462 ant
849 4411 875 4460 in
893 4411 988 4462 brevius
1006 4417 1129 4464 eontracta
1145 4431 1172 4464 ex
1190 4415 1274 4466 scholii
1291 4417 1368 4468 initio.

179 4497 213 4562 (p.
234 4497 297 4556 820,
316 4498 367 4562 lo.)

1188 4595 1220 4644 20
