3318 5138
873 261 936 336 134

326 480 393 536 ρπιρ
435 452 617 540 γέγροιπποοι
662 459 865 538 ,εέθοοομεν”,
908 458 979 536 ὅπερ
1016 459 1109 547 pirri·
1146 457 1228 544 (τήν
1266 453 1393 546 edm
1429 453 1513 540 μὲν)

327 564 485 645 ἄπρακτον
519 567 707 644 ἀφήκαμεν,
745 565 855 643 ,ήῶθεν
890 565 921 631 δέ
956 568 982 631 οἷ
1019 551 1051 652 (i.
1088 588 1116 630 s.
1152 564 1178 627 δ’
1209 563 1248 649 oi)
1272 564 1330 639 μὲν
1353 563 1425 634 νέοις
1451 559 1516 646 (ἐλ-

327 671 460 754 κομεν)”.
495 671 657 738 Ultimum
689 693 813 759 quoque
835 672 895 738 hoc
927 671 1118 738 vocabulum
1146 671 1277 736 fortosse
1306 691 1343 735 ex
1373 667 1517 734 Homero

326 777 524 854 addendum,
548 799 622 843 oum
647 785 679 844 et
701 780 754 844 hic
777 785 808 844 et
832 780 1012 864 ubicunque
1041 779 1182 843 locorum
1206 783 1370 861 apparent,
1398 776 1516 840 scribas

327 905 419 970 saepe
453 905 510 970 pro
543 884 648 950 lubitu
681 905 789 950 versus
821 885 1008 951 Homericos
1033 883 1085 950 vel
1107 887 1210 949 invita
1232 885 1387 947 sententis
1411 881 1459 946 its
1482 879 1516 944 fi-

325 994 410 1074 nire,
445 995 482 1053 ut
516 989 579 1055 fors
602 1011 637 1055 ec
661 991 817 1079 marginis
840 995 981 1077 spatium
1004 991 1135 1057 ferebat.
1170 989 1233 1055 His
1258 991 1362 1077 igitur
1380 986 1516 1053 sublatis

323 1117 442 1183 suoque
477 1095 545 1162 loco
579 1099 726 1182 repositis
768 1103 890 1163 coetera
926 1099 993 1162 ism
1031 1118 1093 1163 non
1124 1097 1209 1162 male
1240 1099 1368 1170 sciunt,
1404 1097 1514 1179 utpote

322 1210 468 1290 oxcerpts
499 1224 538 1268 ox
568 1204 710 1268 uberiore
741 1203 913 1290 Porphyrii
937 1203 1151 1289 disputatione
1175 1203 1213 1268 de
1240 1205 1273 1266 vi
1298 1221 1334 1266 sc
1357 1206 1513 1286 potestate

321 1309 471 1376 vocabuli
503 1309 658 1394 οὶέοοομεν,
687 1330 767 1395 quse
799 1331 837 1376 cx
869 1311 982 1375 iisdem
1013 1312 1078 1376 fere
1111 1311 1273 1376 codicibus
1296 1305 1512 1394 (HHMQD'P)

323 1417 409 1483 cdits
438 1420 548 1482 statim
577 1439 673 1503 supro
704 1422 747 1504 (p.
783 1416 864 1502 133,
892 1416 915 1484 l.
951 1415 1074 1502 7-17)
1101 1417 1278 1483 exhibetur.
1303 1416 1387 1496 Quin
1413 1415 1509 1480 etism

324 1522 439 1588 ultima
473 1531 672 1601 nostrorum,
704 1526 846 1589 ἀνοίκειον
876 1526 939 1604 γὰρ
1072 1527 1141 1590 ἀντὶ
1167 1529 1219 1589 τοῦ
1243 1526 1446 1600 ἐκοιμήθημεν
1469 1522 1515 1584 ἐκ·

325 1627 446 1704 δέξαιτο
470 1630 504 1716 (l.
530 1628 676 1714 21-23)
700 1633 821 1696 incerte
845 1630 918 1697 sede
940 1629 1092 1716 volitent,
1116 1633 1232 1716 quippo
1253 1633 1385 1717 quaein
1407 1628 1514 1694 Tnon

325 1737 364 1801 od
377 1745 560 1822 excerptum
573 1739 761 1821 pertineant,
770 1736 852 1822 quod
865 1735 980 1801 mediis
992 1757 1044 1802 ver
1050 1740 1094 1802 bis
1106 1737 1287 1804 Homericis
1302 1725 1396 1823 suprs
1409 1731 1514 1800 ollstis

326 1846 414 1918 ήῶθεν
439 1844 471 1908 δὲ
495 1843 617 1920 finitur,
644 1844 698 1908 sed
723 1842 762 1908 sd
786 1843 914 1908 uberius
938 1841 1106 1921 Scholion,
1132 1843 1184 1909 vel
1204 1845 1251 1910 ibi
1274 1851 1382 1910 temen
1407 1844 1513 1906 minus

326 1959 410 2017 recte
438 1951 477 2016 ed
508 1950 629 2016 calcem
654 1952 787 2033 reiecta,
811 1985 855 1998 -
877 1971 992 2036 nempo
1016 1951 1144 2035 poetri
1168 1952 1200 2015 δὲ
1226 1951 1381 2031 ,χηλεποὶ
1405 1947 1513 2030 φρεσὶν

327 2058 519 2137 ὁρμαίνοντες
552 2054 721 2130 οἱλλήλοιε”
751 2057 819 2120 oinct
844 2061 897 2120 τοῦ
921 2058 1147 2136 ἀγρυπνοῦντες
1169 2060 1222 2121 xxi
1248 2056 1383 2140 χκλεποέ
1407 2078 1513 2133 μεριμ-

327 2169 433 2236 νῶντες
457 2164 500 2235 εἷς
525 2163 697 2239 ἀλλήλους,
713 2183 841 2227 -cum
859 2163 899 2227 sd
921 2165 1052 2228 initium
1074 2170 1242 2250 oporteret.
1274 2163 1383 2228 Huius
1407 2165 1513 2245 itaquo

324 2273 464 2356 excerpti
507 2290 565 2356 ope
608 2270 752 2335 uberiore
787 2267 1025 2355 Porphyrionis,
1061 2291 1142 2354 quse
1177 2292 1272 2355 suprs
1308 2270 1395 2335 edite
1430 2267 1512 2342 dixi,

327 2378 451 2444 duobus
489 2375 567 2442 locis
609 2374 704 2462 poulo
746 2378 920 2463 integriora
961 2377 1050 2442 reddi
1085 2397 1175 2462 posse
1212 2377 1293 2442 mihi
1329 2396 1511 2463 persuasum

326 2491 384 2550 cst.
427 2482 506 2564 Quis
528 2485 612 2549 enim
636 2482 848 2569 Porphyriani
871 2485 968 2548 moris
991 2503 1114 2549 memor
1137 2487 1171 2549 iu
1196 2487 1339 2549 animum
1365 2482 1509 2558 inducet,

324 2589 539 2677 Porphyrium
570 2591 615 2654 sic
646 2590 729 2654 nude
758 2592 967 2674 praecepisse:
1003 2590 1075 2675 (Καὶ
1108 2589 1212 2661 ἄλλος
1244 2589 1439 2674 Hipponion.)
1469 2588 1510 2652 Ti

330 2696 510 2776 „dicaam”
541 2697 594 2760 οὐκ
618 2696 839 2773 ἐκοιμήθημεν,
862 2694 939 2761 ἀλλ’
966 2697 1242 2775 ἐπνεθοοομεν,
1268 2699 1330 2761 snt
1355 2701 1408 2761 τοῦ
1434 2695 1509 2764 trev.

327 2801 346 2867 θ’
378 2805 442 2868 ἐστι
474 2800 576 2867 norici
610 2801 714 2867 Immo
749 2808 781 2868 et
812 2803 1128 2880 οένεπνεθοοιμεν
1160 2803 1401 2891 corrigendum,
1433 2799 1510 2888 quod

329 2913 476 2996 quemvis
507 2929 615 2974 omnes
637 2909 759 2974 codices
787 2919 910 2994 praeter
940 2930 1039 2974 unum
1064 2917 1159 2996 atque
1181 2912 1311 2994 insopor
1334 2925 1509 2993 excerptum

328 3016 498 3101 praebeant
539 3024 634 3099 etque
678 3018 768 3080 unico
802 3035 911 3081 sensus
943 3014 1087 3102 dugitet,
1124 3023 1232 3082 temen
1267 3013 1449 3081 Diodorfius
1480 3016 1509 3077 in

328 3123 520 3210 ἐπνςύοοιμεν
551 3121 710 3196 mutavit,
742 3120 893 3186 videlicet
923 3125 1072 3206 quonium
1097 3123 1134 3187 M
1153 3126 1202 3187 sic
1225 3125 1382 3207 scriptum
1404 3121 1508 3199 babet,

328 3236 360 3295 et
394 3231 541 3316 inprimis
573 3215 739 3294 inserendo
773 3248 826 3304 eu,
863 3248 942 3313 quse
976 3229 1087 3317 vagari
1124 3250 1220 3316 supro
1254 3229 1442 3304 monebam,
1475 3229 1507 3288 nt

326 3344 430 3402 totum
455 3336 512 3401 sit:
536 3337 581 3401 Τὸ
607 3333 785 3413 „dicasse”
803 3336 858 3400 οὐκ
882 3337 1100 3414 ἐκθιμήθημεν,
1124 3339 1347 3421 (ἀνοίκειον
1371 3336 1447 3414 γὰρ
1469 3331 1506 3395 τὸ

327 3445 551 3520 κοιμᾶοθοοι
585 3443 732 3513 αὐτοὺς
762 3441 800 3505 ἐν
824 3444 1000 3521 τοσούτῳ
1023 3444 1222 3530 κινδύνῳ,)
1248 3447 1325 3510 ἀλλ’
1350 3439 1505 3532 circmci-

218 3569 223 3580 '
328 3572 429 3627 σομεν
465 3551 547 3634 (τῆς
582 3549 798 3631 πτήσεως),
830 3551 893 3613 atri
924 3554 977 3614 ποῦ
1001 3549 1084 3628 cisto,
1110 3547 1212 3616 θ’ἐοπι
1238 3561 1332 3617 πνεῖν.
1358 3551 1405 3637 (ei
1436 3547 1505 3626 γὰρ

330 3656 609 3734 ἐκοιμήθημεν,
644 3661 720 3725 πῶς
756 3657 1055 3742 θρμοοθνοντεςρ)
1387 3653 1399 3716 ἰ

307 3807 310 3812 -
371 3763 500 3829 Etenim
519 3764 588 3847 ipss
606 3782 642 3828 es
660 3763 773 3837 verbo,
794 3782 873 3847 quoe
893 3765 926 3827 in
947 3770 1092 3850 excerpto
1111 3771 1182 3849 post
1199 3765 1319 3846 κινδύνῳ
1338 3765 1504 3852 sequuntur

330 3871 372 3955 (si
390 3893 437 3942 τις
461 3871 495 3935 πθ
520 3868 660 3946 οθέοοιμεν
683 3869 750 3932 circi
775 3874 829 3932 τοῦ
849 3870 1049 3945 ἐκοιμήθημεν
1068 3871 1391 3957 ἐκδέξκιτο),1ἰᾳιιίθο
1412 3866 1504 3940 stiffi·

327 3978 423 4054 dunt,
449 3979 477 4042 si
500 3975 577 4061 quid
600 3973 709 4052 video,
733 3977 836 4058 priora
860 3976 933 4042 binc
951 3997 1018 4043 esse
1037 3977 1163 4054 avulsa,
1177 3999 1239 4063 quo
1259 3999 1343 4046 nunc
1362 4001 1422 4069 ego
1435 3983 1505 4064 driu·

327 4083 432 4149 lerim.
461 4081 516 4148 Vol
534 4083 654 4146 maiore
672 4083 741 4144 iure
757 4088 880 4147 coetera
897 4085 1035 4160 inserui,
1056 4087 1155 4149 etiam
1175 4087 1208 4150 in
1221 4097 1367 4170 excerpto
1381 4090 1503 4154 verbim

328 4189 373 4255 cic
405 4191 603 4274 excipientis.
640 4185 790 4272 Sequitur
812 4185 982 4275 Porphyrii
1008 4193 1162 4275 expositio
1186 4191 1426 4280 significationis
1453 4198 1503 4259 vit

328 4297 440 4362 borum
464 4297 647 4366 ἀνάπνευσις
672 4301 704 4358 et
726 4295 873 4357 οὶνειπνεῖν
893 4300 926 4360 in
947 4291 1144 4376 Homericis,
1167 4319 1302 4384 quorum
1325 4299 1502 4384 particulas

222 4453 226 4460 .
328 4422 421 4490 supro
450 4404 588 4478 correxi,
619 4401 682 4464 οὶπὸ
710 4400 742 4463 in
768 4399 816 4462 ἐπὶ
843 4403 1004 4468 mutando.
1052 4403 1192 4472 Tandem
1217 4406 1285 4494 ogit
1309 4407 1347 4472 de
1373 4404 1504 4475 ultimis=
