3330 5144
760 359 824 438 out

194 559 365 628 citaverint
398 579 434 626 ec
465 559 504 625 de
534 559 674 626 discessu
705 559 763 626 dlii
803 563 969 627 certiorem
1003 560 1145 626 fecerint.
1193 555 1254 625 Oui
1289 559 1389 624 iratae

194 669 304 734 nutrix
327 666 503 754 Euryclea,
526 687 606 752 quae
629 667 696 733 sole
718 669 764 733 rei
786 668 890 733 fuerat
912 669 1048 746 conscie,

286 774 398 854 νύμφα
421 775 515 855 φίλη,
541 775 579 838 σὺ
604 773 660 851 μέν
685 772 723 850 άρ
747 797 788 850 με
813 773 994 840 κατάκτανε
1019 774 1107 848 νηλέΐ
1127 773 1263 857 χαλινῷ,

288 881 305 956 ῆ
330 881 368 946 έα
392 881 421 945 ἐν
444 878 583 961 μεγάρῳ·
608 881 701 957 μύύον
725 879 757 947 δέ
781 903 826 946 τοι
851 884 904 948 ούιι
929 881 1089 948 ἐπικεύσω.

289 991 350 1072 pte·
375 988 435 1065 ἐγὼ
458 987 534 1053 τάδε
559 986 677 1053 πάντα.
705 986 734 1068 (δ
758 986 951 1072 7434745)

197 1095 252 1164 Ad
288 1096 410 1161 lemma
443 1093 555 1175 νύμφα
585 1095 664 1175 φίλη
695 1093 803 1176 HPQ:
835 1093 937 1171 δεξιῶς
970 1097 1002 1160 ού
1031 1094 1184 1174 περιμένει
1216 1094 1267 1159 rte
1298 1090 1391 1170 ἐλεγ-

199 1225 258 1283 χον
295 1200 382 1266 ούδέ
413 1201 534 1281 φάάνει.
563 1206 637 1284 μιᾷ
670 1199 703 1265 δέ
737 1211 776 1283 τῆ
812 1201 939 1279 μηνύσει
975 1201 1026 1266 καὶ
1063 1203 1174 1276 αύτῆν
1208 1198 1302 1276 άξέαν
1336 1203 1390 1264 τοῦ

203 1308 399 1374 ἀπολωλέναι
429 1306 509 1388 φησὶ
539 1307 591 1372 διά
622 1305 656 1372 τὸ
685 1309 843 1381 πεισθῆναι
867 1310 909 1388 τῷ
932 1307 1128 1389 Τηλεμάχῳ.
1153 1307 1257 1371 ciriae
1282 1306 1313 1371 δέ
1337 1309 1393 1378 τῆς

140 1435 145 1443 ’
204 1425 319 1492 σιωπῆς
349 1413 430 1498 ύριιον
460 1413 686 1494 προβάλλεται.
736 1413 820 1494 Quot
849 1435 983 1486 errores.
1008 1421 1150 1481 correctu
1173 1413 1330 1493 facillimi,
1361 1416 1395 1478 at

205 1523 332 1591 molesti
355 1527 481 1598 tamen,
502 1523 535 1585 in
558 1523 713 1586 sententie
737 1521 825 1586 brevi
850 1529 883 1587 et
906 1519 1089 1608 perspicaci
1114 1519 1205 1602 Quod
1230 1523 1275 1586 rei
1300 1524 1396 1604 caput

206 1637 268 1709 est,
300 1631 327 1695 si
358 1627 516 1715 Euryclea
545 1630 665 1694 crimen
689 1649 746 1693 nec
769 1627 921 1708 περιμένει
945 1649 1002 1694 uec
1025 1626 1156 1707 φθάνει,
1180 1627 1256 1713 qnid
1281 1643 1395 1712 quaeso

205 1734 302 1804 fecit?
326 1737 386 1802 Sed
411 1737 510 1800 missa
531 1737 827 1823 argumentatione,
849 1734 1038 1821 simpliciter
1057 1735 1236 1802 indicemus
1255 1733 1333 1820 quid
1353 1733 1397 1798 sit

203 1843 423 1910 scribendum:
447 1840 549 1916 δεξιῶς
573 1843 606 1905 ού
627 1841 777 1920 περιμένει
796 1842 847 1907 τδν
867 1839 1001 1923 ἔλεγχον
1025 1841 1137 1907 άλλά
1161 1841 1282 1922 φύάνει.
1309 1836 1396 1919 άμα

207 1949 241 2016 δέ
273 1959 312 2032 τῆ
347 1947 474 2026 μηνύσει
511 1946 562 2012 καὶ
599 1948 709 2022 αύτῆν
745 1946 838 2024 άξύαν
868 1953 923 2012 τοῦ
954 1947 1149 2038 άπολυλέναι
1181 1948 1259 2028 φησὶ
1286 1945 1337 2012 διά
1361 1944 1397 2010 xi

207 2058 365 2132 ascetriam
395 2056 437 2136 τῷ
468 2053 666 2134 Τηλεμάχῳ,
696 2053 800 2118 αἰτίαν
825 2053 855 2118 δέ
881 2061 936 2130 τῆς
961 2063 1077 2130 σιωπῆς
1102 2056 1197 2142 (τὸν)
1220 2050 1302 2132 ὅρκον
1328 2075 1398 2133 προ-

207 2163 385 2242 βάλλεται,
427 2163 461 2226 iu
503 2161 619 2246 quibus
661 2157 734 2239 άμα
777 2179 834 2246 pro
876 2167 936 2245 μιρῖ
979 2169 1063 2228 recte
1098 2163 1239 2248 porrexit
1273 2158 1311 2241 Q.
1357 2195 1398 2208 -

208 2268 384 2337 Consimile
433 2269 551 2334 vitium
599 2266 723 2334 obsidet
768 2265 875 2332 locum
921 2293 936 2333 ε
978 2266 1063 2344 418,
1108 2266 1165 2333 ubi
1210 2267 1250 2332 sd
1297 2264 1399 2343 ῆὶένας

209 2401 246 2442 σε
281 2381 497 2456 παραπλῆγας
532 2376 565 2438 in
597 2371 708 2454 EPQT
740 2374 926 2440 adnotator:
963 2371 1106 2450 ύξυτύνωρ
1144 2375 1179 2440 ut
1215 2371 1400 2454 ποραπλῆξ.

213 2491 429 2565 παραπλῆγας
465 2480 497 2547 δέ
530 2483 589 2552 τάς
624 2481 680 2558 μῆ
716 2481 858 2564 ρ’ριδύως
893 2481 911 2556 ῆ
947 2482 988 2546 ού
1023 2480 1158 2563 σφοδρῶς
1182 2479 1401 2557 πλησσομένας

214 2592 271 2657 ύπδ
301 2597 359 2656 τῶν
389 2587 545 2666 κυμάτων,
577 2587 627 2654 διά
656 2589 691 2652 τέ
716 2590 761 2665 μῆ
783 2588 924 2666 άντιιιρὺς
948 2587 1071 2668 διαιρεῖν
1094 2586 1128 2681 (i
1150 2587 1272 2669 διαέρειν
1294 2586 1334 2669 Τ)
1358 2588 1400 2669 τῷ

214 2698 343 2776 κύματι.
389 2695 514 2762 Ultima
548 2714 610 2761 non
638 2693 790 2780 expedio,
823 2697 928 2780 priora
959 2697 1004 2761 sic
1027 2696 1178 2761 videntur
1201 2693 1403 2784 corrigenda:

215 2811 432 2886 παραπλῆγας
474 2802 506 2867 δέ
545 2803 605 2874 τάς
649 2825 727 2879 μετ
734 2801 821 2882 ρύως
867 2801 884 2876 ῆ
930 2803 962 2868 ού
1005 2802 1140 2881 σφοδρῶς
1184 2801 1403 2881 πλησσομένας

215 2912 273 2978 ὑπὸ
307 2919 365 2977 τῶν
395 2909 551 2987 κυμάτων.
589 2910 667 2974 ‘Tul
703 2932 731 2973 τ.
758 2932 786 2973 κ.
824 2911 948 2975 omittit
982 2908 1028 2987 Τ,
1062 2911 1141 2974 item
1173 2911 1298 2974 omittit
1330 2891 1354 2985 ῆ
1373 2910 1419 2974 ού·

167 3085 171 3094 ,
215 3018 367 3100 σφοδρῶς,
404 3020 559 3082 incertum
595 3037 669 3082 casu
701 3035 740 3081 an
772 3017 847 3100 quia
877 3017 911 3078 in
942 3035 998 3082 suo
1030 3015 1204 3101 exemplari
1236 3017 1340 3084 scriba
1371 3035 1408 3081 ea

133 3129 136 3136 '
216 3126 391 3190 discernere
432 3143 494 3190 non
529 3125 644 3208 potuit.
680 3159 722 3170 -
759 3119 780 3202 ζ
803 3119 878 3186 163.
925 3120 1036 3188 Ulixes
1071 3121 1257 3209 suppliciter
1290 3121 1407 3188 Nausi-

216 3251 306 3298 ceam
337 3229 471 3295 laudans
494 3231 528 3292 in
551 3227 655 3293 insula
678 3226 758 3293 Delo
782 3226 861 3293 dicit
884 3227 1056 3294 sevidisse
1080 3231 1213 3308 <totum
1239 3228 1301 3294 νεόν
1325 3228 1404 3308 ἔρνος

218 3337 429 3418 άνερχύμενον.
466 3334 643 3402 Scholiasta
673 3337 706 3400 ln
740 3333 840 3410 BPQ:
875 3337 965 3401 --τδ
995 3336 1030 3401 δέ
1057 3336 1259 3416 άνερχύμενον
1294 3339 1349 3412 τῆν
1372 3358 1407 3401 τε

220 3445 273 3521 ῆδη
310 3441 513 3524 ύτάρχοωσαν
547 3443 650 3517 άιιμῆν
682 3440 734 3508 καὶ
766 3443 821 3516 τῆν
852 3441 966 3507 ἐλπίδα
996 3451 1052 3516 τῆς
1086 3443 1228 3522 ἐσομένης
1253 3443 1409 3520 αὐξήσεως

221 3549 412 3642 ὑποβάλλει.
450 3549 519 3633 [ού]
555 3550 606 3615 τδν
638 3549 688 3612 ἐπὶ
718 3557 756 3630 τῆ
787 3557 888 3622 Λητοῖ
923 3550 1109 3615 άναδούέντα
1144 3548 1268 3629 φοίνικά
1304 3554 1407 3632 φησιν.

219 3658 325 3724 Immo
346 3657 428 3722 hauc
450 3660 552 3742 ipsam
583 3675 658 3722 eum
687 3659 816 3720 innuere
848 3658 963 3720 caeteri
995 3662 1138 3722 auctores
1170 3663 1260 3733 sunt,
1293 3655 1410 3741 quibus

221 3764 427 3830 suadentibus
451 3768 483 3829 et
505 3765 537 3828 οὐ
561 3762 776 3828 inducendum
800 3767 832 3826 et
854 3769 926 3848 post
944 3764 995 3828 τὸν
1012 3762 1216 3828 inserendum
1237 3762 1364 3828 videtur
1374 3760 1410 3826 δ’.

222 3871 306 3938 Nem
331 3875 378 3936 ita
401 3869 473 3935 EV:
498 3869 586 3947 λέγει
610 3867 641 3934 δέ
664 3868 715 3933 εδν
739 3869 924 3934 άναδούέντα
947 3867 1073 3949 φοίνικα
1096 3879 1135 3951 τῆ
1159 3877 1271 3948 Λητοῖ,
1299 3865 1333 3934 ού
1357 3868 1410 3935 καὶ

223 3976 416 4062 ἐφαψαμένη
437 3975 607 4051 άπειιύησε.
632 4013 676 4026 -
700 3975 836 4042 Tiresias
860 3975 951 4042 Ulixi
974 3975 1083 4042 futura
1106 3976 1312 4062 portendens:

698 4083 779 4158 δῆεις
800 4083 827 4149 δ’
851 4083 881 4147 ἐν
904 4085 1041 4158 πύματα
1066 4084 1133 4164 cluo)

268 4189 379 4271 άνδρας
404 4189 631 4270 ὑπερφιάλους,
656 4185 687 4254 οἵ
704 4212 749 4253 σοι
774 4187 877 4266 βίοτον
901 4189 1088 4255 κατέδουσιν.
1112 4190 1145 4274 (λ
1173 4189 1249 4268 115,
1278 4187 1367 4274 116.)

224 4298 277 4366 Ad
310 4299 369 4364 hos
400 4319 511 4365 uersus
542 4301 667 4363 servata
697 4301 745 4360 est
770 4295 946 4386 ¹Aristonici
976 4301 1068 4374 nota,
1102 4315 1140 4361 ex
1172 4295 1345 4362 Harleiano
1368 4299 1414 4362 sic

224 4407 326 4473 edita:
353 4401 396 4470 ύτι
421 4408 488 4471 ούιι
513 4403 703 4479 ἐνῆλλαιιται
728 4402 742 4466 ὃ
766 4399 872 4484 χρένος
896 4403 933 4476 άς
954 4403 988 4467 εδ
1012 4403 1086 4480 ,σύν
1107 4428 1142 4468 τε
1164 4401 1296 4486 μεγάλῳ
1308 4403 1416 4470 άπέτι-

225 4513 318 4578 σαν.”
353 4523 394 4590 (Δ
435 4511 522 4600 lot).
560 4512 599 4575 ού
630 4509 694 4590 γάρ
724 4505 801 4586 ῆσαν
833 4509 857 4573 οἱ
889 4519 1058 4590 μνηστῆρες
1090 4509 1272 4590 συνηγμένοι
1297 4511 1340 4588 εἷς
1364 4508 1415 4578 τὸν
