3330 5144
852 313 918 382 208

289 523 363 569 rum
393 506 518 570 natione
550 503 666 590 uliquis
695 508 729 570 in
762 507 867 573 verbis
899 508 937 572 δι’
966 502 1040 572 ὅτε
1064 505 1230 572 elisionem
1255 505 1403 572 demere
1428 528 1480 573 ex·

287 607 447 694 plevieeet.
495 609 600 677 Semel
624 614 742 697 scripto
765 613 816 678 διδ
841 611 859 679 ί
879 638 933 698 τε,
958 617 991 678 in
1016 619 1164 698 promptu
1188 619 1256 678 eret
1274 613 1479 698 interpolatio

287 717 338 782 ue
362 719 404 782 τὸ
428 717 496 802 ire,
520 740 595 784 nem
619 720 669 784 ue
694 718 711 782 ί
733 719 858 787 dicebat
882 742 975 787 nemo
1014 719 1137 786 Verum
1162 722 1262 786 eiecto
1281 718 1317 784 τί
1338 719 1480 785 multum

288 825 393 900 ebeet,
423 828 461 888 ut
483 823 572 890 locus
594 830 779 910 persecutus
802 829 854 890 eit.
902 825 985 906 Quin
1009 835 1046 892 ut
1069 833 1211 911 superest
1233 825 1355 910 eliquid
1377 829 1425 891 ite
1447 833 1480 892 et

288 929 393 1006 deeet,
426 933 472 996 eie
495 933 529 995 ni
552 930 645 996 lellor
667 932 916 997 restituendum:
941 956 990 1014 χρ.
1014 930 1032 997 ί
1052 957 1087 997 τε
1112 957 1165 1007 με.
1189 930 1311 1014 χωρίζει
1344 933 1480 1012 'Apero-

288 1036 409 1122 Φάνης,
434 1034 490 1122 (ἵν’
516 1034 547 1122 ἦ)
571 1037 617 1103 δι’
640 1035 659 1104 ὅ
684 1062 736 1103 τε.

331 1273 364 1322 ε,
397 1247 463 1313 449
494 1249 534 1316 ud
564 1249 697 1316 Homeri
730 1251 842 1317 verbe:
875 1250 926 1316 σίν
958 1275 993 1315 τε
1024 1248 1086 1332 ρ’ίον
1110 1250 1152 1316 σοί
1176 1275 1211 1315 τε
1236 1249 1362 1328 γούναθ’
1385 1250 1478 1316 ἱκάνω

287 1355 473 1422 observetur
503 1359 535 1422 in
564 1355 691 1444 (P)QT:
716 1365 791 1440 μιρϊ
817 1358 955 1432 δεήσει
980 1357 1031 1422 καί
1055 1359 1109 1433 τήν
1132 1357 1228 1439 φύσιν
1251 1362 1305 1422 τοῦ
1328 1358 1486 1438 properae

287 1463 339 1526 καί
371 1465 406 1526 τὸ
438 1469 528 1542 σῶμα
561 1463 758 1540 σννέτλεξεν,
808 1465 918 1530 Potest
949 1471 1049 1542 etere,
1083 1467 1144 1530 etei
1167 1485 1229 1530 non
1252 1487 1428 1553 repugnem
1451 1469 1480 1530 ei

285 1570 463 1658 legeretur:
489 1571 542 1634 καί
566 1574 621 1646 τήν
644 1571 738 1649 Φύσιν
763 1577 816 1636 τοῦ
840 1573 989 1652 ῥεύματος
1011 1572 1063 1636 καί
1082 1574 1124 1637 οδ
1142 1579 1255 1646 σῶμα
1278 1575 1359 1658 (τοῦ
1379 1573 1479 1656 θεοῦ)
1501 1587 1507 1596 “

286 1677 480 1755 σονέσλεξεν.
527 1680 571 1742 At
595 1678 666 1744 vide
690 1679 767 1763 quid
791 1681 939 1744 continuo
962 1681 996 1743 in
1019 1679 1131 1744 iledem
1157 1679 1320 1744 codicibus
1343 1677 1414 1760 Qu,
1436 1715 1478 1726 -

286 1786 394 1871 potius
423 1787 457 1849 in
480 1805 543 1850 uno
567 1783 593 1865 Q
620 1823 668 1852 -,
686 1792 845 1870 sequetur.
892 1784 1040 1851 Scholion
1064 1805 1173 1851 verene
1198 1784 1263 1849 449
1288 1788 1398 1850 etotim
1422 1806 1480 1850 ex-

287 1893 366 1977 cipit
397 1890 485 1957 eliud
517 1893 556 1958 ed
589 1891 675 1969 451,
706 1895 740 1958 in
770 1913 833 1978 quo
865 1892 903 1957 ed
934 1891 1125 1958 Homerica:
1160 1897 1279 1957 παῦσεν
1316 1891 1361 1958 ἑὸν
1395 1890 1477 1972 ρ’ίον,

288 1995 365 2079 ἔσχε
389 1998 420 2063 δὲ
445 2003 543 2074 κῦμαΙ
558 2009 622 2064 eet:
648 2007 721 2083 μιρῖ
747 2000 883 2072 δεήσει
908 2001 943 2065 τί
967 2000 1037 2064 ίδιον
1061 2004 1148 2076 κῦμα
1174 1998 1224 2063 καί
1250 1999 1301 2063 τὸν
1321 2000 1392 2065 ίδιον
1413 2003 1480 2079 ῥοῦν

287 2107 431 2185 ἐπέσχεν.
479 2105 542 2172 Hie
574 2105 703 2190 quidem
737 2105 910 2170 ebeurdum
944 2112 992 2171 eet
1020 2113 1078 2188 μιᾷ
1104 2105 1213 2180 δεήσει.
1262 2105 1480 2172 Buttmannue

287 2221 345 2297 μιᾷ
371 2213 490 2288 ίελήσει
514 2215 694 2298 proposuit,
719 2211 773 2278 eed
798 2210 961 2296 eliquanto
993 2215 1096 2277 tutius
1126 2219 1159 2278 et
1189 2215 1296 2278 verius
1328 2215 1388 2278 erit
1418 2219 1478 2298 μιᾷ

286 2320 402 2397 δεήσει,
428 2321 511 2407 quod
536 2321 660 2385 omittit
678 2317 721 2403 Τ,
746 2339 809 2383 une
834 2357 875 2366 -
900 2318 983 2404 quod
1005 2318 1095 2384 eiunt
1120 2357 1161 2366 -
1184 2318 1284 2384 lituro
1308 2316 1422 2386 delere.

334 2562 348 2600 ε
377 2535 453 2603 474.
490 2535 660 2600 δοοίσσατοτ
687 2533 809 2608 οὕτως
835 2532 934 2612 ἔδοξεν
957 2535 1041 2614 αὐτῷ
1066 2533 1194 2613 κέρδιον,
1221 2531 1310 2619 [οὕτω
1336 2533 1413 2621 τωο]
1439 2536 1479 2604 ὥς

287 2645 399 2709 κατιιδν
423 2645 445 2708 ί·
462 2641 554 2720 λόγος
579 2639 706 2716 δήλιίσει
733 2642 796 2720 ,βῆ
822 2642 847 2721 ῥ’
872 2641 941 2718 ίμεν
964 2644 1007 2715 είς
1028 2639 1136 2715 ἷίλήν”.
1159 2639 1212 2726 (Β)
1233 2638 1335 2706 Verba
1355 2643 1479 2706 uncinis

284 2749 408 2816 incluse
430 2754 462 2814 et
485 2749 537 2814 hic
562 2769 600 2813 ex
625 2748 843 2836 dittographie
866 2756 935 2814 orte
957 2754 1042 2813 eunt.

331 2985 361 3043 ε,
387 2958 463 3025 490.
488 2959 535 3025 Ad
560 2959 687 3038 σπέρμα
711 2959 801 3040 copie
825 2958 1069 3044 philosophetur
1086 2961 1133 3025 ite
1153 2960 1368 3046 Porphyrius:
1386 2962 1479 3023 τοῖσα

284 3065 373 3132 οὐσία
396 3066 521 3143 μείωσιν
544 3065 677 3145 τοίσχει.
701 3065 735 3130 τὸ
761 3067 791 3132 δὲ
815 3070 874 3145 πῦρ
899 3067 928 3130 ἐν
952 3062 1009 3146 ὅσῳ
1037 3065 1093 3134 κᾶν
1113 3066 1149 3138 σί
1169 3067 1265 3146 τυχὸν
1286 3063 1362 3150 ἔχή,
1381 3067 1479 3132 πάλιν

284 3172 427 3250 αὔξεται.
464 3165 478 3236 ί
514 3172 595 3242 είδίοι
632 3153 746 3250 οἷρῶτος
777 3174 789 3237 ὃ
821 3174 945 3247 ποιητής
979 3169 1047 3240 εἴτε
1078 3172 1205 3252 στίρμα
1237 3171 1338 3251 τνρίρ.
1365 3173 1416 3237 καί
1442 3174 1477 3239 τὸ

285 3280 409 3360 σπέρμα
439 3279 501 3360 χαρ
534 3279 569 3357 ἐξ
599 3280 771 3360 ἐλαχίστου
796 3278 937 3355 αὔξεται.
961 3277 1123 3363 [ἔστιδὲ
1148 3281 1163 3345 ὃ
1186 3281 1330 3360 τρίτοι
1356 3305 1478 3358 μετα-

285 3386 413 3472 Φοροί.]
440 3389 512 3467 πρὸς
536 3391 624 3452 τοῦτο
649 3387 700 3450 καί
726 3386 739 3450 ὅ
767 3387 926 3466 Αἷσχιίλος
951 3389 1236 3467 ἀντεμηχανήσατο
1261 3385 1353 3451 είοτὼν
1373 3390 1478 3464 τήχήν

285 3494 376 3575 τορὸς
408 3497 438 3558 ἒν
466 3493 620 3573 Προμηθεῖ
639 3493 779 3572 δεσμώτῃ
804 3494 833 3556 ἐν
857 3488 898 3565 τίς
922 3501 1018 3569 <unco
1048 3495 1350 3572 ,ναρθηκοπλήρωτον
1375 3494 1405 3557 δὲ
1427 3496 1478 3569 dn·

285 3609 382 3685 ρῶμαι
409 3602 500 3679 τυρὸς
525 3601 629 3678 τήχήν
651 3601 833 3666 αλοταίαν”.
856 3599 1066 3686 (BEHPQT.)
1090 3599 1478 3667 Nonlecileednotetiun·

168 3720 173 3731 '
285 3711 358 3776 cula
392 3709 547 3774 rhetorice
582 3711 616 3772 in
650 3711 836 3794 ineptiorem
870 3707 975 3773 locum
1013 3711 1148 3792 irrepere
1179 3710 1295 3793 potuit.
1345 3707 1480 3772 Omittit
1586 3761 1589 3768 ι

286 3837 355 3881 cem
388 3814 425 3890 Τ,
458 3817 625 3892 „omittere
657 3815 785 3881 videtur
808 3813 864 3880 H”
891 3813 986 3898 (App.
1012 3836 1042 3899 p.
1071 3812 1173 3898 766),
1197 3814 1250 3879 eed
1274 3813 1327 3879 vel
1350 3815 1478 3879 etiemei

283 3923 319 3986 hi
342 3921 464 3988 codices
487 3941 549 3986 non
573 3921 771 3997 addicerent,
798 3921 880 3986 fores
904 3921 1135 3986 extrudendum
1162 3928 1243 3986 eeeet
1267 3921 1349 4006 quod
1370 3929 1478 4005 aperte

285 4029 323 4093 eb
348 4028 416 4092 loeo
441 4025 581 4092 alienum
606 4035 663 4092 eet.
688 4029 759 4094 Non
780 4033 887 4092 temen
905 4027 1080 4092 scribarum
1093 4026 1347 4092 additament-um
1361 4031 1418 4103 eet,
1434 4065 1475 4077 -

284 4137 427 4221 sequitur
450 4135 534 4198 enim
558 4137 592 4198 iu
616 4133 674 4214 Pu
694 4136 732 4200 ed
753 4134 863 4199 eedem
885 4134 998 4199 verbe:
1021 4139 1235 4212 μεταφορικῶς
1256 4135 1307 4198 τὸν
1329 4135 1477 4213 στινίήρα

283 4249 336 4308 τοῦ
357 4244 459 4323 <ecclc
479 4241 608 4320 είρήιιεν,
636 4279 676 4291 -
702 4241 755 4308 eed
777 4240 918 4306 eiusdem
942 4244 1066 4327 generis
1090 4240 1215 4318 notula,
1242 4243 1275 4305 in
1298 4243 1391 4306 initio
1414 4240 1477 4306 lor-

284 4357 365 4416 teeee
396 4348 687 4437 intermerginelie‚
720 4369 800 4434 quee
829 4369 902 4414 eeeu
933 4348 1071 4434 quodem
1103 4347 1137 4412 in
1167 4347 1273 4414 medie
1305 4347 1477 4434 Porphyrii

284 4458 380 4524 verbe
403 4457 556 4542 pervenit.
