3278 5148
857 313 923 390 280

210 595 212 600 Ι
292 513 396 576 terum
427 529 510 577 nunc
539 511 646 579 locum
670 513 838 600 adiiciam,
862 517 918 602 qui
942 521 975 580 et
997 518 1064 603 ipse
1087 513 1176 582 nulle
1198 515 1378 582 mutatione
1401 516 1484 582 lecta

292 616 377 684 clare
399 616 470 684 luce
493 617 649 707 fulgebit,
673 620 868 707 simulatque
891 623 931 689 ed
954 620 1056 688 elium
1079 621 1215 689 Homeri
1238 641 1370 690 versum
1389 627 1483 708 atque

292 727 324 789 in
356 723 548 791 editionibus
577 726 698 792 iactum
723 733 771 792 est
792 727 955 795 referetur.
1003 727 1325 798 Observatiunculam
1350 729 1421 794 dico
1444 747 1485 792 ex

293 829 319 896 B
354 833 460 916 quarti
488 830 563 898 libri
593 835 700 900 versui
731 831 775 899 92
799 835 839 900 ab
863 843 997 921 utroque
1020 836 1139 904 editore
1162 835 1376 922 adscriptam:
1401 855 1486 912 τεοι-

297 939 400 1010 τοιθῶς
424 937 506 1004 τθνυ
530 941 572 1013 οἷς
595 942 629 1007 τὸ
653 940 878 1020 pittantiam
903 944 1000 1009 ὁτιοῦν
1023 944 1199 1024 mirarier
1222 943 1275 1009 τὸν
1299 941 1389 1024 ἤρου.
1426 939 1488 1007 Ιιο·

293 1046 403 1130 quitur
432 1045 616 1134 Menelaus}
647 1047 904 1116 fratris'ceedem
930 1049 1120 1117 Telemacho
1144 1069 1307 1128 enarrans,
1332 1067 1427 1134 quem
1451 1067 1486 1113 ee

294 1151 421 1218 absente
446 1157 478 1218 et
500 1159 623 1220 errante
646 1152 743 1228 ἄλλος
768 1153 920 1236 ἔπεφνεν,
946 1157 1061 1238 λοθθρη,
1086 1155 1214 1222 euntes}
1225 1205 1233 1234 ,
1258 1153 1336 1236 δθλῳ
1360 1152 1486 1232 οὐλομέ-

295 1281 344 1332 νην
377 1257 515 1340 θλθχοιο.
563 1259 741 1342 Quamnam
772 1283 846 1328 cum
870 1264 921 1330 his
943 1268 1054 1350 politae
1078 1264 1184 1332 verbis
1207 1259 1485 1330 observatiuncula

292 1373 400 1433 nostra
422 1369 644 1455 cognationem
668 1368 801 1448 habeut,
825 1375 893 1436 atra
916 1376 1008 1437 nocte
1031 1371 1197 1456 premitur.
1243 1369 1285 1436 llt
1308 1375 1483 1457 premetur,

293 1473 391 1540 donec
420 1495 490 1540 eam
523 1476 563 1540 ad
595 1481 779 1562 sequentem
812 1477 1075 1544 exclamationem
1099 1476 1236 1544 Menelai
1259 1479 1480 1545 retulerimus:

296 1577 334 1652 ὣς
358 1579 392 1646 οὔ
414 1605 443 1646 τι
468 1583 585 1663 χοίρων
607 1583 704 1657 τοῖσδε
728 1583 910 1651 ιοτεοθτεσσιν
933 1581 1079 1650 esseest
1103 1605 1166 1670 quo
1189 1585 1273 1653 fecto
1292 1587 1414 1672 optime
1433 1586 1483 1650 iu·

294 1687 476 1776 tellegetur.
523 1688 617 1756 Nunc
640 1689 679 1756 ad
702 1693 901 1777 propositum
924 1691 1027 1760 redeo.

341 1929 375 1982 ε,
400 1902 454 1969 55.
501 1901 595 1970 Nunc
625 1904 732 1990 ipsum
755 1906 821 1971 iem
845 1906 912 1970 sine
935 1901 1003 1971 ullo
1026 1902 1124 1970 dubio
1147 1905 1365 1972 Aristonicum
1385 1905 1483 1972 habe·

295 2031 386 2097 mus,
422 2015 517 2098 atque
552 2031 588 2077 ea
622 2010 816 2078 adferentem
852 2009 967 2097 quibus
1001 2009 1102 2077 simul
1135 2031 1216 2098 quae
1250 2011 1289 2078 de
1324 2015 1483 2099 superiore

294 2118 429 2186 athetesi
464 2117 605 2185 diximus
639 2123 767 2208 egregie
802 2117 1038 2186 confirmantur.
1084 2115 1120 2184 ln
1152 2119 1295 2187 Homero
1324 2120 1482 2210 legimus:

294 2227 370 2291 ἀλλ’
405 2221 456 2292 θτε
490 2225 526 2303 δη
560 2229 614 2302 την
650 2234 736 2301 νῆσον
773 2225 906 2308 ἄφίκετο
943 2225 1070 2302 τηλθθ·
1094 2226 1241 2292 loires.
1288 2228 1339 2294 Ad
1366 2227 1483 2296 ultime

293 2335 511 2412 Aristonicus,
549 2335 726 2400 Aristarchi
759 2337 869 2400 critica
902 2337 994 2423 signa
1023 2337 1301 2421 interpretaturus:
1335 2337 1408 2416 τοθς
1439 2336 1482 2402 τὰ

292 2441 359 2522 περὶ
388 2451 444 2518 τῆς
475 2439 615 2520 τλοθνης,
647 2439 693 2507 ὅτι
721 2440 815 2522 cippo
841 2465 898 2506 του
924 2441 954 2505 ἐν
978 2441 1241 2520 θντετοτιτμέυοις
1266 2439 1382 2515 τθτοις.
1415 2443 1483 2528 [θο-

292 2549 430 2636 οθστοις]
462 2548 540 2633 Φησὶ
564 2552 640 2627 γοῦν
662 2549 766 2624 τηλθθι
790 2571 847 2613 του
870 2549 924 2624 την
951 2558 1036 2624 νιῑσον
1060 2543 1148 2616 eluar.
1173 2547 1224 2614 rel
1250 2553 1322 2631 πρὸς
1346 2549 1389 2615 τὰ
1414 2549 1481 2632 τερ)

293 2653 462 2734 Ὀλύμπου
497 2655 712 2732 cessariensis
750 2656 776 2720 si
808 2655 871 2733 γὰρ
901 2657 946 2733 rei
977 2657 1039 2722 cirri
1071 2654 1267 2731 Μακεδονίας
1298 2656 1401 2730 teror
1426 2655 1483 2734 ἐξ·

291 2769 410 2847 ορμᾷ,
436 2765 510 2828 ἀλλ’
534 2761 643 2829 θνυθεν
667 2759 702 2840 ἐξ
725 2764 865 2843 οὐρανοῦ,
890 2763 954 2828 οὐκ
979 2762 1022 2829 ἂν
1046 2764 1190 2838 τολλην
1236 2765 1395 2850 τιῑλθεν,
1426 2761 1481 2838 ἔοις

291 2870 332 2942 εἷς
368 2873 423 2943 τὴν
450 2869 537 2944 νῆσον
559 2868 825 2954 rapaci-inser,
849 2870 925 2934 ἀλλ’
949 2869 1035 2942 εὐθὺς
1059 2869 1219 2948 βουληθεὶς
1244 2870 1481 2938 sarcinalium

273 2973 461 3055 ⁴reciproce.
493 2975 575 3064 (PQ)
608 2973 677 3041 lum
708 2979 866 3062 primum,
900 2983 937 3041 ut
968 2979 1084 3062 raptim
1112 2977 1272 3054 iudicavi,
1298 2983 1355 3044 sut
1378 2979 1408 3044 ἐν
1433 2979 1482 3043 ἐκ·

288 3083 516 3161 τετοτισμθνοις
558 3085 660 3156 τθντοις
701 3084 767 3149 κοιλ
810 3083 956 3164 οθοοθστοιο
993 3082 1213 3162 scribendum,
1250 3091 1307 3151 eut
1341 3123 1383 3134 --
1419 3105 1481 3172 quo

288 3189 391 3257 multo
414 3192 519 3278 magis
543 3191 660 3255 inclino
676 3190 902 3256 -delendum
926 3191 1072 3270 ιὲοοθοτοις
1097 3191 1368 3276 interpretationis
1386 3213 1480 3260 cause

287 3299 327 3364 ed
351 3298 541 3388 exquisitius
565 3296 828 3376 ἕκτοτοτιομένοις
855 3297 1060 3384 adscriptum.
1107 3297 1209 3363 Nobis
1233 3304 1264 3363 et
1288 3319 1337 3364 res
1360 3307 1393 3366 et
1412 3321 1480 3368 ver-

289 3404 366 3470 bum
401 3408 476 3470 nota
509 3409 583 3469 sunt
618 3425 656 3470 ex
691 3406 731 3470 iis
766 3425 845 3491 quae
879 3425 974 3490 super
1009 3425 1045 3470 ea
1076 3407 1237 3492 congessit
1268 3403 1419 3473 hchreius
1447 3407 1479 3472 in

273 3512 471 3577 'Aristarcho
495 3532 524 3596 p.
550 3509 627 3588 247,
653 3511 701 3576 2⁸⁸
725 3511 773 3576 ed.
797 3511 874 3577 Post
897 3512 982 3576 huno
1005 3531 1115 3577 omnes
1137 3510 1223 3576 locos
1245 3511 1308 3578 huc
1331 3514 1480 3581 facientes

287 3619 321 3683 iu
344 3639 445 3683 unum
468 3617 636 3684 conferam.
684 3616 819 3704 Legitur
843 3619 978 3682 verbum
1002 3619 1022 3700 ζ
1043 3615 1125 3682 204:
1151 3614 1196 3681 i'rr
1216 3623 1326 3699 σοφῶς
1348 3620 1478 3685 ἐντοῦθοο

288 3725 544 3802 ἐκτετοτιτμένην
567 3747 625 3788 του
649 3723 702 3788 sal
727 3722 867 3803 ἐσχάτην
890 3727 946 3799 την
969 3731 1027 3789 τῶν
1053 3722 1197 3789 Φοιιοθκιον
1220 3725 1325 3805 χώραν
1344 3725 1479 3809 θΦθττοι-

285 3855 357 3910 τοι,
393 3833 425 3897 οὐ
461 3833 515 3908 την
550 3830 722 3910 Κέρκυραν,
761 3850 857 3915 quem
892 3829 1000 3896 locum
1039 3833 1107 3916 ipse
1145 3829 1294 3896 Lchrsius
1325 3834 1477 3898 restituit.

284 3937 405 4005 Deinde
439 3963 456 4012 η
482 3935 565 4002 321:
599 3935 821 4002 ἐκτετθτιστοοι
858 3937 901 4002 τοὶ
930 3945 984 4014 τῆς
1015 3929 1146 4013 πλάνης.
1170 3945 1225 4012 τῆς
1250 3937 1315 4017 γὰρ
1340 3939 1477 4021 Σχερθοις

285 4044 380 4126 cippo
412 4043 489 4122 Φησὶ
519 4045 574 4120 την
603 4041 751 4120 Εὔβοιον.
786 4044 857 4109 ἴδιον
891 4043 941 4131 (δὲ
971 4044 1044 4131 ins.)
1076 4048 1166 4110 τοῦτο
1188 4051 1246 4110 τῶν
1269 4045 1400 4125 serpes
1423 4050 1478 4121 τῆς

285 4149 449 4224 Ἐλλοθδος.
474 4149 527 4237 (Ρ)
553 4153 567 4216 θ
593 4149 675 4218 5572
700 4150 798 4233 τούτῳ
821 4151 901 4236 (cod.
920 4154 1024 4238 τοῦτο’)
1043 4151 1173 4234 Φονεοὸν
1194 4146 1239 4216 θτι
1260 4151 1477 4218 ἕκτιτθτιστοοι

285 4262 302 4334 ἡ
326 4257 429 4332 τλθνη
455 4273 539 4332 κτλ..
563 4258 602 4324 dc
626 4277 688 4344 quo
711 4257 781 4324 loco
804 4260 870 4323 ism
894 4261 928 4324 in
951 4259 1211 4345 praecedentibus
1235 4261 1363 4348 egimus
1371 4279 1379 4337 ;
1406 4261 1477 4326 xl:

281 4369 313 4434 οὐ
341 4367 401 4436 τοὶς
427 4364 537 4432 Αἰόλου
562 4369 669 4440 νήσους
692 4369 745 4428 νῦν
770 4363 946 4442 λεγομένας
971 4365 1059 4430 ailad
1083 4387 1152 4431 τινοι
1177 4363 1278 4442 ἄλλην
1302 4367 1479 4432 emam-

279 4475 372 4555 μένην
408 4479 494 4550 νῆσον
531 4471 628 4551 λέγει.
666 4469 774 4537 ιι2οτ
811 4473 891 4546 τινὲς
930 4471 961 4537 δὲ
993 4473 1052 4546 τὰς
1085 4472 1192 4546 oleove
1223 4473 1345 4546 τούτοις
1379 4475 1409 4538 ἓν
1434 4475 1476 4555 τῷ
