3242 5140
835 279 901 390 νε

310 478 342 556 ί,
370 475 447 544 547.
494 475 581 542 Ἀντί
606 479 795 558 κασιγνήτου
819 476 914 556 ξεῖνός
939 479 964 542 t'
986 475 1089 552 ίκέτης
1115 499 1150 540 τε
1172 472 1323 540 τέτυκται

491 582 590 664 οίνέρι,
616 581 647 656 ιίς
668 583 699 650 τ’
724 583 829 663 ίλίγον
854 609 909 665 περ
934 582 1073 664 emeat„
1097 581 1313 664 πραπίδεσσιν.

264 689 389 758 Ultima
421 711 482 756 non
515 711 590 756 sane
622 690 761 759 dilucide
793 691 879 758 dicte
910 693 956 756 sic
991 693 1193 775 exponuntur
1227 690 1261 752 in
1296 685 1344 751 r:
1379 685 1463 749 ε’τι·

265 795 474 878 τυγχοίνη,
511 805 752 880 καταφρονῇ
789 799 831 878 τῷ
864 796 972 862 κατὰ
1005 797 1110 876 μικρὸν
1142 793 1313 876 φρονήσεως
1347 791 1464 873 έχοντι.

265 906 394 977 πιθανῶς
427 905 458 968 δέ
490 907 544 979 την
576 905 688 969 ἐκείνου
722 904 831 986 χρείαν
864 902 1014 982 κατέμιξε
1047 913 1085 984 τῇ
1119 901 1276 982 ἒρωτίσει,
1304 897 1354 964 ίνοι
1379 898 1465 978 μοίέη

266 1016 324 1077 ποῦ
360 1011 408 1074 δεῖ
440 1011 576 1089 πέμπειν
609 1011 713 1077 αὐτόν.
761 1011 833 1078 Non
861 1010 1014 1098 intellego
1047 1010 1099 1076 hic
1131 1014 1338 1088 καταφρονεῖν
1361 1025 1464 1090 neque

266 1137 402 1202 usquam
432 1117 576 1182 locorum
606 1119 674 1184 ridi
703 1139 778 1183 cum
803 1118 912 1184 dativo
935 1123 1113 1192 structum,
1138 1135 1239 1202 neque
1262 1115 1367 1199 msgis
1390 1118 1464 1192 φρο-

268 1227 378 1300 νήσεως
412 1223 497 1303 ἔχειν
529 1222 612 1288 mihi
634 1223 763 1309 quidem
787 1224 1076 1310 expeditissimum.
1125 1221 1299 1288 Videsmus
1323 1239 1363 1286 cn
1387 1219 1465 1284 haec

172 1388 176 1398 .
268 1329 464 1416 expeditiora
486 1329 595 1396 lutura
618 1330 700 1395 sint:
726 1329 974 1411 έπιίιγγοίνη
999 1330 1066 1394 καί
1098 1327 1302 1408 ὂμοφρονῦ
1328 1327 1370 1406 τῷ
1395 1322 1463 1389 καί

268 1439 373 1518 μικρὸν
407 1440 577 1518 Φρονησειος
612 1435 726 1517 ἔχοντι.
775 1437 913 1504 Plurimi
943 1440 1155 1522 interpretum
1184 1430 1385 1520 (Apollonius
1411 1432 1466 1494 So·

269 1543 393 1628 phista,
418 1542 621 1629 Hesychius,
645 1542 772 1628 Suidcs)
801 1541 940 1626 έπιψοιύη
963 1542 1099 1608 reddunt
1122 1562 1178 1627 per
1201 1537 1389 1619 έπιέιγγοίνη
1413 1535 1466 1602 rel

269 1650 402 1731 ἐτιίίγρ.
449 1649 545 1726 Mox,
572 1656 609 1714 ut
632 1652 817 1734 saepissime
841 1653 875 1714 in
897 1648 940 1735 Τ,
965 1651 1155 1735 praepositio
1179 1651 1252 1714 ente
1272 1653 1366 1726 φρονῇ
1390 1663 1466 1710 casu

269 1759 386 1821 omissa
418 1761 485 1840 est,
510 1776 572 1841 quo
595 1757 679 1822 secto
704 1757 756 1820 καὶ
781 1757 896 1823 abiisse
920 1756 1048 1822 videtur
1071 1759 1104 1820 in
1128 1755 1224 1820 κοτέ.
1272 1752 1310 1817 ln
1332 1770 1465 1836 sequen-

270 1863 358 1928 tibus
388 1862 608 1928 scribendum:
640 1859 690 1928 ἵνα
720 1863 804 1946 pec„
828 1871 898 1930 ποῖ
920 1864 966 1927 δεῖ
988 1863 1123 1941 πέμπειν
1142 1851 1253 1927 αὐτόν.

317 2078 351 2152 ί,
377 2075 453 2142 564.
501 2077 700 2142 ’λίετοῦνται
725 2078 802 2162 (rss.
827 2075 1038 2162 564-571p
1062 2075 1236 2156 οἰκειότερον
1259 2077 1323 2155 γὰρ
1347 2076 1376 2140 έν
1401 2082 1465 2146 τοῖς

268 2179 359 2260 ἑξῆς,
390 2179 464 2248 ίτοιν
494 2182 580 2247 ίδωσι
611 2185 665 2258 την
699 2188 773 2248 ναῦν
804 2182 1071 2261 οίπολελιίσμένην
1101 2184 1158 2248 ὑπὸ
1188 2188 1242 2248 τοῦ
1267 2181 1466 2254 Ποσειδῶνος,

271 2291 304 2354 ἐκ
334 2293 387 2354 τοῦ
420 2291 696 2368 ἀποτελέσματος,
726 2287 825 2370 ίίσπερ
856 2290 870 2354 ί
903 2292 1042 2370 Κύκλωψ
1075 2267 1133 2356 νίπὸ
1157 2295 1211 2354 τοῦ
1225 2336 1326 2355 .....
1350 2289 1466 2368 οένιιμι·

272 2399 462 2477 μνίσκεται,
487 2396 539 2462 καί
565 2400 581 2472 ἡ
607 2397 720 2477 Κίρκη·
748 2395 787 2475 ,ἦ
812 2398 849 2463 σύ
873 2396 908 2476 γ’
923 2397 1091 2470 Ὀδυσσεύς
1116 2395 1201 2461 ἐστί’
1214 2398 1245 2484 (κ
1258 2394 1349 2482 330)·
1364 2395 1463 2481 [καί]

271 2505 405 2569 ἐνταῦθα
439 2502 469 2568 δέ
502 2509 782 2581 παλιλλογοῦνται.
809 2505 834 2569 εί
860 2504 890 2569 δὲ
913 2502 1010 2582 έμοιίε
1034 2503 1204 2578 Ὀδυσσεὺς
1229 2504 1281 2568 τὸν
1304 2500 1466 2586 χρητμίν,

270 2612 324 2676 οὐκ
354 2609 392 2678 δν
423 2612 527 2682 αὐτοῖς
562 2610 695 2687 ἐμήνυσε
728 2613 770 2676 τοί
804 2611 877 2690 ὑπὲρ
911 2613 1025 2695 αὐτοῦ,
1050 2611 1115 2678 οὐδέ
1141 2610 1296 2680 ’Λλκίνοος
1322 2607 1467 2690 ἔπεμψεν

272 2715 366 2780 αὐτὸν
391 2715 546 2798 ὑπερβολῇ
571 2715 763 2796 Φιλοξενίας.
790 2717 880 2782 ιίλλοὶ
906 2718 958 2782 καί
984 2717 1064 2798 εὐχὴ
1088 2716 1199 2796 γέγονε
1222 2720 1277 2780 τοῦ
1298 2716 1468 2784 Kisamos

274 2824 351 2903 „tor
384 2811 483 2894 κακῶς
516 2823 594 2887 έλίοι
624 2823 689 2898 νηὸς
719 2822 770 2886 ἐπ’
797 2823 978 2902 ἀλλοτρίης”
1004 2824 1027 2910 (ι
1053 2822 1156 2906 535.).
1185 2824 1273 2890 ἀλλὰ
1298 2822 1352 2888 καί
1377 2823 1468 2887 αὐτοὶ

271 2929 341 3002 ίσιος
367 2928 488 3010 ἔχαιρον
512 2938 550 3008 τῇ
582 2932 710 3008 πηρώσει
735 2935 788 2994 τοῦ
815 2930 1001 3015 Κύκλωπος,
1025 2931 1063 2996 δι’
1088 2931 1189 2994 αὐτῶν
1214 2929 1468 3007 ἀναγκασθέντες

272 3041 464 3113 μετοικῆσαι.
490 3034 543 3120 (Τ)
578 3035 655 3101 Post
686 3037 830 3100 virorum
862 3037 1028 3104 doctorum
1052 3058 1143 3104 eures
1167 3036 1261 3122 pluro
1284 3039 1471 3102 etiamnunc

273 3163 368 3228 super
396 3144 455 3209 hac
485 3149 561 3206 nota
587 3142 869 3208 animadverterim
892 3150 1082 3232 supersunt·
1121 3143 1189 3212 lom
1213 3146 1358 3230 primum
1381 3143 1468 3208 lecu·

273 3271 348 3314 nem
372 3257 443 3334 post
467 3249 524 3313 ὑπὸ
549 3253 602 3312 τοῦ
628 3249 706 3313 olim
730 3269 769 3313 er
790 3252 970 3318 coniectura
988 3250 1127 3317 Uobetus
1143 3251 1194 3332 sic
1213 3251 1387 3318 sarciebat:
1408 3249 1465 3314 ὑτδ

273 3361 326 3421 τοῦ
361 3355 422 3420 ίνέ
430 3377 557 3433 ματος
584 3355 865 3448 ἀναμιμνήσκεται.
893 3356 1025 3444 (Mnem.
1050 3357 1091 3422 N.
1116 3355 1149 3426 S.
1174 3357 1208 3436 I,
1238 3354 1336 3435 1873,
1363 3377 1394 3443 p.
1419 3355 1465 3444 2).

172 3493 174 3500 ·
274 3463 461 3528 Ludwichic
482 3467 590 3527 autem
611 3465 739 3527 auctore
758 3464 792 3526 in
815 3463 923 3530 codiee
942 3483 1005 3529 non
1025 3464 1086 3530 hoc
1105 3463 1243 3552 legitur,
1265 3463 1320 3530 sed
1342 3463 1400 3528 ὑπὸ
1413 3465 1466 3528 τοῦ

273 3571 424 3648 μάντεως.
439 3569 483 3652 (p.
498 3565 588 3650 449).
612 3565 658 3632 At
677 3588 739 3632 non
759 3575 890 3652 possunt
910 3570 987 3636 haec
1006 3576 1091 3636 recte
1112 3570 1362 3656 scriptahcbcri.
1393 3567 1466 3635 Non

274 3679 358 3742 enim
388 3671 524 3761 Cyclops
553 3695 609 3758 per
637 3689 747 3740 vatem
771 3681 911 3742 veterem
936 3675 1044 3742 Ulixis
1070 3677 1270 3755 recordetur,
1294 3676 1350 3742 sed
1374 3675 1468 3761 plene

274 3789 384 3848 contra
415 3787 479 3846 est:
511 3787 658 3866 percepto
691 3781 798 3846 Ulixis
827 3784 956 3848 nomine
980 3789 1086 3849 celeris
1111 3784 1248 3850 vaticinii
1272 3783 1466 3848 recordatur.

274 3888 373 3955 Mitto
397 3887 517 3962 dicere,
538 3890 637 3953 sirei
660 3887 800 3965 μοίντεσς
819 3909 932 3954 rerum
954 3895 1052 3963 esset,
1073 3911 1136 3955 non
1156 3891 1321 3958 cohaerere
1333 3909 1467 3974 sequens

275 3995 326 4060 sai
353 3996 369 4068 η
396 3994 507 4074 Κίρκη,
531 4015 611 4080 quae
635 4014 697 4060 non
720 4015 776 4080 per
799 4000 905 4070 vatem
931 3996 985 4061 sed
1009 4017 1065 4081 per
1083 3995 1279 4062 Mercurium
1300 3995 1340 4062 de
1363 3995 1468 4062 Ulixis

275 4102 413 4168 adventu
443 4108 675 4186 praemonetur.
710 4105 742 4186 (κ
768 4099 972 4186 eoo-332.)
1004 4101 1115 4188 ltaque
1140 4105 1308 4188 adsumpto
1332 4109 1468 4189 utroque

274 4207 443 4293 vocabulo,
464 4207 564 4275 altero
581 4208 665 4294 quod
685 4211 718 4274 in
738 4207 847 4274 codice
868 4208 957 4274 adest
968 4208 1081 4278 leviter
1093 4216 1247 4286 correcto,
1265 4211 1466 4295 scripserim:

275 4313 372 4397 ίίσπερ
403 4317 417 4381 ὁ
440 4315 578 4398 Κύκλωψ
603 4315 659 4378 ὑπὸ
684 4321 737 4380 τοῦ
765 4314 981 4399 (ὀνόματος
1011 4321 1095 4402 τῆς)
1119 4317 1327 4395 μαντείας
1352 4319 1468 4396 ἀναμι-

273 4425 464 4508 μνήσκεται,
498 4422 550 4488 καί
584 4422 601 4496 ἡ
629 4422 733 4500 Κίρκη.
782 4419 883 4504 Tum,
908 4424 1008 4488 eiecto
1032 4426 1102 4502 καί,
1129 4425 1169 4490 ad
1191 4429 1467 4526 παλιλλογοῦνται
