3278 5148
762 361 828 431 ‘275

199 554 303 640 τοιι.)“
326 553 483 632 Φιλόξενος
509 557 539 621 δὲ
565 557 594 620 ἐν
619 552 638 637 ᾗ
660 555 755 628 οὐδείς
780 556 938 634 μολίοιιει,
963 557 1127 635 οίμολγδς
1152 556 1204 621 κω)
1228 555 1389 634 οίμολγίς·

201 658 334 748 (stipssi
359 664 528 729 scribatur:
556 663 689 742 οίμολίς
714 665 766 728 acl
792 665 966 750 οίμολγίς·)
988 665 1039 728 νισι)
1065 663 1183 742 σίβροτίι
1207 664 1389 750 (λσίβρότη)

200 769 262 848 γὰρ
288 770 317 833 ἐν
339 765 358 850 ᾖ
381 769 483 850 βροτοί
509 771 541 836 οὔ
566 776 719 851 Φοιτῶσιν.
765 769 930 857 Explicuit
952 773 997 836 ita
1021 791 1144 857 quoquc
1173 771 1389 859 Etymclogus

199 875 350 962 Magnus,
373 883 552 941 nostrorum
573 882 679 942 tamen
699 876 892 942 scholiorum
912 877 1121 962 explicatione
1140 897 1202 942 non
1216 877 1387 943 admodum

199 982 361 1070 eleganter
379 983 518 1049 adiecta:
541 984 744 1065 ’λμολγςῖν
763 983 900 1064 Ὅμηρος
927 984 1053 1063 »νυκτὸς
1076 983 1245 1065 οίμσλγῷ”ι
1270 1023 1312 1034 -
1331 993 1387 1061 τῆς

199 1089 346 1173 ἑσπέριος,
378 1089 460 1171 cirri
486 1093 689 1173 μεσονυκπίω,
715 1092 799 1156 καθ’
824 1088 837 1156 i
864 1094 931 1157 οὐκ
955 1093 1231 1169 οίμέλγουσιν·
1258 1091 1388 1172 ίσπίρσις

197 1196 261 1276 γὰρ
286 1197 336 1262 rai
364 1197 478 1276 ἡμέροις
503 1199 622 1264 siccae
647 1204 736 1264 τοῦτο
762 1208 869 1264 ποιεῖν.
891 1199 907 1274 ἢ
933 1199 968 1262 ἓν
991 1203 1111 1280 κοιρῷ
1136 1201 1170 1264 ἐν
1194 1192 1215 1280 ᾦ
1239 1223 1284 1263 συ
1293 1200 1350 1278 μβ
1359 1200 1388 1264 ε’-

197 1291 322 1382 βηκεν
357 1304 623 1383 ἀμέλγεσθαι
659 1307 708 1370 σοὶ
744 1307 948 1387 πρίβοιποι.
987 1310 1003 1382 ἢ
1041 1306 1128 1386 παροδ
1159 1305 1193 1371 τὸ
1225 1313 1309 1384 μολῶ
1335 1307 1386 1371 aci

198 1413 384 1492 πλεονασμῷ
415 1415 468 1476 τοῦ
501 1436 524 1490 γ
558 1410 712 1498 (multum
744 1413 857 1478 malim
890 1413 1000 1478 κοισοδ
1032 1413 1241 1490 πλεονασμὸν
1272 1417 1325 1478 ποῦ
1349 1413 1386 1498 γ)

196 1518 318 1598 coryci,
346 1517 398 1582 κοιί
424 1519 509 1595 μεπίι
534 1524 587 1583 τοῦ
611 1525 789 1598 στερητικοῦ
815 1543 836 1582 ω
859 1521 1012 1600 ἀμολγῷ,
1039 1521 1069 1584 ἐν
1090 1517 1108 1602 ᾗ
1128 1519 1389 1596 οὖδείςμολίοιιει.

196 1621 288 1696 οὕτως
323 1625 445 1704 Ὠρίων.
493 1625 692 1711 Explicatiuc
722 1629 791 1714 agit
822 1635 986 1712 excerptor
1018 1628 1147 1712 quidam
1182 1630 1216 1692 in
1253 1625 1388 1692 Scholiis

196 1729 235 1794 ad
266 1729 356 1795 lliad.
395 1741 421 1796 0
448 1731 513 1796 324
537 1755 554 1798 e
578 1732 735 1817 lipsiensi
759 1733 864 1798 codice
888 1733 940 1818 (b)
967 1733 1080 1800 editis:
1106 1735 1131 1798 σί
1155 1735 1211 1812 μὲν
1236 1735 1269 1799 ri
1294 1734 1387 1809 μέσον

195 1845 250 1911 πῆς
276 1837 379 1910 νυκτὸς
405 1838 548 1917 λέγουσιν
572 1841 624 1904 ani
650 1841 770 1918 γίνεποιι
795 1841 858 1905 cirri
883 1843 936 1904 τοῦ
961 1866 981 1904 οι
1008 1843 1184 1919 στερητικοῦ
1208 1843 1309 1920 μορίου
1333 1839 1386 1904 xci

195 2069 318 2136 quoquc
341 2053 516 2139 corrigam:
541 2055 647 2117 acroi
673 2053 904 2136 aacoracaivl
928 2059 981 2119 τοῦ
1006 2080 1039 2133 γ.
1066 2057 1091 2120 ci
1117 2057 1148 2120 δὲ
1172 2057 1240 2130 τὴν
1270 2055 1384 2118 ἕσπέ-

195 2181 281 2237 ρσιν,
320 2157 356 2221 ἐν
392 2154 411 2240 ᾖ
446 2159 714 2236 σίμὲλγουσιν.
746 2162 771 2224 ci
806 2161 837 2226 δὲ
869 2161 1127 2242 γλωσσογράφοι,
1153 2161 1246 2240 ἤγουν
1269 2165 1386 2226 Ἀπίων

196 2265 246 2328 xci
272 2265 448 2344 Ἡρόδωρος,
474 2268 529 2338 riv
553 2267 667 2343 οίκμιίν.
698 2265 834 2332 Brevem
858 2271 891 2331 in
916 2269 1047 2333 eandem
1072 2271 1383 2335 sententiamnotam

195 2371 234 2436 ad
258 2383 287 2436 A
314 2369 377 2436 173
402 2374 454 2456 (er
479 2372 550 2460 AD)
577 2378 609 2437 et
633 2374 809 2439 breviorem
835 2377 932 2439 eliam
957 2373 1113 2461 Hesychii
1132 2373 1271 2462 glossam
1291 2376 1384 2439 cmit-

197 2485 262 2544 tere
286 2478 396 2545 licebit
419 2479 501 2544 nihil
523 2481 597 2545 novi
621 2479 824 2546 conferentes.

761 2693 821 2759 IV.

239 2925 270 2978 ε,
296 2900 326 2966 l.
373 2902 463 2982 Quod
499 2904 532 2967 in
568 2902 717 2969 omnibus
748 2904 912 2990 hucusque
943 2905 1034 2972 libris
1067 2928 1126 2972 usu
1157 2909 1264 2984 venit,
1297 2907 1384 2973 idem

192 3009 294 3094 quinti
327 3029 451 3094 quoque
480 3009 555 3075 libri
588 3009 707 3075 scholia
738 3011 976 3100 adgredientem
1008 3014 1163 3092 advertit,
1188 3020 1226 3078 nt
1250 3035 1288 3080 ex
1311 3021 1386 3079 ncta

192 3113 232 3179 ad
262 3117 404 3199 primum
436 3118 547 3180 statim
577 3137 707 3182 vorsum
738 3115 820 3183 levis
848 3117 973 3184 macula
996 3119 1129 3185 eluenda
1153 3123 1205 3187 eit.
1251 3120 1386 3208 Legitur

193 3221 225 3286 in
250 3221 295 3286 V:
323 3223 337 3286 ί
361 3222 528 3299 Ἐνδυμίων
551 3225 683 3301 λίγεποιι
708 3228 907 3290 συνευνοῖσίωι
933 3237 971 3308 τῇ
998 3228 1117 3310 Σελιίνη
1143 3226 1195 3292 aa}
1220 3226 1384 3299 ίΤιίωνὸς

193 3337 232 3408 τῇ
266 3327 396 3411 Ἡμέρᾳ.
428 3331 734 3408 οίλληγορεῒσοιι
769 3331 799 3396 δὲ
831 3331 942 3404 οὕτως·
972 3333 985 3397 δ
1016 3334 1185 3410 Ἐνδυμίων
1217 3335 1259 3406 είς
1290 3331 1386 3410 ἔνυδροι

194 3437 363 3513 κυνηγέτην
541 3439 554 3502 ί
590 3437 621 3503 δὲ
657 3438 787 3510 Τιθωνὸς
820 3440 863 3512 είς
903 3437 1096 3519 σίσπρονίμον.
1154 3439 1309 3522 Quoniam
1347 3439 1386 3504 de

193 3542 317 3608 duobus
352 3565 454 3610 sermo
491 3549 559 3620 est,
595 3548 703 3612 verius
736 3547 815 3612 erit:
848 3548 1183 3628 οίλληγοροῦνπιιι
1215 3545 1247 3611 δὲ
1276 3543 1387 3616 οὕτως·

194 3648 208 3712 ί
233 3649 399 3729 Ἐνδυμίων
424 3651 466 3723 είς
493 3649 587 3731 σίνδριι
612 3651 801 3738 κυνηγέτην,
826 3655 839 3718 ὁ
865 3652 896 3718 δὲ
920 3655 989 3719 Tri.
1013 3669 1083 3718 ιιπλ.

238 3864 419 3931 intricatior
441 3885 490 3930 res
515 3875 562 3930 est
587 3891 600 3930 ε
625 3863 690 3943 29,
716 3866 773 3931 ubi
796 3865 974 3932 Mercurius
1000 3867 1113 3934 alove
1135 3887 1208 3932 cnm
1227 3867 1389 3933 mandatis

194 3970 233 4038 de
263 3971 358 4038 'Ulixe
390 3972 581 4038 dimittendo
615 3972 654 4038 ad
686 3971 863 4060 Oalypsum
896 3977 1055 4040 mittitur:
1083 3975 1235 4054 Ἐρμείοι·
1261 3975 1298 4039 σὺ
1324 3975 1387 4052 γοὶρ

194 4075 271 4145 cire
293 4077 336 4143 σοί
356 4080 386 4144 τ’
407 4077 496 4143 ἄλλοι
517 4104 572 4158 περ
595 4079 737 4157 ἄγγελός
759 4081 835 4144 ἐσσι.
871 4079 1081 4146 Observatur:
1104 4083 1133 4144 ἐν
1154 4082 1211 4156 μὲν
1228 4079 1335 4146 Ἰλιοίδι
1349 4091 1388 4164 τῇ

190 4184 277 4264 Ἴριδι
299 4195 414 4265 χρῆσαι
436 4184 579 4270 διακόνῳ,
593 4191 836 4262 κωτοιπληιισιιιη
848 4188 912 4269 γὰρ
929 4187 979 4252 aci
994 4196 1056 4257 τοῖς
1070 4195 1248 4265 πολεμικοῖς
1262 4188 1388 4252 ἔοικυῑοο.

194 4297 210 4369 ἡ
245 4293 277 4359 δὲ
309 4295 480 4359 Ὀδιίσσειοι
508 4294 646 4372 μυθώδης
672 4293 755 4359 ἐστίν
779 4296 816 4367 ὥς
842 4295 894 4359 xci
920 4296 933 4360 ί
958 4298 1084 4375 Ἑρμῆς.
1109 4293 1338 4376 πωρωπηρηπίον
1363 4297 1390 4360 δ’

193 4397 239 4467 irs
265 4402 318 4466 ιιοιί
345 4403 374 4466 εἰι
399 4401 505 4468 Ἰλιοίδι
531 4399 623 4478 circi
646 4401 791 4484 ἔπίμΦίη
816 4405 866 4481 τῷ
889 4409 972 4474 ποίς
998 4401 1164 4483 λύτροις
1188 4401 1391 4467 διωσῶσοιι

193 4513 259 4576 σὸν
292 4511 487 4591 Πρίσμον.
519 4507 662 4598 (HPQT)
695 4507 732 4574 ln
763 4511 867 4598 priore
899 4510 1014 4576 scholii
1033 4517 1123 4599 perte
1147 4509 1174 4576 Τ
1198 4510 1253 4576 dat
1281 4509 1311 4574 ίν
1334 4511 1390 4588 μὲν
