3220 5144
731 303 796 381 471

170 495 265 590 genn
294 508 473 590 speetemus
495 503 666 568 sententies
690 501 757 567 sive
780 503 1009 570 sententierum
1033 507 1303 572 continuationem
1327 507 1360 574 et

170 616 332 686 tenorem,
362 609 445 676 nihil
476 608 588 674 elicere
619 606 731 682 detur,
757 609 840 693 qnod
863 629 977 676 senum
1000 613 1043 675 sit
1066 617 1161 697 etque
1182 615 1357 702 integrum.

170 715 281 804 Neque
304 715 393 782 eliud
415 701 557 782 Mehleri¹
576 714 734 780 indicium
760 722 808 782 est
830 716 907 782 hese
931 718 1128 785 adnotentis:
1161 720 1358 800 „conpleme-

171 828 242 888 tum
274 819 380 890 loenm
410 821 496 888 hund
526 819 618 887 fenile
649 819 785 886 arbitror
807 827 1016 901 exstiturum,
1044 827 1100 910 qni
1122 825 1169 891 its
1189 828 1288 913 possit
1311 848 1358 893 ss·

170 951 263 1007 nere,
295 936 333 996 ut
364 931 432 1014 ipse
455 929 616 1014 seripturis
639 933 766 993 revooet
789 928 901 1007 verbe3
926 929 1011 995 cutes
1034 953 1071 996 αο
1094 933 1269 997 sentenciam
1292 935 1359 1018 qoi-

171 1039 235 1102 dee
256 1060 294 1100 οα
315 1037 371 1119 s's'e,
394 1058 470 1120 quoe
493 1042 563 1099 sunt
583 1035 617 1096 νἰν
636 1045 761 1119 utroque
779 1037 877 1100 codiee
894 1037 992 1102 eodem
1012 1039 1095 1102 eredo
1114 1039 1219 1103 uitione
1236 1041 1358 1126 νοντ’]νθο,

170 1143 353 1208 ooniioteedo
389 1141 459 1206 licet
493 1139 639 1226 assequi.’'
691 1137 774 1206 Setis
810 1142 991 1228 desperate,
1028 1149 1123 1230 etque
1156 1147 1203 1209 ita
1238 1152 1275 1210 ut
1309 1146 1362 1211 vel

159 1250 371 1316 eudeoiorem
409 1250 592 1333 qnempiam
625 1247 664 1312 eb
693 1250 781 1312 omni
805 1247 969 1314 divinandi
988 1251 1247 1336 oenieetendique
1270 1273 1360 1317 eone-

170 1359 258 1422 mine
299 1355 455 1420 deterrere
489 1353 627 1420 valeant.
679 1351 737 1418 Vel
772 1356 818 1418 sie
852 1360 962 1420 temen
997 1354 1179 1420 audendum
1214 1356 1359 1442 eliquid3

170 1465 288 1528 etenim
313 1461 581 1548 quemadmodum
605 1459 701 1526 verbe
715 1481 806 1525 nuno
829 1467 930 1536 stent,
955 1467 1039 1527 etnre
1058 1461 1147 1527 nullo
1170 1463 1265 1529 modo
1289 1484 1360 1551 pos·

170 1575 261 1652 sunt,
286 1573 334 1646 et,
360 1573 397 1632 ut
419 1569 453 1632 in
477 1566 644 1654 proverbio
665 1572 731 1650 eet,
756 1566 852 1632 sortes
876 1566 1011 1633 fortune.
1059 1569 1106 1632 Ao
1128 1571 1270 1652 primum
1300 1574 1358 1635 oir-

170 1674 463 1760 onmspioiendum‚
485 1672 597 1758 enquid
616 1671 739 1737 eodiees
759 1671 873 1738 auxilii
886 1673 1098 1758 suppeditent.
1126 1673 1196 1754 Qus
1208 1677 1240 1739 in
1254 1697 1287 1740 re
1299 1676 1357 1742 hoo

170 1780 342 1846 tenendum
366 1784 430 1854 est,
451 1798 579 1846 ornnem
600 1777 776 1844 Hereolitei
795 1783 902 1843 textus
922 1781 955 1843 in
973 1779 1032 1844 hee
1044 1787 1134 1865 perte
1147 1782 1358 1872 constituendi

149 1889 324 1966 'rationem
348 1887 500 1952 contineri
522 1884 645 1950 duobus
668 1884 828 1949 codicibus
852 1883 1033 1962 Vetioenis‚
1059 1889 1087 1950 A
1112 1885 1195 1972 (Vei.
1221 1885 1301 1974 871)
1327 1896 1359 1954 et

169 1991 304 2072 D(Vet
326 1989 416 2077 305).
463 1991 498 2056 In
525 1993 628 2077 priore
656 1995 813 2056 sententie
839 1989 921 2055 nihil
940 1989 1092 2076 opitulari
1112 1992 1275 2071 ridentur,
1303 1995 1357 2061 sed

170 2097 264 2165 eliter
294 2119 328 2164 se
357 2117 406 2163 res
437 2097 534 2163 hebet
555 2099 589 2161 in
612 2099 791 2183 posteriore.
816 2094 846 2161 D
869 2099 955 2162 enim
979 2100 1040 2163 ite:
1066 2107 1201 2181 συνεχῶς
1226 2097 1275 2165 οὖν
1300 2126 1358 2166 κα-

124 2283 127 2292 ,
167 2206 265 2286 θθπερ
295 2204 389 2276 αὐτὸς
419 2203 491 2282 πρὸς
514 2209 610 2285 χῶρον
634 2203 742 2278 ουνθθν
768 2204 818 2268 rte
841 2203 1016 2269 Ἑλικώνιον
1040 2205 1212 2285 ἐφίσταται
1238 2209 1358 2285 λέγων·

168 2309 281 2378 ἔσπετε
311 2315 360 2376 νῦν
392 2334 444 2389 μοι
473 2313 588 2388 μοῦσαι
621 2303 705 2381 ὅστις
736 2310 798 2374 κτὲ.
832 2310 884 2374 καὶ
910 2309 1007 2375 πάλιν
1030 2307 1136 2385 οἵτινες
1160 2313 1241 2386 xri..
1268 2317 1357 2384 θνίκα

167 2427 223 2493 τῆς
248 2421 323 2498 try.
347 2416 476 2496 ανδραγ.
503 2415 681 2498 deduxerat.
731 2417 830 2494 Atin
855 2413 886 2480 A
910 2423 975 2482 est:
1000 2441 1064 2482 ουν.
1087 2415 1134 2484 οὖν
1156 2419 1294 2500 καθάπερ
1315 2422 1357 2492 εἰς
1455 2429 1457 2434 ’

167 2531 264 2605 χῶρον
287 2526 371 2605 αὐτῷ
394 2523 502 2598 σννήθκ
527 2525 578 2587 τὸν
602 2524 772 2587 Ἑλικώνιον
797 2521 969 2597 ἐφίσταται
993 2522 1093 2601 λέγων
1117 2523 1178 2588 ἕοπ
1179 2572 1279 2591 .....
1300 2530 1358 2592 κοθ-

167 2654 248 2712 ρανοι
273 2626 367 2707 ἦσαν,
393 2630 410 2704 ἢ
434 2629 532 2693 πάλιν
557 2629 646 2704 θνθκα
670 2638 725 2702 τῆς
750 2629 874 2705 'Arae
902 2627 984 2708 θνθρ.
1010 2629 1168 2710 θνὲρχεται
1192 2641 1255 2704 τοῖς
1278 2634 1357 2711 τρισὶ

168 2740 242 2812 θεοθς
261 2735 309 2817 ’θα
335 2760 435 2814 υυμμ.
462 2738 574 2814 ὑμνῶν·
599 2733 712 2800 ἕσπετε
736 2783 835 2799 .....
860 2735 961 2806 dorios
986 2733 1084 2810 ἦλθεν.
1132 2735 1223 2803 Unde
1242 2745 1274 2803 et
1293 2739 1357 2805 elie

168 2844 323 2910 dieoimus
346 2850 377 2909 et
400 2845 477 2920 hoe,
502 2864 575 2909 eum
600 2843 827 2908 sententiarum
852 2847 1009 2925 tenerem,
1033 2845 1209 2928 pessimum
1234 2851 1266 2908 et
1288 2865 1357 2930 per-

115 3037 117 3040 ·
168 2951 443 3034 turbatissimum,
464 2971 557 3034 quern
577 2950 683 3014 neseio
703 2947 787 3013 unde
810 2946 974 3015 Mehlerus
993 2947 1165 3014 lectoribus
1182 2953 1354 3035 proposuit,

49 3139 52 3148 ‚
87 3131 92 3138 ,
167 3060 312 3124 neutrius
347 3057 462 3122 eodiois
496 3057 684 3121 anctoritate
719 3055 790 3118 niti.
836 3053 947 3139 Neque
977 3054 1037 3119 hoo
1067 3056 1114 3120 ite
1143 3056 1231 3132 dieo,
1264 3062 1355 3142 qussi

168 3184 260 3248 quem
291 3162 414 3230 codioes
443 3163 594 3249 praebent
622 3162 764 3227 ordinem
796 3181 870 3225 eum
897 3160 1136 3245 praeferendum
1159 3167 1192 3228 et
1214 3165 1356 3250 empieo·

167 3269 301 3338 tendum
335 3270 530 3335 existimem.
575 3267 660 3334 Nem
695 3267 748 3333 hio
784 3287 907 3354 quoqne
943 3276 975 3333 et
1006 3270 1074 3354 ipse
1108 3290 1274 3353 perversus
1308 3279 1356 3337 est

167 3397 268 3465 neque
290 3379 324 3441 in
347 3385 480 3462 utroque
498 3373 605 3440 eodiee
623 3374 720 3440 idem.
745 3373 806 3440 Sed
827 3395 900 3438 eum
918 3374 993 3439 hino
1012 3377 1177 3460 perspicue
1196 3384 1354 3463 apparent,

168 3486 233 3564 iem
266 3485 443 3569 untiquitus
466 3481 519 3547 hie
540 3479 682 3547 locorum
706 3480 739 3545 in
763 3483 929 3546 sententiis
952 3482 1172 3548 connectendis
1196 3503 1263 3548 esse
1285 3505 1356 3568 pee-

169 3595 294 3668 eetum,
323 3597 356 3655 et
385 3589 424 3654 ed
456 3588 662 3654 deserendum
692 3587 924 3654 Mehlerienum
956 3587 1098 3653 ordinem
1122 3594 1233 3674 sponte
1256 3589 1358 3656 ullioi·

169 3716 260 3773 mur,
295 3703 328 3762 et
362 3697 421 3762 hoe
456 3693 538 3761 olere
572 3696 801 3780 perspicimus,
832 3700 983 3780 quattuor
1010 3715 1118 3760 versus
1149 3695 1354 3772 Homericos,

168 3803 395 3870 molestissime
426 3801 510 3888 epud
536 3799 722 3868 Mehlerum
755 3801 914 3868 Heracliti
943 3803 1108 3866 sententiis
1136 3805 1355 3889 interpositos,

169 3913 203 3976 in
224 3915 338 3978 neutro
361 3909 467 3975 eodioe
490 3913 526 3973 ut
549 3907 633 3994 apud
656 3908 739 3973 hune
763 3914 811 4002 est
834 3927 897 3973 uno
920 3912 1026 3973 tenore
1049 3912 1238 3976 continuari.
1286 3910 1354 3976 lem

169 4016 229 4083 hoo
252 4019 330 4083 sutis
353 4022 402 4082 est
424 4021 460 4080 nt
483 4034 558 4080 enne
579 4017 701 4080 ratione
720 4014 800 4081 duee
819 4013 984 4080 meliorem
1004 4015 1147 4081 ordinem
1160 4017 1356 4103 expiseemur

171 4125 272 4191 huno:
312 4125 442 4196 Μούσας
482 4123 539 4199 μὲν
573 4122 710 4200 Ὀμκροι
749 4121 948 4186 ἐπικαλεῖται
990 4121 1061 4192 θεὰς
1106 4125 1268 4205 παρθένους
1304 4125 1353 4190 ἐπὶ

170 4238 234 4302 τοῖτ
264 4228 493 4310 λαμπροτάτοις
518 4234 575 4293 τῶν
599 4227 861 4308 κατορθωμάτων,
887 4221 960 4294 θντου
983 4251 1013 4291 τι
1037 4227 1089 4294 κα)
1114 4229 1250 4308 γεννικόν
1274 4232 1356 4298 ἔστιν

171 4338 353 4416 ἐπίτευγμα
384 4335 437 4401 καὶ
467 4341 523 4409 τῆς
554 4339 721 4415 ἴομηρικθς
752 4333 902 4407 θειθτκτοο
927 4332 1024 4412 ἄξιον,
1048 4337 1130 4420 (τῆς
1153 4339 1192 4404 δὲ
1215 4361 1356 4418 παρου-

173 4442 268 4517 riae
305 4443 447 4531 αὐτῶν)
477 4441 529 4506 οὐκ
554 4437 710 4506 θλαοοον·
743 4435 841 4528 (οἷον)
876 4439 893 4516 ἢ
924 4443 1008 4506 κατὰ
1033 4441 1168 4518 πόλεις
1192 4447 1355 4514 διαταττο·
