3278 5148
867 333 931 398 att.
968 275 972 288 Ι

305 533 410 593 ratum
445 527 579 593 dimisit.
627 526 706 607 Quis
737 527 841 610 capiat
873 527 1096 606 ἡταρασκευὴ
1118 529 1351 610 περιγίγνεται,
1376 529 1496 596 nedum

304 632 519 714 προθυμότερον
543 631 779 714 τεριγίγνεταιί
803 631 853 698 Ne
878 632 981 698 dicam
1003 654 1099 720 prave
1123 637 1177 708 τίρν
1200 637 1398 714 παρασκευὴν
1422 637 1498 702 sub·

303 743 422 806 iectum
457 739 541 818 fieri,
575 761 647 805 curn
685 745 741 805 unt
770 737 898 803 Ulixem
930 746 987 804 aut
1017 740 1184 806 Alcinoum
1219 749 1396 828 oporteret,
1411 745 1498 814 sim·

306 847 432 933 pliciter
464 847 608 914 indicabo
644 844 848 912 scribendum
885 845 968 910 mibi
1001 847 1103 911 videri
1137 848 1299 916 lenissima
1327 851 1499 934 transposi-

305 957 407 1019 tione:
434 989 486 1004 -·
509 951 586 1020 όίστε
620 951 840 1047 προθυμότερον
872 953 1058 1029 γενέσθαι
1085 954 1281 1042 (Alcinoum)
1307 957 1393 1036 περί
1426 957 1496 1029 τὴν

306 1061 564 1142 παρασκευὴν
588 1063 686 1146 (τὴν)
710 1061 780 1139 τορός
806 1059 857 1123 τόν
882 1058 996 1137 νόστον,
1020 1081 1100 1144 quae
1123 1064 1280 1147 scriptura
1302 1062 1385 1128 nihil
1402 1062 1498 1128 relin-

303 1175 379 1254 quet
402 1169 589 1236 offensionis.

350 1408 386 1469 νρ,
412 1383 488 1448 313.
513 1382 562 1447 Ad
585 1382 669 1445 hunc
692 1399 840 1461 versum,
866 1384 902 1442 ut
926 1381 990 1442 iam
1016 1381 1141 1456 monui,
1166 1383 1199 1444 in
1222 1380 1277 1462 PQ
1301 1381 1412 1447 eadem
1434 1383 1498 1448 tere

302 1491 521 1576 Porphyriana
543 1487 704 1571 adscripta
728 1491 803 1550 sunt
829 1487 955 1550 inverso
979 1489 1102 1549 tantum
1128 1486 1247 1552 ordine.
1279 1489 1395 1553 Ταῡτοί
1417 1496 1495 1568 Φιρσι

303 1596 484 1681 (Alcinous)
513 1593 693 1674 τειρόμενος
725 1595 750 1656 εί
775 1601 845 1661 ταῖς
870 1593 1027 1666 οίλνρόείαις
1053 1593 1213 1658 οὶπείιτατο
1237 1597 1288 1660 τόν
1313 1603 1366 1667 τῆς
1393 1605 1510 1688 Kato-¹

303 1708 379 1783 ψοῦς
404 1701 518 1780 γόμον.
545 1702 561 1775 ἣ
585 1705 676 1764 τοῦτο
700 1699 755 1775 μὲν
781 1696 925 1770 κακόκόες
951 1699 1003 1762 καί
1028 1699 1061 1762 οὐ
1083 1699 1247 1776 βασιλικόν
1270 1699 1334 1766 οὐδὲ
1356 1703 1444 1765 κατὰ
1460 1705 1495 1766 τό

305 1811 461 1875 Ἀλκινόου
485 1803 562 1880 ἦόος.
587 1806 734 1878 οίτλοίκός
758 1805 822 1884 γὰρ
846 1803 991 1882 μάλιστα
1020 1806 1203 1885 εἰσάγεται,
1229 1804 1301 1888 ότερ
1326 1808 1495 1886 συμβαίνει

304 1917 370 1996 περί
403 1916 471 1988 τοὺς
504 1915 537 1978 ἐκ
570 1921 697 1990 γενετῆς
729 1913 947 1990 εὐτυχοῦντας.
981 1913 1073 1977 ἐκεῖνο
1106 1915 1146 1978 δὲ’
1160 1913 1262 1994 ρ’κτίον
1285 1911 1331 1979 ότι
1356 1915 1493 1980 νταλαιδν

303 2023 364 2096 ἕόος
396 2022 430 2086 τὸ
463 2023 626 2101 προκρίνειν
653 2019 723 2093 τοὺς
755 2019 896 2098 οίρίστους
921 2023 979 2083 τῶν
1002 2017 1167 2094 ξίνοινκαί
1193 2020 1229 2086 δι’
1254 2021 1364 2102 οίρετίρν
1387 2024 1516 2104 αὐτοῖςΙ

258 2134 267 2154 ’
303 2127 448 2196 ἐκδιδόναι
472 2129 531 2200 σόος
555 2125 744 2210 θυγατέρας,
768 2128 807 2198 οίς
831 2125 883 2190 καί
908 2123 958 2188 ἐπὶ
984 2131 1037 2190 τοῦ
1063 2127 1327 2208 Βελλεροφόντου,
1352 2130 1491 2204 Τυδόοος,

303 2239 510 2306 Πολυνείκους.
546 2234 578 2298 οὐ
598 2233 673 2320 ,γίορ
704 2233 746 2302 είς
775 2231 827 2296 τὸν
856 2235 989 2296 πλοῦτον
1020 2233 1164 2313 όφεοίριιν
1193 2232 1219 2298 oi
1243 2235 1393 2314 παλαιοί,
1418 2236 1492 2300 ἀλλ’

303 2348 345 2418 είς
378 2348 432 2418 τὴν
464 2344 574 2422 οὶρετίρν
605 2342 659 2414 τίρν
684 2339 746 2402 οίτό
764 2345 824 2411 σῆς
849 2341 957 2418 ὄψεως.
984 2341 1145 2416 ..βασιλῆϊ
1166 2343 1230 2420 γόιρ
1255 2341 1337 2418 όνδρί
1362 2339 1493 2415 ἕοικας.”

304 2468 373 2518 κτλ.
397 2451 481 2517 Satis
501 2449 667 2532 descripsi,
690 2453 753 2532 q'uo
772 2453 953 2530 appareret,
971 2465 1028 2512 nos
1047 2447 1100 2510 hic
1121 2447 1231 2512 endem
1252 2451 1361 2514 omnia
1374 2454 1492 2524 tenera,

303 2580 383 2646 quae
406 2559 440 2622 in
464 2555 490 2620 Τ
514 2560 742 2640 proponuntur.
779 2555 824 2618 At
847 2571 943 2636 quam
965 2553 1167 2636 inconcinne,
1191 2554 1243 2620 vel
1266 2557 1372 2640 potius
1397 2575 1492 2641 qnam

302 2666 434 2747 stolide,
470 2661 624 2748 quaedam
660 2659 693 2724 in
727 2659 832 2724 media
864 2661 1102 2725 ratiocinatione
1134 2663 1301 2726 enunciata
1331 2663 1492 2728 ridentur.

302 2773 367 2840 Ubi
392 2771 498 2857 posuit
521 2766 745 2853 philosophus,
765 2763 871 2830 Ulixis
890 2766 1069 2849 experiendi
1089 2767 1194 2853 gratia
1210 2767 1287 2832 haec
1308 2767 1348 2834 ab
1361 2769 1492 2836 Alcinoo

303 2880 388 2945 dicta
421 2896 487 2942 esse
510 2894 617 2959 posse,
642 2874 762 2960 pergit:
788 2871 805 2946 ἦ
830 2875 920 2935 τοῦτο
943 2873 999 2944 μὲν
1024 2873 1169 2946 κακόηθες
1194 2875 1245 2937 καί
1270 2875 1303 2938 οὐ
1327 2873 1491 2951 βασιλικόν

301 2985 367 3050 οὐδὲ
400 2982 484 3052 κατόν
512 2981 546 3044 τὸ
570 2978 727 3044 ’λλκινόου
763 2974 840 3050 ἦθος.
887 2975 977 3056 Quod
1013 2980 1041 3042 si
1076 2985 1142 3062 est,
1178 2982 1261 3044 satin
1294 2981 1491 3057 mucescit,

303 3093 330 3156 si
367 3095 473 3154 tamen
504 3083 630 3171 posuit?
661 3083 732 3150 Non
767 3082 906 3168 amplius
932 3086 1066 3169 ineptiet
1097 3088 1262 3150 sententiis
1298 3086 1344 3152 ita
1380 3089 1490 3153 consti·

303 3199 399 3261 tutis:
436 3228 489 3242 ··
524 3192 638 3270 γόμον.
679 3191 696 3265 ἢ
739 3190 800 3275 (εί)
832 3195 918 3254 τοῦτο
955 3193 1012 3267 μὲν
1051 3191 1195 3264 κακίνόες
1236 3194 1288 3256 καί
1327 3193 1362 3257 οὐ
1397 3193 1490 3272 βασι-

303 3301 387 3366 λικὸν
418 3299 484 3366 οὐδὲ
515 3299 599 3363 κατόν
628 3299 662 3362 τδ
696 3295 854 3362 Ἀλκινόου
887 3292 970 3370 ἦόος·
1001 3295 1149 3368 οίτλοίκός
1172 3297 1235 3378 γὰρ
1259 3297 1406 3375 μοίλιστα
1429 3302 1490 3363 sio·

302 3410 437 3489 οίγεταν,
462 3403 533 3484 ότερ
557 3403 723 3482 συμβαίνει
749 3404 815 3481 περί
840 3403 910 3476 τοὺς
937 3403 970 3466 ἐκ
993 3411 1122 3479 γενετῆς
1146 3404 1375 3486 εὐτυχοῦντας·
1398 3407 1488 3471 ἐκεῖνο

303 3519 334 3584 δὲ
367 3515 466 3596 ρ’νρτίον
498 3509 543 3578 ότι
559 3495 703 3576 Ινοαλαιόν
727 3511 789 3582 ἓόος
814 3512 848 3574 τό
873 3510 1035 3588 προκρίνειν
1059 3509 1128 3582 τοὺς
1153 3511 1294 3590 ἀρίστους
1319 3514 1378 3579 τῶν
1402 3513 1489 3590 ξένοιν

302 3637 374 3690 κτλ.
421 3618 540 3696 Onnes,
565 3620 684 3703 inquit,
708 3619 844 3704 virginis
863 3616 969 3704 regiae
991 3618 1100 3704 ignoto
1119 3619 1189 3683 niro
1203 3615 1236 3682 in
1249 3620 1489 3700 matrimonium

301 3727 474 3798 offerendae
495 3745 532 3791 ea
555 3725 634 3800 luit,
661 3729 697 3788 ut
720 3725 764 3789 sio
789 3721 917 3788 Ulixem
938 3724 1135 3808 experiretur
1154 3742 1192 3788 an
1218 3745 1294 3789 vera
1318 3745 1413 3810 super
1436 3723 1490 3792 Ua·

302 3837 434 3924 lypsone
467 3833 592 3898 dixerit.
641 3827 730 3910 Quod
758 3829 786 3892 ον’
809 3829 1064 3916 cuimalignum
1088 3849 1146 3896 nec
1168 3831 1296 3918 regium
1320 3833 1438 3898 ridetur
1461 3839 1491 3898 et

304 3944 343 4008 ab
376 3939 501 4006 Alcinoi
536 3935 679 4001 moribus
701 3935 889 4010 abhorrens,
921 3934 1009 4000 alind
1040 3935 1209 4000 dicandum
1240 3941 1302 4013 est,
1339 3975 1380 3986 -
1411 3939 1490 4024 qnod

210 4033 214 4040 ³
305 4053 415 4115 unctor
437 4043 582 4132 pluribus
605 4043 814 4128 persequitur.

352 4261 402 4326 Nn
434 4260 528 4324 breve
557 4254 688 4341 quidem
719 4254 817 4319 huius
847 4253 1071 4340 disputationis
1097 4257 1321 4342 compendium
1345 4259 1379 4322 in
1403 4257 1430 4324 V
1454 4257 1490 4325 ab

308 4366 464 4435 erroribus
492 4363 667 4442 scribarum
700 4363 844 4426 immune
876 4362 1004 4428 mansit.
1053 4368 1168 4428 Ταῦτα
1199 4365 1287 4440 λέγει
1313 4367 1489 4444 τειρόμενον

307 4479 359 4538 τοῦ
393 4471 561 4540 Ὀδυσσέας
594 4470 620 4532 εί
652 4474 721 4536 ταῖς
746 4469 904 4542 οὶλιρόείαις
929 4478 1129 4550 παραιτεῖται
1152 4471 1216 4534 όεοῡ
1241 4471 1355 4547 γόμον.
1380 4473 1405 4536 εί
1430 4475 1487 4550 γὰρ
