3242 5140
666 341 727 418 411

108 539 206 631 obiter
228 561 357 618 monae,
383 539 530 608 cancellis
554 545 656 630 eaepsi
679 543 731 607 καὶ
753 579 773 592 -
786 577 806 593 -
826 541 988 627 νεωτέρων,
1008 563 1083 609 oum
1104 565 1166 610 non
1188 560 1296 632 euper-

108 668 205 714 vaeua
232 651 359 712 tentum
382 649 446 716 sint
470 649 523 714 sed
547 655 579 714 et
602 652 830 714 sententiarum
853 670 973 714 nerum
998 651 1237 735 perturbantia,
1264 657 1296 716 et

108 753 211 820 addidi
235 755 303 817 καίτ
328 752 562 820 anacoluthium
586 759 692 840 enim,
715 754 819 840 qualia
843 762 892 821 eet
915 757 950 822 τὸ
975 759 1128 835 νεώτερος,
1155 757 1295 837 πρεσβεί-

108 867 187 940 τερίς
219 860 317 924 τύπον
347 859 405 936 μέν
437 863 494 925 εἶσι
519 876 603 938 ert„
630 861 779 946 equidem
804 863 887 946 apud
912 865 1141 949 grammaticos
1167 883 1296 951 grauem

109 967 244 1032 nondum
275 967 398 1032 offendi.
446 967 498 1032 Ad
529 969 743 1055 Porphyrium
770 972 808 1032 ut
831 967 976 1045 redeam,
1000 988 1062 1034 non
1086 973 1192 1058 magis
1217 971 1297 1036 vitio

109 1079 191 1138 uarat
209 1073 365 1154 ἀντιφέρει
385 1073 399 1136 δ
421 1071 455 1147 ἐξ
475 1073 614 1144 ἐναντίας
634 1078 675 1154 τῷ
695 1075 816 1154 φέροντι
835 1060 1003 1154 ἀντιφέρων
1023 1077 1058 1138 τὸ
1079 1075 1152 1142 ἴσον.
1176 1074 1310 1162 ῨιιεῑιῐῐιΙ

110 1180 236 1264 quidem
263 1187 310 1244 eet
333 1175 377 1242 ὅτι
402 1179 558 1261 ἀναφέρει
583 1181 596 1243 ί
620 1180 807 1259 ἀναφέρων,
832 1180 886 1245 eed
909 1181 1035 1246 fetuum
1063 1199 1129 1246 oeae
1153 1187 1296 1266 oportet,

110 1289 163 1370 qui
182 1283 373 1370 profiteatur.
408 1285 480 1349 Non
499 1285 641 1351 multum
661 1286 811 1371 praesidii
832 1291 880 1350 eet
899 1289 933 1350 in
952 1286 1093 1352 Veneto:
1107 1286 1293 1369 ἀντιφερίζει

110 1393 140 1456 δὲ
163 1395 177 1455 ὁ
201 1429 222 1440 -
243 1428 261 1441 -
285 1392 501 1476 ἀντιφερίζων,
531 1392 585 1457 sed
609 1398 716 1458 tumen
741 1393 878 1478 aliquid;
902 1391 1073 1480 legendum
1098 1397 1184 1458 onim
1210 1394 1299 1460 vide·

111 1508 179 1564 tur:
205 1499 257 1562 καί
290 1497 551 1595 ἀντιφερίζει
582 1500 596 1562 ο“
622 1497 656 1575 ἐξ
679 1500 820 1571 ἐναντίας
844 1501 885 1581 τῷ
909 1501 1031 1581 φέροντι
1056 1500 1237 1581 ἀποφέρων
1261 1499 1296 1565 τὸ

111 1605 182 1670 ἴσον.
216 1603 437 1689 interpretatio
459 1607 544 1668 enim
569 1606 664 1672 verbo
686 1606 891 1688 ἀντιφερίζειν
914 1610 1019 1694 magio
1039 1610 1204 1683 convenit,
1224 1627 1299 1692 quo·

111 1734 185 1779 oum
215 1714 377 1797 componit
405 1709 604 1794 ἰσοφαρίζειν.
649 1711 685 1777 In
717 1713 842 1778 ultimis
873 1711 1003 1778 malim:
1030 1715 1118 1780 τὸδὲ
1144 1714 1298 1780 αὐτὸκαὶ

111 1818 326 1903 ἰσοφαρίζειν
361 1817 464 1895 λέγει,
490 1818 553 1894 ἤτοι
586 1817 647 1882 ἀπὸ
678 1807 737 1884 τιῖνν
768 1818 920 1901 φερόντων
949 1820 1075 1884 ἐναντία
1105 1821 1183 1908 (τά)
1214 1817 1299 1885 ὅπλα

113 1942 193 2004 κτα,
217 1926 278 1991 etei
300 1945 426 2009 prorsus
450 1925 558 1990 eadem
583 1931 678 2011 atque
696 1929 730 1991 in
750 1927 865 1992 nostrie
884 1931 918 1992 in
936 1926 1053 1993 Veneti
1072 1947 1196 2013 quoque
1209 1933 1299 1994 textu

113 2033 274 2121 leguntur.

159 2271 185 2326 ι,
210 2247 286 2315 278.
333 2245 404 2314 Non
429 2247 559 2313 deorum
584 2251 688 2324 metu,
722 2283 754 2296 ·-
780 2245 999 2334 Polyphemus
1023 2249 1090 2332 ait,
1114 2283 1155 2297 -
1181 2251 1301 2317 tibiae

113 2356 205 2421 euciis
227 2375 406 2442 parcerem,
966 2419 967 2424 ,

688 2461 714 2525 εί
739 2462 783 2537 μὴ
807 2460 899 2538 ίωμίς
923 2486 964 2539 με
988 2461 1118 2527 κελεύοι.

273 2567 361 2634 ἀλλά
385 2591 436 2644 μοι
460 2567 524 2646 εἴφ’
550 2565 609 2647 ὅπερ
632 2567 724 2648 ἔσχες
750 2567 798 2632 too
823 2568 953 2646 εὐεργέα
975 2575 1053 2648 νῆα,

272 2677 289 2750 ἥ
315 2697 372 2740 πον
396 2675 446 2739 ἐπ’
471 2675 622 2756 ἐσχατιῆς
646 2675 664 2750 ἢ
688 2673 741 2738 καί
766 2673 895 2755 σχεδόν,
921 2673 1001 2755 ὄφρα
1027 2675 1126 2742 δαείω.

112 2783 163 2849 Ad
186 2783 244 2847 hoe
268 2801 391 2867 quoque
414 2801 524 2846 vereue
547 2783 711 2868 ingeniosa
733 2781 911 2847 observatio
935 2787 1000 2846 eet:
1020 2783 1197 2864 πανούργως
1217 2783 1305 2864 ἀναν

112 2889 224 2954 ἐλπίδα
250 2871 333 2958 inieci
357 2885 533 2963 ὑποβάλλει
557 2887 788 2969 φιλανθρωπίας
812 2887 943 2963 οἰόμενος
963 2888 1014 2952 διὰ
1035 2890 1143 2953 τούτου
1162 2888 1303 2970 προάξειν

113 2995 205 3060 αὑτὸν
238 2993 287 3058 ἐπί
319 2996 374 3068 τὴν
405 2993 551 3068 ἀλήθειαν
580 2995 647 3072 περὶ
681 2993 783 3081 (codd.
815 2991 884 3070 ἐπὶ,
910 2995 1043 3060 correxit
1075 2995 1215 3083 Buttm.)
1249 3007 1304 3072 τῆς

112 3106 195 3174 νεώς.
230 3100 330 3179 διόπερ
360 3099 426 3164 οὐδὲ
459 3097 562 3180 ἥψατο
594 3105 651 3164 τῶν
685 3100 809 3179 ἐπαίρων
840 3099 917 3181 ἀχρι
950 3099 1034 3183 μάίρ
1067 3101 1152 3167 πόσοι
1180 3103 1253 3168 είσίν
1277 3105 1304 3169 oi

112 3207 428 3281 σωνακολοειίνὶσαντες
461 3207 554 3285 αὐτῷ.
580 3207 633 3270 οὐκ
665 3209 710 3282 ἡκ
719 3207 754 3286 ρι’
762 3207 787 3284 β
796 3229 868 3270 ωσε
891 3207 924 3272 δὲ
948 3207 982 3270 τί
1006 3215 1061 3280 τῆς
1086 3211 1229 3288 πονηρίας
1254 3211 1306 3275 διά

112 3319 167 3389 τὴν
191 3313 352 3395 ἀκρίβειαν
376 3319 431 3387 τῆς
455 3314 634 3393 ἐρωτήσεως,
660 3313 693 3378 τί
716 3313 780 3394 γάρ
808 3309 841 3388 ι’ρν
863 3313 1014 3394 χρήσιμον
1039 3312 1304 3402 ἵναμάίρ;(ΗΩ)

112 3422 303 3506 Suspeotum
328 3421 408 3486 mihi
432 3427 480 3485 eet
503 3423 555 3486 οὐκ
581 3419 749 3500 ἠκρίβωσε,
773 3426 805 3485 et
828 3421 904 3504 quie
926 3423 979 3485 οὐκ
1000 3422 1152 3501 ἦκρίβωσε
1176 3421 1227 3487 διά
1250 3425 1305 3497 τίρν

112 3528 276 3608 ἀκρίβειαν
298 3529 379 3593 mire
402 3528 526 3592 dicium
547 3527 688 3606 videtur,
711 3527 765 3592 eed
784 3529 926 3592 maxime
947 3530 1021 3612 quio
1041 3528 1182 3594 multum
1196 3549 1306 3595 vereor

113 3642 152 3700 ut
175 3635 320 3714 ἀκριβοῦν
342 3634 375 3699 id
400 3633 574 3722 significet,
600 3633 684 3720 quod
707 3635 862 3698 sententie
886 3639 993 3717 aperte
1016 3633 1142 3722 flagitat
1164 3643 1201 3700 ut
1222 3636 1308 3702 diea-

113 3749 177 3806 tnr.
215 3744 335 3807 Auotor
365 3762 449 3806 emm
482 3741 551 3814 hoe⁶
575 3738 654 3806 vult.
691 3736 827 3826 Cyclope
858 3739 933 3804 ficta
955 3739 1155 3807 humanitate
1178 3741 1307 3808 Ulixem

113 3849 259 3934 decipere
292 3851 441 3924 conatur,
476 3852 514 3910 ut
538 3848 582 3910 eie
606 3846 781 3930 eomperiat
802 3845 859 3910 ubi
882 3845 978 3910 huius
1001 3850 1091 3912 nevis
1113 3849 1147 3911 in
1170 3850 1306 3914 statione

113 3955 167 4019 eit.
217 3955 259 4020 At
289 3953 469 4040 malignum
502 3954 571 4017 eiue
602 3951 770 4016 eonsilium
804 3989 846 4000 -
876 3951 953 4036 quid
977 3949 1100 4039 igitur?
1135 3951 1307 4036 „Suooeseu

114 4061 258 4139 caruit,''
296 4069 363 4126 erat
397 4060 586 4134 dicendum,
623 4061 749 4143 opinor;
784 4061 820 4123 τὸ
856 4065 909 4132 τῆς
946 4059 1090 4137 πονηρίας
1127 4047 1321 4141 ἔσφαλται,1

115 4169 305 4247 ἡμάρτνται.
352 4167 423 4232 Iam
446 4185 521 4231 vero
545 4164 703 4250 quomodo
725 4163 784 4230 hoo
808 4170 840 4229 et
863 4167 966 4230 aetive
990 4171 1022 4230 et
1046 4185 1120 4229 oum
1140 4169 1309 4254 negatione

113 4273 305 4341 dieendum‘i
337 4273 415 4338 Mihi
446 4272 573 4358 quidem
608 4271 743 4336 arridet:
781 4273 820 4335 οὐ
855 4268 1094 4350 κατώρθωσε
1125 4269 1155 4336 tr
1188 4275 1224 4338 τί
1254 4282 1311 4349 τῆς

113 4383 260 4461 πονηρίας
292 4381 343 4445 tre
367 4384 421 4455 τίρν
444 4378 605 4459 ἀκρίβειαν
628 4388 682 4454 τῆς
709 4380 897 4463 ἐρωτήσεως,
921 4377 1004 4464 quod
1028 4398 1103 4443 oum
1126 4399 1308 4465 reponerem

114 4490 297 4576 cogitabam
323 4491 355 4551 et
377 4488 583 4551 notissimum
608 4484 703 4551 ilium
729 4505 857 4552 versum
882 4505 901 4550 a
924 4483 1138 4551 Demosthene
1162 4489 1308 4569 citatum,
1369 4539 1374 4548 .
