3242 5140
883 308 948 390 ειν

320 509 412 591 μηδὲν
436 511 588 592 άμοιρτεῑν
612 511 676 576 ε’στι
702 513 772 578 θεῶν
797 511 848 578 καί
874 513 981 579 πάντα
1006 515 1166 595 κατορθοῦν
1189 517 1220 578 et
1241 512 1504 610 Xenophonteurn

321 619 468 707 (Memor.
504 617 566 698 ΙΙΙ,
600 639 612 684 1
642 621 660 704 §
684 615 735 704 3):
765 615 836 693 θλκς
867 620 930 700 γάρ
962 630 1016 695 τῆς
1046 618 1163 692 πόλεως
1188 619 1218 683 ἕν
1242 628 1304 694 τοῖς
1329 629 1504 698 πολεμικοῖς

320 725 460 798 κινδύνοις
484 725 719 805 ἐπιτρεπομένης
740 729 782 808 τῷ
801 729 984 814 στρατηγῷ,
1006 725 1140 806 μεγάλοι
1160 725 1201 792 τά
1223 727 1382 804 τεάγαθά
1401 751 1506 806 κατορ-
1599 763 1600 814 p

319 835 436 906 θοῢντος
469 833 564 896 αὐτοῦ
589 833 642 897 καί
666 831 708 896 τά
733 835 816 897 κακά
840 834 1099 914 διαμαρτάνοντος
1125 835 1203 907 είκὸς
1227 834 1413 912 γίγνεσθαι,
1441 837 1507 920 qui·

317 939 378 1004 bus
400 936 569 1003 simillima
587 937 739 1026 leguntur
756 940 840 1024 apud
859 961 1118 1026 unumquemque
1138 939 1323 1026 scriptorem
1336 937 1507 1006 Graecum.

317 1043 424 1131 lgn'tur
457 1043 516 1111 hoo
546 1043 641 1109 dicit:
667 1043 846 1133 malignum
871 1043 1020 1134 Cyclopis
1044 1046 1212 1112 consilium
1236 1067 1382 1114 suceesw
1406 1051 1508 1114 caruit

318 1171 355 1216 eo
390 1153 475 1236 ipso,
512 1150 595 1236 quod
625 1159 692 1216 tam
725 1153 817 1217 anxie
844 1153 877 1216 in
906 1155 1075 1219 stationem
1100 1155 1191 1220 navis
1213 1155 1398 1241 inquisivit,
1425 1154 1508 1218 unde
1599 1211 1600 1224 ,

318 1257 434 1323 merito
456 1255 546 1322 Ulixi
565 1259 703 1342 suspicio
727 1258 861 1324 subnata
884 1264 941 1324 est.
980 1255 1063 1340 Quid
1084 1263 1171 1325 enim
1190 1281 1264 1328 eum
1282 1261 1439 1326 attinebat
1450 1261 1508 1324 hoc
1599 1311 1600 1316 1

318 1369 386 1430 tem
406 1371 550 1430 accurate
571 1367 736 1452 cognitum
760 1361 894 1430 heberei

365 1599 393 1654 ι,
424 1571 502 1639 291.
549 1573 722 1638 Μελεῖστίι
753 1575 795 1646 είς
829 1575 910 1651 μέλα
942 1574 1179 1657 θιασπαράέοις,
1214 1578 1246 1642 οὐ
1276 1575 1326 1641 διά
1350 1574 1466 1655 τέχνας
1491 1577 1507 1650 ἢ

319 1681 447 1761 σιδήρου.
471 1677 525 1766 (Τ)
547 1679 691 1746 Praestat
714 1681 820 1745 κατά
840 1680 921 1760 μέλη
942 1679 1180 1770 θιασποιράξας,
1199 1688 1232 1748 et
1249 1683 1295 1750 sio
1313 1683 1453 1749 breviter
1470 1679 1505 1744 V:

319 1789 405 1856 κατά
427 1788 533 1868 μέλος.

364 2027 393 2086 ι,
417 1997 492 2066 292.
541 1999 678 2090 Cyclops
703 2003 784 2079 ι’ίσθιε
807 2005 833 2069 δ’
856 1999 894 2076 θίς
918 2028 954 2069 τε
975 2003 1050 2070 λίαν
1071 2003 1272 2086 ὀρεσίτροφος.
1308 2005 1507 2070 Adnotatur:

318 2109 391 2187 πρὸς
416 2107 521 2173 πάντα
547 2109 685 2192 ἐμφερῶς
710 2121 747 2192 τῇ
769 2109 875 2189 είκθνι,
897 2111 969 2192 πρὸς
989 2115 1044 2177 τίον
1066 2113 1337 2196 ἀνθρωποφαγίαν,
1357 2113 1432 2190 πρὸς
1452 2113 1507 2186 τὴν

318 2216 525 2296 ὠμοφαγίανρ
549 2215 616 2281 καί
641 2217 676 2282 τὸ
700 2215 859 2294 άπλνρστον
883 2226 937 2294 τῆς
962 2220 1068 2300 βοράς.
1096 2217 1148 2307 (Τ)
1174 2215 1377 2286 concinnitas
1400 2224 1508 2308 postu·
1599 2227 1600 2240 ¹

317 2321 381 2388 lat:
415 2322 486 2404 πρὸς
517 2322 572 2396 τὴν
603 2323 882 2406 άνθροιποφαγίαν,
917 2327 989 2407 πρὸς
1026 2329 1080 2403 τὴν
1111 2323 1312 2408 άμοφοιγίαν,
1345 2323 1442 2407 πρὸς
1473 2323 1506 2388 τί

1599 2351 1600 2392 ι

317 2427 477 2505 άπλνστον
499 2437 554 2505 τῆς
578 2429 683 2511 βοράς.
721 2429 989 2517 Frequentissime
1012 2431 1164 2499 ooufundi
1187 2431 1242 2498 ιιοιί
1260 2438 1294 2498 et
1313 2427 1385 2512 πρθς
1406 2432 1506 2498 notis·

317 2539 401 2603 sima
422 2557 472 2606 res
495 2549 552 2604 est.

361 2772 389 2834 s,
414 2745 491 2813 329.
535 2750 618 2815 ’Τπθ
642 2749 758 2833 κθπρῳτ
783 2749 1007 2832 Ἀριστοφάνης
1033 2751 1112 2830 „tet
1135 2747 1274 2832 αθπρον”·
1296 2753 1334 2826 ὥς
1358 2748 1416 2816 tet
1437 2749 1504 2818 κάλ·

315 2875 391 2939 πον,
416 2854 473 2919 ὑπὸ
498 2851 603 2932 μάλης
618 2855 666 2926 ,δέ
690 2879 720 2921 τι
745 2855 841 2938 φέρει.
877 2855 937 2944 (Η)
956 2855 1146 2932 'Necessario
1170 2853 1363 2943 reponatur!
1386 2855 1503 2928 ὦς’ὑπὸ

315 2959 447 3047 κθλπου,
473 2959 660 3040 irrisoriam
685 2965 747 3037 τίς
772 2987 810 3029 τι
835 2963 932 3045 φάρει.

361 3193 387 3248 ι,
414 3169 489 3236 345.
538 3173 601 3237 Διά
633 3175 665 3238 τί
693 3175 862 3246 Ὀδυσσεὺς
887 3173 959 3254 πρὸς
984 3176 1053 3248 τοὺς
1078 3173 1220 3246 Φαίακας
1248 3173 1360 3254 ἔλεγεν
1383 3169 1429 3240 ὅτι
1455 3173 1505 3239 τὸν

314 3277 474 3343 Κύκλωπα
498 3278 662 3358 ἐτύφλωσε
685 3281 861 3350 Ποσειδῶνος
886 3281 947 3347 vtis
970 3279 1064 3366 ὄντα,
1090 3279 1152 3348 οὖσι
1178 3281 1229 3346 καί
1255 3284 1361 3354 αὐτοῖς
1388 3281 1505 3359 άπογθ·

315 3408 372 3456 νοις
395 3386 593 3466 Ποσειδῶνας
629 3387 715 3473 fflr)
739 3388 851 3454 Potuit
873 3389 969 3454 homo
993 3386 1166 3478 neglegens
1190 3388 1268 3456 haee
1291 3395 1359 3454 tam
1383 3388 1504 3455 soluens

315 3495 505 3578 excerpsisse
527 3494 612 3580 (πρὸς
630 3495 700 3567 τοὺς
720 3495 864 3568 Φαίακας
889 3531 908 3545 -
928 3492 1008 3562 οὖσιν
1028 3495 1223 3582 άπογθνοις);
1243 3495 1376 3560 fortasse
1396 3499 1503 3560 tamen

314 3600 489 3665 scribarum
512 3602 565 3667 hie
589 3621 674 3668 error
696 3609 762 3680 est,
787 3607 1009 3688 excerptorque
1029 3608 1113 3667 recte
1133 3606 1166 3666 et
1185 3601 1293 3668 ordine
1311 3600 1415 3666 dedit:
1443 3601 1504 3668 Aut

314 3707 347 3773 τί
378 3705 549 3778 Ὀδυσσεὺς
585 3708 692 3783 παρά
724 3716 807 3779 τοῖς
843 3706 1019 3783 Φαίαξιν
1053 3707 1161 3786 ἔλεγεν
1192 3703 1237 3773 ὅτι
1269 3705 1502 3773 viriditatem

315 3813 478 3896 ἐτύφλωσε
493 3849 513 3863 ·
526 3809 612 3879 οὖσι
632 3814 683 3878 καί
704 3815 808 3890 αὐτοῖς
828 3813 988 3892 άτογθνοις
1008 3816 1205 3893 Ποσειδῶνος;
1219 3815 1289 3901 (efr.
1302 3836 1333 3900 p.
1347 3811 1433 3892 441,
1450 3811 1504 3898 12)

314 3918 352 3986 In
370 3921 429 3986 hae
451 3927 557 3987 temen
581 3927 673 3988 notae
696 3922 862 3987 ieiunitate
886 3920 969 3987 nihil
992 3924 1070 3987 uerti
1094 3919 1223 3988 definire
1246 3922 1359 3987 susim.

359 4157 388 4208 ι,
415 4129 490 4200 347.
539 4132 693 4212 Κύκλωψ,
725 4141 784 4211 ris,
816 4134 866 4198 πίε
899 4128 989 4212 οίνον,
1015 4133 1081 4199 ἐπεί
1106 4133 1214 4214 φάγες
1239 4129 1393 4210 άνθρίμεοι
1418 4131 1503 4212 κρέα.

313 4237 473 4304 Laborent
504 4241 708 4326 grammatici
736 4246 774 4305 ut
803 4239 971 4306 ostendant
995 4242 1102 4307 verbis
1126 4239 1192 4306 ἐπεὶ
1218 4238 1326 4320 φάγες
1350 4235 1506 4317 άνδρθμεα

315 4343 389 4425 κρέα
411 4343 536 4412 nullam
563 4349 766 4432 asperitatem
788 4345 980 4432 nullumque
1002 4349 1202 4435 vituperium
1224 4349 1345 4422 inesse,
1371 4341 1428 4409 sed
1452 4364 1507 4432 op·

314 4451 480 4536 positionis
509 4459 635 4518 tantum
667 4473 761 4519 eausa
786 4475 853 4520 esse
876 4453 1008 4520 adiecta.
1055 4454 1172 4522 Breues
1193 4449 1379 4518 huiusmodi
1401 4451 1507 4518 obser·
