3232 5136
818 309 862 388 tl

243 507 330 590 Quae
365 508 517 595 exscripsi
550 531 588 576 ex
616 507 774 577 Dindorfii
806 511 1081 578 emendationibus
1117 513 1209 586 snut,
1240 507 1434 578 Buttmanni

243 617 386 683 humeris
409 623 446 682 ut
469 615 648 702 plurimum
673 619 751 684 nixi.
777 615 910 686 Codices
929 620 1097 705 praebent:
1122 617 1136 683 ί
1161 617 1193 682 δὲ
1217 617 1433 701 increpabatur

243 725 383 798 δηλώσας
408 722 442 788 τύ
479 723 701 806 κεχαρισμένον
737 725 918 808 Εὐρυμάχῳ
953 725 1091 791 τώντα
1127 723 1298 810 ἐντείνει,
1333 721 1435 810 οἷον,

244 829 315 895 ἐών
348 829 406 914 (dv
430 829 477 914 H)
509 853 570 903 τις
599 831 717 904 ἐλπίς
743 832 803 912 ἐφ’
828 835 936 910 ἡμᾶς
958 833 1202 910 &praecoce
1226 833 1434 910 μαντείας

244 937 337 1012 αὐτὸς
370 938 401 1003 δὲ
427 973 446 987 -
460 973 480 987 -
503 944 592 1018 φησι.
640 935 694 1004 Sic
725 935 829 1018 unm
864 959 920 1004 nec
947 936 1051 1004 multo
1082 937 1176 1004 aliter
1206 937 1228 1004 S
1257 939 1436 1024 (Parisinus

246 1043 366 1122 2894):
392 1080 445 1097 --
469 1044 608 1110 τώντα
632 1045 771 1110 ἐποίει.
796 1044 892 1110 αὐτοι
915 1045 988 1124 μίν
1011 1069 1072 1118 τις
1097 1046 1217 1118 ίλιτίς
1244 1045 1303 1127 ἐφ’
1328 1047 1435 1123 ἡμᾶς

244 1151 519 1232 ἀγγέλλουσα
549 1152 775 1230 μαντείας,
801 1171 876 1218 cum
900 1151 1065 1218 Parisinus
1086 1151 1117 1218 D
1141 1155 1249 1218 omnia
1271 1154 1355 1218 inter
1377 1147 1436 1218 οίον

245 1269 277 1328 et
308 1259 405 1328 οὐδενί
433 1267 511 1336 onor
536 1256 726 1344 simpliciter
755 1261 902 1336 omittat,
932 1279 985 1325 me
1023 1258 1151 1344 quidem
1185 1259 1291 1324 iudice
1326 1279 1362 1326 ea
1397 1259 1436 1324 de

245 1387 357 1451 eausa,
389 1366 473 1452 quod
504 1365 581 1432 baec
612 1367 646 1430 in
676 1367 840 1430 communi
870 1365 1012 1431 omnium
1037 1364 1209 1451 archetypo
1218 1351 1290 1430 'aut
1314 1367 1379 1431 sitn
1402 1372 1437 1432 et
1559 1386 1563 1395 ·

244 1475 373 1541 medere
392 1472 527 1540 evanida
545 1477 601 1537 aut
621 1470 788 1557 pallidiore
807 1479 982 1537 atramento
1001 1475 1118 1558 scripta
1130 1471 1213 1538 clara
1226 1472 1360 1538 discerni
1372 1493 1435 1540 non

244 1586 398 1668 poterant.
424 1577 476 1644 Sic
495 1581 599 1667 igitur
617 1574 758 1645 Codices.
785 1575 976 1645 Oriticorum
998 1582 1191 1644 mutationes
1211 1579 1344 1646 obscuro
1366 1580 1435 1647 loco

244 1710 307 1755 non
330 1685 473 1753 multum
495 1684 578 1751 lueis
601 1683 746 1751 attulisse
768 1685 852 1750 milri
874 1686 1039 1764 videntum
1063 1685 1140 1771 quid
1164 1687 1249 1750 enim
1274 1684 1436 1752 lucremur

245 1793 352 1860 τώντα
382 1829 422 1842 -
454 1792 538 1878 quod
560 1811 669 1857 omnes
693 1789 766 1856 libri
790 1791 907 1856 habent
931 1829 974 1842 -
998 1793 1031 1875 in
1054 1795 1159 1857 ταῦτα
1183 1799 1327 1871 mutato,
1351 1793 1435 1879 qued

244 1900 442 1966 Buttmanno
464 1899 614 1982 debetur,
639 1917 765 1983 prorsus
785 1918 848 1964 non
868 1899 1018 1984 dispicio,
1037 1899 1138 1984 neque
1166 1901 1272 1987 magis
1296 1900 1373 1984 quid
1393 1902 1436 1966 sit

246 2008 381 2086 μαντεία
401 2005 527 2086 ἔρχεται
546 2005 600 2085 ἐφ’
622 2007 716 2081 ἡμᾶς,
736 2024 810 2089 nec,
834 2006 861 2070 si
884 2011 968 2072 recte
991 2005 1137 2082 baberet,
1159 2005 1199 2070 ed
1216 2005 1375 2090 quodnam
1395 2027 1434 2072 ex

244 2112 504 2204 praecedentibus
527 2112 661 2177 verbum
685 2109 884 2176 referendum
908 2113 951 2176 sit
974 2110 1104 2176 οὐδενὶ
1135 2113 1370 2192 προσέχειν.
1391 2151 1432 2161 -

244 2220 331 2286 haud
343 2218 438 2305 panlo
449 2221 568 2284 rectius
580 2223 707 2301 tamen,
729 2224 767 2281 nt
785 2237 932 2302 semper,¹
945 2215 1175 2285 Buttmannus:
1198 2219 1252 2283 ίαν
1270 2242 1317 2292 τις
1343 2218 1436 2302 ἔλίρ

244 2327 362 2398 ε’λτίς
387 2325 438 2405 ἐφ’
461 2327 545 2402 ἡμᾶς
570 2322 602 2400 ἐξ
625 2325 785 2401 ἀγγελίας
811 2327 827 2400 i
853 2325 1023 2402 μαντείας,
1048 2355 1088 2370 -
1113 2345 1171 2390 neo
1195 2326 1273 2411 quid
1297 2326 1336 2390 δὲ
1363 2333 1434 2412 post

243 2432 338 2505 αὐτὸς
355 2433 497 2518 positum
518 2428 693 2518 significet,
712 2451 770 2496 nec
789 2430 947 2516 quomodo
967 2435 1035 2496 tota
1053 2431 1202 2517 periodus
1221 2433 1372 2498 struenda
1393 2435 1435 2498 sit

243 2539 424 2606 ullomodo
443 2536 601 2626 intelligo.
626 2535 736 2622 Neque
757 2548 865 2602 temen
885 2537 962 2603 haec
983 2544 1146 2623 propterea
1166 2537 1255 2613 dico,
1268 2559 1304 2604 sc
1327 2541 1353 2604 si
1366 2539 1434 2625 ipae

244 2647 381 2713 tenebris
411 2667 429 2711 a
460 2644 529 2711 loco
559 2640 764 2729 dispellendis
787 2663 844 2728 par
866 2645 937 2708 sim.
986 2639 1069 2709 Oum
1093 2647 1250 2710 sententia
1273 2649 1370 2710 etiam
1395 2667 1434 2712 ex

242 2753 348 2820 verbis
382 2754 519 2839 pessime
554 2750 673 2815 habitis
707 2747 881 2836 polluceat,
915 2753 1055 2818 tentavi:
1095 2751 1109 2814 ὐ
1142 2751 1173 2815 tt
1204 2751 1235 2815 ίν
1267 2751 1432 2834 κεφαλαίῳ

244 2860 383 2935 δηλώσας
413 2861 447 2923 τὸ
477 2856 700 2938 κεχαρισμένον
722 2856 919 2938 Εὐρνμοίχῳ,
943 2859 1072 2943 (nempe
1095 2857 1212 2925 verbis:
1240 2859 1304 2934 ἤτοι
1329 2859 1432 2931 νίστος

244 2971 387 3032 οὐτώλετο
422 2965 537 3045 πατρὸς
570 2963 666 3044 ίμιῖσ)
698 2962 833 3028 τώντα
866 2959 891 3044 (l
921 2982 979 3029 an:
1011 2962 1173 3050 πλείονί)
1196 2965 1330 3050 scire,
1356 2961 1432 3051 elev,

244 3075 312 3139 εὀίν
335 3096 397 3145 τις
428 3071 581 3150 ἐλτίσρι
613 3071 816 3147 εὐφήμοις
841 3071 1037 3149 seylam
1063 3073 1081 3149 ἢ
1105 3073 1344 3157 μαντείαις,
1368 3073 1432 3138 αὐ-

242 3180 308 3252 τύς
344 3177 561 3259 προσέχειν
596 3175 726 3241 οὐδενί
763 3177 918 3256 Φῆσας,
951 3179 1051 3243 eiecto
1079 3177 1132 3255 ii,
1158 3179 1241 3264 quod
1266 3183 1432 3247 accessisse

241 3291 364 3372 potest,
388 3291 556 3371 postquam
580 3285 687 3364 Φήσαι
712 3283 744 3348 in
771 3288 850 3364 φησι
874 3284 963 3350 abiit.
1011 3281 1073 3350 Oui
1097 3287 1282 3351 correctioni
1310 3284 1432 3372 aliquid

241 3391 524 3459 commendationis
559 3389 706 3456 accedere
735 3395 840 3476 potest
872 3411 910 3455 ex
941 3387 1069 3456 Scholio
1093 3390 1133 3455 ed
1156 3413 1203 3456 vs.
1230 3391 1313 3471 415,
1338 3397 1431 3474 (item

242 3523 281 3566 en
309 3495 431 3585 Duos)
461 3499 531 3574 ubi,
557 3503 734 3563 memorata
756 3495 901 3562 lectionis
924 3496 1078 3562 serietate
1102 3497 1131 3562 εἴ
1153 3521 1220 3563 τινα
1245 3518 1302 3583 pro
1327 3497 1432 3574 ἥντινα

244 3609 296 3693 (ex
317 3605 497 3673 Herodiano
505 3601 546 3690 l),
562 3604 638 3669 haec
649 3602 820 3691 leguntur:
838 3603 1045 3684 ἑξεΦαιίλισεν
1061 3601 1272 3690 (ίξεφαύλισε
1290 3605 1329 3670 δὲ
1348 3612 1434 3672 recte

242 3712 284 3800 D)
304 3715 342 3784 ὐς
362 3719 533 3791 γυναικεῖον
547 3710 577 3775 ὐν
602 3709 847 3796 (ίνο.τύ)ταῒς
867 3710 1083 3782 τοιαύταις
1104 3713 1329 3788 μαντείαις
1348 3737 1433 3779 τισ-

240 3821 384 3885 τεύειν.
433 3817 495 3884 Sed
522 3838 561 3883 nc
585 3819 631 3882 sic
653 3815 890 3902 quidemmihi
913 3818 1064 3882 satisleci.
1090 3817 1135 3884 Ut
1157 3839 1258 3884 unum
1283 3825 1433 3909 tangam,

240 3925 344 4004 deest,
379 3945 476 4012 quem
512 3930 620 3990 tamen
658 3923 810 3988 omissam
847 3943 914 3988 esse
949 3941 1008 3986 non
1045 3929 1093 3988 est
1127 3923 1296 4005 credibile,
1329 3929 1434 3993 omnis

239 4031 360 4098 mentio
392 4050 521 4108 eorum,
553 4049 633 4114 qnae
664 4028 697 4092 οἰι
718 4030 788 4111 flue
811 4028 850 4093 ed
873 4031 976 4114 ipsam
1002 4029 1040 4094 de
1064 4029 1188 4117 hospite
1213 4016 1432 4117 quaestionem

239 4137 399 4223 respondit
420 4133 640 4242 Telemachus
672 4131 887 4214 Quamobrem
911 4136 1080 4202 obscurum
1104 4135 1212 4206 locum
1236 4139 1433 4207 acutioribus

238 4243 496 4310 commendatum
520 4239 629 4308 eelim.

284 4479 325 4536 α,
357 4455 433 4522 427.
470 4452 670 4536 Μερμηρίζοιν
699 4457 867 4540 exponitur
895 4456 927 4522 in
953 4454 1045 4535 EQS:
1072 4455 1115 4530 είς
1140 4457 1247 4524 πολλοὶ
1270 4459 1347 4542 μέρει
1371 4461 1427 4540 μὲ-
