3330 5144
748 339 812 408 241

183 532 237 598 sed
271 533 369 598 simul
393 532 431 598 clv
455 532 598 599 additum
624 535 764 617 oportet:
788 533 815 596 ei
839 534 903 611 γὰρ
926 525 1021 608 εἶπεν,
1046 530 1151 605 εὐθέως
1176 531 1220 598 ἂν
1248 527 1375 598 διεσπά-

182 663 276 705 ποιντο
307 641 415 725 αὐτὴν,
448 638 717 726 quemadmodum
749 640 859 704 statim
892 638 974 704 infre
1004 645 1088 705 recte
1118 642 1272 726 seriptum
1305 647 1375 707 est:

181 748 207 814 si
235 749 301 828 γὰρ
324 746 412 826 ἔγνον,
438 749 490 812 οὐκ
515 744 553 811 de
578 746 731 823 ἐσίγησεν.
778 743 840 810 Sed
862 745 992 833 grauior
1015 745 1065 811 his
1088 747 1172 811 inest
1194 745 1374 813 difficultas.

181 853 283 920 Nemo
307 855 392 920 enim
417 853 596 920 admonitus
620 873 682 918 non
708 854 843 926 sentiet,
864 871 960 937 quam
981 851 1176 919 alienissimo
1194 854 1264 920 loco
1287 875 1376 920 com-

181 966 311 1047 pareant
345 958 419 1026 illa:
452 963 583 1024 τοιοῦτον
612 959 675 1040 γὰρ
704 959 740 1023 τὸ
772 959 840 1038 πρίν
871 959 1015 1036 ἐνταῦθα,
1047 979 1126 1045 queo
1157 964 1190 1026 et
1217 961 1374 1026 dirimunt

181 1087 242 1132 non
275 1067 470 1143 dirimende,
503 1105 544 1116 —
571 1065 748 1131 arctissime
781 1068 863 1130 enim
898 1065 1064 1131 cohaerent
1097 1066 1157 1131 οὐδ’
1200 1063 1276 1140 ὅλοις
1311 1069 1374 1147 γὰρ

184 1173 393 1250 --ἔμελλεν
424 1175 531 1238 εἰπεῖν.
564 1173 589 1237 εἰ
620 1173 684 1251 γὰρ
715 1168 820 1249 εἶπεν,
847 1171 951 1244 εὐθέως
976 1186 1058 1256 art,
1084 1209 1124 1221 -
1149 1178 1181 1238 et
1205 1175 1273 1259 ipse
1294 1173 1377 1240 nihil

182 1281 300 1346 dicunt.
349 1279 428 1361 Quis
463 1282 547 1344 enim
578 1279 799 1365 expositurus.
833 1278 909 1364 quid
938 1279 1008 1358 πρίν
1038 1279 1091 1344 hic
1118 1303 1180 1345 noa
1200 1279 1377 1368 significet,

182 1389 368 1473 expositioni
405 1386 527 1452 mediae
558 1388 696 1451 inserat:
729 1385 796 1452 tale
828 1385 905 1470 quid
929 1385 963 1449 τὸ
989 1386 1057 1463 πρίν
1081 1386 1132 1451 hic
1155 1385 1260 1451 valeti
1306 1388 1374 1475 Ap·

180 1501 270 1580 paret
292 1496 376 1570 iem,
407 1493 504 1559 verba
533 1513 570 1558 eo
598 1491 667 1557 loco
698 1511 793 1576 quem
822 1512 906 1556 nune
938 1497 1092 1576 occupent
1122 1511 1189 1556 1111
1220 1495 1377 1560 movenda

183 1606 215 1667 et
248 1608 320 1686 post
352 1601 389 1671 ὥς
422 1601 466 1677 μὴ
498 1599 738 1676 ὄμολοννὶοοιοοιν
771 1596 960 1663 collocanda.
1008 1596 1069 1663 Sed
1100 1618 1138 1662 ne
1170 1599 1214 1664 sic
1245 1601 1374 1684 quidem

182 1706 330 1773 idoneum
355 1726 483 1771 sensum
507 1706 669 1790 praebent,
699 1709 808 1788 utpote
831 1703 963 1769 deiecta.
986 1703 1113 1769 Excidit
1138 1707 1375 1801 enimcsumma

179 1814 244 1891 roi,
278 1833 340 1898 quo
362 1812 458 1878 modo
483 1812 517 1876 τὸ
543 1813 611 1890 πρίν
635 1811 887 1899 intellegendum
911 1812 963 1875 sit.
1011 1809 1099 1890 Quae
1122 1803 1375 1898 eommoee'peti

178 1922 295 2006 poterit
319 1940 358 1984 ex
390 1918 543 2004 ampliore
576 1939 671 2004 super
702 1918 782 1983 hanc
812 1920 915 2002 ipsam
939 1938 1006 1981 rem
1032 1918 1158 1984 Scholio
1182 1939 1220 1984 ex
1243 1919 1372 2000 HMQ'P

180 2025 219 2091 nd
249 2026 488 2111 praecedentem
513 2045 640 2091 versum
667 2024 843 2110 adscripto,
869 2023 908 2089 de
932 2044 994 2108 qno
1018 2045 1112 2110 supra
1135 2027 1200 2090 iam
1226 2029 1371 2114 egimus,

180 2131 212 2196 in
246 2134 337 2198 euius
369 2131 429 2198 fine
462 2135 509 2198 ita
541 2133 695 2216 scriptum
727 2137 791 2197 est:
817 2130 900 2195 ἔστιν
923 2125 971 2194 οὖν
996 2128 1094 2208 ὅμοιον
1117 2135 1159 2212 τῷ
1185 2134 1261 2210 „cto
1284 2133 1372 2210 t'ee

180 2241 213 2305 cd
245 2241 342 2312 λύσω,
377 2240 445 2318 πρίν
475 2264 529 2316 μιν
561 2241 612 2303 acl
646 2245 744 2318 γῆρας
778 2235 915 2302 ἔπεισιν”
947 2237 988 2321 (Α
1013 2240 1081 2326 29),
1111 2238 1163 2302 καὶ
1195 2238 1279 2314 ,οὐδέ
1304 2243 1373 2305 ποτ’

182 2345 332 2427 ἐκπέρσει,
367 2348 434 2426 πρίν
471 2369 523 2423 μιν
554 2345 640 2416 κύνες
673 2345 762 2424 ἀργοὶ
794 2343 911 2410 ἔδονται
943 2353 984 2424 (Σ
1016 2343 1106 2430 283).
1153 2346 1242 2410 Haec
1270 2347 1373 2435 igitur

181 2465 287 2521 nostro
307 2475 431 2541 quoque
449 2453 569 2520 scholio
588 2452 817 2519 intercalando:
840 2487 859 2500 -
873 2487 892 2502 ·
905 2453 942 2523 ὥς
955 2457 999 2529 μὴ
1013 2453 1262 2530 teutonicarum.
1276 2453 1372 2538 (ἔστιν

181 2556 230 2627 οὗν
265 2561 362 2639 ὅμοιον
395 2595 481 2612 ---
505 2559 592 2641 epol
623 2559 784 2646 ἔόοντοοι.”)
814 2564 945 2624 τοιοῦτον
976 2559 1039 2639 γὰρ
1070 2559 1105 2623 τὸ
1130 2560 1197 2638 πρίν
1222 2561 1374 2638 ἐνταῦθα,

181 2690 261 2756 quae
292 2689 375 2734 nunc
400 2670 520 2754 optime
544 2673 720 2753 sequuntur
742 2687 778 2731 ac
799 2664 1015 2731 concludentis
1040 2673 1124 2730 sunt.
1171 2667 1295 2752 Nempe
1319 2671 1373 2754 qui

180 2779 227 2841 ite
257 2777 547 2861 interpretabuntur
576 2771 781 2862 grammatici
814 2771 882 2852 πρίν
905 2795 944 2850 γε
969 2772 1020 2836 τὸν
1043 2787 1111 2837 κτλ.
1138 2773 1372 2857 quodammodo

80 2913 95 2938 a
181 2889 216 2950 nt
246 2880 328 2963 ὅρκον
360 2881 555 2958 cauponae
590 2880 772 2966 capiebant,
798 2885 892 2964 atque
915 2881 961 2944 ita
985 2879 1114 2954 domum
1137 2885 1220 2946 recte
1243 2881 1373 2948 hebebit

181 2991 264 3075 quod
288 2990 495 3076 subiungitur
519 2990 608 3063 δῆλον
633 2987 663 3051 δὲ
688 2983 734 3051 ὅτι
758 2987 851 3060 anisi
883 2984 1006 3062 Ἑκάβη
1038 2987 1146 3063 ἀγνοεῖ
1174 2989 1229 3060 τὴν
1261 2987 1374 3052 Ὀδυσ-

181 3095 256 3169 σέως
293 3096 477 3171 siriacum,
512 3095 629 3180 quibus
656 3094 903 3170 demonstratur,
935 3091 1059 3157 nullam
1092 3092 1142 3158 vel
1170 3103 1239 3176 poet
1269 3093 1375 3159 Ulixis

180 3205 353 3268 discessum
378 3200 536 3266 Helenam
561 3203 629 3266 eius
652 3198 719 3265 doli
743 3203 936 3265 mentionem
960 3200 1115 3265 iniecisse.
1139 3199 1376 3284 interpretatio·

180 3329 255 3375 nem
286 3311 389 3394 ipsam
421 3315 597 3374 contortam
629 3327 695 3372 esse
726 3325 783 3370 nec
814 3326 944 3384 veram,
976 3311 1087 3391 utpote
1115 3305 1241 3372 disertis
1263 3310 1375 3392 poetas

182 3416 286 3482 verbis
310 3414 550 3492 adversantem,
576 3433 671 3500 supra
692 3413 759 3479 iam
783 3413 905 3477 monui.

228 3629 264 3713 δ,
290 3625 365 3693 256.
412 3625 619 3692 Iureiurando
644 3623 733 3701 dato,
757 3622 809 3688 καὶ
833 3623 903 3689 τότε
927 3621 962 3698 δή
987 3645 1038 3701 μοι
1061 3621 1168 3687 πάντα
1191 3622 1254 3688 ador
1279 3622 1374 3718 aaut·

181 3733 270 3812 λεξεν
306 3733 457 3815 Ἀχαιῶν.
493 3730 544 3797 Ad
569 3731 631 3796 νόον
655 3728 822 3807 κατέλεξεν
845 3731 880 3795 in
903 3728 959 3812 PQ
985 3735 1048 3796 est:
1073 3725 1103 3792 ὃν
1128 3723 1196 3808 εἶχε
1220 3733 1285 3793 νῦν
1309 3728 1375 3808 περὶ

183 3850 238 3917 τῆς
273 3841 326 3908 διὰ
357 3844 410 3904 τοῦ
440 3836 535 3904 ἵππου
567 3838 745 3914 ἐπιβουλῆς.
778 3833 823 3902 ὅτι
856 3837 888 3902 li
921 3835 1012 3902 τοῦτό
1042 3841 1119 3914 Φνοι
1151 3834 1242 3904 δῆλον
1265 3835 1299 3899 ἐκ
1322 3839 1375 3899 τοῦ

185 3950 307 4029 »αὐτὰρ
343 3948 414 4025 ἐμὸν
451 3955 505 4026 κῆρ
541 3943 667 4024 χαῖρε.”
713 3943 750 4009 In
787 3943 933 4009 Palatino
964 3943 1051 4008 deest
1081 3944 1152 4014 νῦν.
1185 3961 1242 4006 nee
1271 3940 1376 4008 hercle
1497 3967 1499 3972 ·

182 4059 319 4124 iniuria:
349 4059 397 4120 est
428 4055 514 4118 enim
546 4051 821 4118 molestissimum.
868 4049 934 4116 Nos
966 4055 1072 4114 tamen
1104 4067 1141 4113 eo
1165 4051 1292 4113 auctore
1314 4065 1376 4114 non

183 4164 371 4230 abiiciemns
403 4160 486 4245 quod
517 4161 677 4224 nescimus
708 4179 765 4223 cur
793 4155 1055 4242 interpolaretur,
1081 4154 1137 4220 sed
1160 4155 1372 4240 corrigemus:

182 4268 214 4338 ὃν
237 4266 306 4348 εἶχε
331 4273 418 4333 νοῦν
443 4267 510 4348 περὶ
535 4275 591 4342 τῆς
615 4264 667 4330 διὰ
691 4268 745 4330 τοῦ
770 4260 865 4328 ἵππου
890 4263 1076 4347 ἐπιβουλῆς,
1096 4259 1180 4347 quod
1203 4261 1376 4346 interprete

95 4397 99 4408 ’
182 4397 245 4445 111
269 4383 352 4464 eget.
