3318 5138
732 343 792 413 161

167 559 232 604 area
270 536 518 604 diiudicantium
558 537 627 602 sive
660 539 728 622 ipse
764 543 858 604 aucta
888 539 952 603 iam
985 534 1154 622 paululum
1191 541 1359 603 auctorum

164 643 354 714 Graecorum
389 643 599 732 legendorum
634 643 787 710 facultate
820 665 873 710 eos
910 644 1138 721 animadverti,
1170 649 1357 711 retractasse

165 772 224 818 nou
246 751 355 838 pudet.
379 751 450 818 Nou
475 751 644 816 debueram
667 752 701 816 in
725 750 869 839 longiore
891 749 1063 838 Porphyrii
1087 749 1215 816 Scholio
1238 775 1253 814 ε
1279 748 1354 829 118,

163 859 194 924 in
227 859 294 924 his:
330 858 382 924 ιιοοί
418 856 527 923 τούτου
563 859 687 937 πίστις,
719 861 773 922 τοῦ
809 860 853 933 ab
885 857 936 923 διίι
976 858 1071 928 πώίος
1116 856 1245 937 ιοίσχρὸν
1283 881 1361 939 σχε.

163 964 296 1047 πλιοίζειυ
332 965 554 1054 (calmum),
589 964 624 1030 cd
660 964 786 1043 ἑτοίμοις
821 962 905 1046 ἔχειν
940 964 1139 1041 ἀποπέμπειν
1165 963 1220 1050 (so.
1246 963 1356 1028 Ὀδυσ-

164 1069 249 1159 σέιι),
289 1073 386 1139 verba
430 1077 484 1137 τοῦ
513 1073 569 1148 [ab
608 1106 628 1121 ·
643 1107 662 1121 -
677 1107 696 1121 -
730 1070 932 1153 σχετλιάζειν
970 1071 1103 1138 delenda
1144 1070 1283 1136 indicare
1318 1077 1356 1136 ut

162 1180 299 1244 insiticia
335 1177 528 1264 (Observatt.
563 1199 594 1264 p.
635 1175 721 1264 40.),
759 1177 841 1264 quod
876 1179 978 1244 amice
1006 1198 1060 1243 me
1090 1178 1218 1244 monuit
1247 1195 1356 1242 censor

163 1281 324 1368 Gallicus,
352 1281 411 1350 Oh.
438 1284 562 1350 Thurot
583 1287 634 1350 vir
657 1284 863 1351 clarissimus.
891 1283 914 1369 ¹)
960 1284 1072 1369 Neque
1095 1284 1220 1371 magis,
1244 1282 1355 1372 eodem

162 1395 323 1475 monente,
355 1389 376 1471 ζ
397 1389 464 1456 230
496 1393 530 1457 in
553 1389 682 1457 Scholio
705 1411 744 1456 ex
767 1390 795 1456 B
819 1388 894 1476 (Τί)
917 1392 952 1455 iu
976 1391 1059 1476 App.
1085 1411 1116 1476 p.
1143 1387 1208 1457 769
1232 1409 1352 1455 memo

161 1503 227 1563 rato
258 1494 464 1563 ποίσσονοιε
496 1495 673 1577 ποοχώπερον
705 1496 768 1561 atari
799 1501 853 1563 σοῦ
883 1495 1013 1582 παχὺς,
1038 1495 1182 1578 ποιχίών,
1207 1493 1353 1572 πώσσυν,

28 1669 29 1697 p
161 1604 197 1676 ώι
226 1604 306 1669 οίπό
336 1605 462 1682 θᾶσσον,
492 1599 607 1683 ἆσσον,
639 1605 814 1670 secundum
847 1602 911 1669 οίπί
943 1603 1047 1670 delere
1078 1603 1251 1670 debueram
1274 1600 1353 1683 (Ob-

28 1705 29 1796 Ῐ
160 1717 285 1777 servatt
312 1732 344 1797 p.
372 1709 439 1800 42),
464 1715 517 1776 sed
541 1713 648 1796 potius
671 1711 880 1801 oumneodem
900 1710 1013 1776 lacuna
1033 1710 1287 1788 statuendam,
1308 1695 1374 1776 sio'

28 1869 29 1882 ,
160 1817 222 1882 fere
253 1817 424 1904 explenda:
457 1818 496 1889 ώι
527 1817 591 1882 ιίπὸ
624 1819 704 1902 (τοῦ
732 1817 863 1898 σιιχί,
890 1814 1009 1904 ἄγχι)
1035 1818 1164 1894 θᾶσσον,
1189 1810 1302 1894 ἆσσον,
1327 1815 1353 1900 ²)

28 2003 29 2008 ἵ
158 1926 265 2010 itaque
294 1925 358 1990 fere
390 1924 486 1990 habet
515 1923 781 2012 Etymologicum
805 1923 976 2012 Mag-uum.
1023 1923 1113 1990 Idem
1137 1927 1207 1990 iure
1231 1943 1283 1989 me
1306 1922 1354 1988 in·

28 2053 29 2072 ι
160 2032 296 2118 crepuit,
331 2031 415 2117 quod
445 2033 479 2095 in
507 2030 633 2116 prolixa
655 2031 834 2096 narratione
858 2031 898 2095 ad
921 2028 941 2106 ξ
965 2028 1030 2097 327
1055 2034 1108 2115 (ea
1132 2027 1204 2117 QV)
1224 2032 1258 2094 in
1281 2029 1347 2094 bis:

161 2139 272 2214 ποιμίιν
302 2136 399 2212 νέμων
431 2135 580 2216 προίβιιτοο
611 2136 641 2201 ἒν
668 2141 730 2206 τοῖς
753 2143 809 2212 ric
835 2136 979 2211 Δωδώνης
1003 2133 1087 2201 ἕλεσι
1120 2139 1190 2200 τοῦ
1223 2135 1354 2206 πίλοις

162 2245 306 2324 ὑφείλετο
338 2243 468 2319 ποίμνην
492 2242 683 2321 καλλίστην,
707 2243 923 2328 parenthetica
946 2247 999 2307 τοῦ
1027 2241 1127 2313 πίλοις
1151 2247 1277 2307 mutare
1300 2259 1355 2306 vo·

28 2335 29 2344 ῒ
160 2349 265 2418 lebam
297 2352 331 2416 in
360 2372 430 2415 που
459 2349 600 2420 πίλοις.
628 2353 671 2437 (p.
698 2347 766 2434 43.)
791 2348 861 2435 Ipse
884 2351 1049 2436 proposuit
1070 2348 1178 2420 τινὸς
1202 2355 1277 2413 τών
1302 2345 1355 2412 πώ-

28 2515 29 2522 ,
161 2472 237 2543 λοι,
258 2461 393 2543 utroque
412 2459 520 2522 verius
539 2465 587 2522 est
604 2479 670 2521 τον
690 2457 787 2543 (τῶν)
803 2455 912 2527 πίλοις.
937 2454 1021 2522 Tum
1035 2459 1069 2522 in
1081 2455 1150 2522 loco
1163 2453 1354 2521 difficillimo

28 2619 29 2654 q
160 2565 242 2644 ady
268 2563 334 2629 256
357 2585 454 2650 seqq,
478 2564 535 2629 ubi
559 2563 600 2629 ad
622 2561 831 2629 Homericum
855 2561 971 2645 ἓχευοιν
996 2567 1056 2648 (ve.
1081 2561 1162 2649 258)
1185 2562 1355 2628 adnotatur

160 2673 192 2736 in
222 2670 332 2751 EMQ:
365 2669 442 2743 τινές
471 2667 625 2754 ,ἔχευενᾞ
657 2666 706 2734 ίνιο
737 2669 832 2750 λείπῃ
861 2671 894 2734 τί
928 2669 967 2735 σί
975 2692 1008 2742 ς·
1033 2670 1086 2734 ίίον
1111 2670 1142 2734 δὲ
1168 2668 1303 2752 ἔχευαν,
1327 2668 1353 2732 οί

160 2780 359 2859 προσήκοντες
378 2780 419 2858 τῷ
432 2778 568 2858 Αίγίσίῳ
589 2772 676 2852 ἅμα
695 2774 830 2851 δηλονότι
844 2776 994 2842 ἐκώλυσεν
1011 2775 1160 2847 πώπὸςώ
1182 2774 1353 2853 Μενέλαοι,

160 2885 307 2969 probavit
329 2883 458 2970 quidem
483 2905 561 2968 quas
584 2889 654 2948 tum
676 2885 825 2969 proposui
848 2883 891 2970 (p.
912 2882 970 2970 87)
991 2882 1226 2949 emendationes
1244 2882 1354 2948 bascat

162 3026 213 3043 ·-
238 2989 289 3058 ίνοι
319 2992 411 3073 λείποι
442 2991 484 3058 τί
515 3009 604 3064 rw
630 2990 684 3056 ἕίιν
709 2989 741 3056 δὲ
767 2988 931 3074 ,,ἔχευοιν”,
955 2989 981 3056 σί
990 2990 1205 3068 προσήκοντες
1230 2993 1271 3069 τῷ
1296 2991 1353 3056 Αί-

28 3169 29 3174 *
160 3098 256 3178 νίσίῳ
276 3099 430 3174 διιλονίπί.
451 3098 542 3163 ἀλλ’
563 3097 713 3162 ἐκώλυσεν
732 3095 779 3161 ίιν
800 3095 949 3169 αὐτοὺς
973 3095 986 3160 d
1006 3095 1182 3172 Meritum,
1198 3133 1240 3147 --
1253 3109 1354 3182 neque

28 3181 29 3218 ³
160 3225 244 3270 nuuc
268 3226 319 3270 me
342 3205 457 3271 barum
484 3207 644 3290 poenitet,
669 3241 712 3252 —
736 3202 792 3269 sed
823 3206 892 3269 iure
924 3206 1046 3269 censuit
1075 3226 1115 3270 ne
1144 3205 1189 3269 sic
1224 3202 1354 3288 quidem

161 3309 267 3378 locum
286 3331 352 3378 csse
370 3317 592 3396 personatum,
609 3310 663 3376 scd
683 3309 736 3376 hic
755 3329 879 3395 quoque
898 3307 1046 3376 lacunam
1067 3309 1353 3388 statuendam,ut,

160 3417 245 3502 quod
276 3418 384 3484 crebro
415 3438 475 3482 usu
510 3419 615 3495 venit,
646 3415 764 3502 duplex
795 3415 957 3481 adnotatio
985 3435 1150 3501 perperam
1182 3415 1354 3492 coaluerit,

161 3523 261 3590 altera
284 3526 412 3601 critica,
437 3525 476 3589 ad
498 3526 792 3610 interpretationem
816 3524 977 3609 pertinens
1001 3520 1119 3600 altera,
1144 3541 1241 3608 quam
1264 3519 1353 3587 lacu-

28 3677 29 3696 ι
160 3649 236 3696 nam
272 3649 380 3695 vereor
414 3634 451 3695 ut
485 3633 553 3696 siue
588 3629 759 3696 meliorum
788 3628 942 3696 librorum
978 3648 1037 3714 ope
1067 3648 1208 3713 unquam
1240 3629 1355 3695 sarcire

161 3739 330 3821 possimus.
354 3735 521 3803 Praeterea
544 3737 676 3804 fortasse
700 3758 761 3802 uon
785 3757 858 3802 cnm
883 3735 1103 3801 Buttmaunno
1129 3733 1354 3821 Diodordoque

163 3848 288 3910 mutare
318 3843 491 3911 debueram
522 3863 603 3930 quae
631 3844 785 3932 leguntur
811 3843 851 3909 ad
876 3835 980 3908 {aaa
1004 3862 1044 3907 ex
1068 3840 1148 3922 HQ:
1173 3841 1187 3906 ί
1211 3841 1353 3923 ciperente

164 4039 343 4052 ————-—...-

199 4163 228 4234 1)
246 4167 327 4218 &rue
345 4167 467 4233 duaque,
487 4166 558 4216 laea.
575 4183 599 4234 p.
618 4166 758 4220 aaa-sal.

199 4254 225 4315 2)
246 4253 339 4305 'l'bnrct
362 4255 509 4323 proponebat
531 4260 594 4306 τών
618 4252 706 4320 τιιχί,
730 4253 808 4322 dvxi.
841 4258 955 4308 Facetum
977 4257 1024 4314 cat,
1048 4255 1221 4309 derivationem
1242 4255 1292 4308 ώπί
1310 4263 1356 4310 σου

165 4337 244 4404 ίννίς
267 4345 347 4395 videre
364 4347 426 4412 apud
444 4345 546 4412 Epimm.
566 4347 665 4398 Homm.
684 4345 748 4414 (tl.
763 4347 878 4414 paim
891 4343 986 4410 cram.)
1002 4347 1026 4396 ct
1039 4344 1210 4410 Etymclogurn
1228 4347 1355 4412 Magnum,

167 4433 209 4496 qni
224 4447 249 4482 rc
265 4434 323 4484 baec
341 4433 425 4484 debere
441 4437 569 4502 profitetur
585 4436 708 4503 Apollonii
726 4436 855 4502 (Rhodiit’)
872 4436 986 4488 Scholiirr
1005 4434 1080 4493 σίν-νς
1105 4428 1171 4498 εὗρον
1195 4435 1220 4484 ἰν
1245 4439 1358 4501 σχολίοιε

168 4523 213 4570 σοῦ
231 4522 337 4586 §queror
357 4516 529 4578 Ἀπολλωνίου.

1204 4624 1235 4675 11
