3278 5148
719 288 785 366 279

246 485 300 557 51.
336 487 445 558 σεύατ’
469 487 566 556 ἔπειτ’
591 486 967 570 §casamassancia
992 481 1108 572 uasta,
1134 519 1203 542 --·

245 597 300 664 54.
316 627 318 632 ·
336 597 379 680 τῷ
401 594 501 670 lastae
525 596 685 662 πολέεσσιν
708 596 848 676 ίχιίσοιτο
873 593 1009 674 κύμοσιν
1031 596 1158 675 Ἑρμῆς.

153 703 223 793 ligo
245 709 355 770 auum
378 723 449 770 meo
471 703 542 770 iure
564 723 696 789 quaero,
720 702 748 770 si
771 706 866 789 potita
887 722 982 770 varan
1004 699 1047 766 ot
1067 700 1167 768 dixit:
1187 702 1231 782 τῷ
1244 699 1343 776 ἰιιεοιιρ

153 808 314 878 πολίεσσιν
344 808 518 892 ίχιίσιιεο
549 808 721 888 κύμασιν
752 813 887 896 Ἑρμῆς,
918 811 974 895 qui
1003 808 1089 874 hunc
1121 828 1251 876 versum
1274 809 1346 875 idco
1430 885 1433 892 ¹

154 915 402 1006 expungendum
431 922 537 984 censet
559 919 805 1006 grammaticus,
827 920 965 1004 ρνσσίοιιι
988 915 1168 984 Mercurius
1195 916 1347 997 βραδύτε-

155 1049 201 1108 ρον
221 1024 384 1106 πορεύεποιι
408 1025 453 1103 μίη
475 1021 630 1106 χρύμενοο
654 1028 696 1108 τῷ
721 1025 782 1108 ἰδίῳ
806 1024 921 1110 τιίχει,
946 1025 1058 1090 'AAA'
1083 1023 1345 1106 ἐποχούμενος
1395 1103 1404 1118 ι

156 1132 300 1212 νύμοισι
331 1131 384 1197 ccl
415 1115 604 1211 μιμούμενος
628 1131 720 1213 μύρον
742 1131 828 1198 rard
852 1133 888 1197 τδ
910 1129 999 1210 ἔπος,
1027 1167 1070 1180 --
1094 1134 1177 1198 satin
1201 1152 1296 1197 sanus
1318 1133 1347 1197 ia

157 1260 223 1306 esse
252 1235 401 1307 videtne?
433 1238 519 1306 Eone
546 1259 637 1306 versu
661 1245 818 1325 expuncto
841 1239 922 1304 sorte
945 1238 1079 1306 celerius
1104 1239 1199 1305 deum
1224 1260 1257 1305 se
1280 1260 1349 1305 mo·

156 1348 241 1414 visse
275 1346 375 1412 lector
405 1345 550 1430 putabit,
572 1351 728 1426 χρώμενον
750 1349 792 1426 τῷ
817 1347 879 1426 ἰδίῳ
902 1343 1021 1430 adzeri
1052 1345 1115 1427 Qui
1139 1345 1288 1412 acciderit
1310 1353 1349 1413 ut

157 1457 207 1518 tot
230 1453 292 1518 riri
313 1452 400 1517 docti
423 1458 491 1516 tam
515 1459 623 1538 aperta
647 1453 928 1539 praetervidcrint,
952 1454 1095 1538 impense
1126 1455 1225 1520 miror
1247 1473 1349 1539 neque

159 1557 255 1625 ubam
287 1560 416 1626 invenio
447 1579 575 1624 causam
605 1567 730 1645 praeter
761 1561 961 1626 decantatam
985 1559 1094 1626 illam:
1118 1560 1292 1641 σίμσρτσίνει
1316 1561 1348 1626 δὲ

158 1665 212 1731 κοί
242 1667 317 1746 σίνίηρ
348 1665 539 1747 σοφιίτιιτοτ.
586 1665 697 1754 Itaque
730 1667 768 1732 de
791 1689 886 1734 versu
909 1667 952 1731 ot
976 1687 1016 1733 ex
1039 1666 1098 1733 hac
1121 1667 1251 1752 quidem
1274 1673 1349 1734 nota

159 1771 465 1839 damnandonemo
498 1775 532 1838 in
568 1783 751 1858 posterum,
785 1795 888 1859 spero,
921 1775 1100 1862 cogitabit,
1128 1777 1253 1840 aciem
1278 1781 1349 1840 tuto

158 1878 269 1945 licebit
301 1879 464 1946 Eustatbii
498 1883 737 1956 auctoritatem,
752 1885 757 1892 '
771 1884 800 1946 ai
832 1901 912 1967 quae
943 1891 1008 1960 eet,
1040 1901 1187 1966 respuere
1209 1881 1349 1947 bominis

159 1985 265 2052 multo
299 1986 449 2054 doctioris
485 2009 581 2075 quam
617 1991 784 2065 acutioris,
821 1992 876 2074 qui
906 1988 988 2054 hanc
1022 1991 1180 2055 atbetesin
1215 1991 1280 2055 iarn
1316 1992 1349 2056 iu

160 2113 217 2182 suo
242 2094 348 2160 codice
368 2095 437 2163 loco
458 2103 579 2162 motam
597 2097 636 2162 de
655 2099 835 2162 coniectura
855 2096 894 2161 ad
913 2117 1042 2163 versum
1055 2095 1098 2164 54
1111 2097 1257 2162 retulisse
1269 2096 1351 2161 mibi

159 2201 297 2266 ridetur.
322 2200 431 2268 Unum
455 2206 489 2268 in
516 2206 635 2270 vicinia
657 2205 778 2288 reperio
802 2223 945 2280 versum,
973 2205 1006 2268 in
1030 2223 1125 2288 quem
1145 2203 1353 2291 grammatici

161 2308 339 2374 observatio
363 2310 443 2374 bene
466 2309 615 2394 quadret,
641 2330 702 2376 non
726 2331 836 2376 uersus
861 2309 905 2374 54
928 2310 982 2375 sed
1007 2309 1062 2375 49:
1089 2312 1144 2386 την
1167 2311 1251 2389 μετὰ
1280 2335 1352 2393 χερ-

162 2412 210 2480 alr
235 2411 316 2494 dxcv
336 2416 473 2482 πέτετο
497 2417 609 2497 κρατὺς
631 2417 865 2496 Ἀργεϊφόντης.
903 2419 946 2483 nt
965 2417 1353 2485 noneolatnuncltlercu·

160 2521 247 2605 rius,
283 2521 406 2606 inquit,
442 2524 497 2590 aed
531 2517 762 2604 βραδύτερον
793 2525 972 2604 πορεύετοιι,
1003 2523 1055 2603 μη
1085 2523 1279 2604 χρώμενος
1303 2525 1351 2603 τῷ

162 2625 240 2708 ἰδίην
275 2625 403 2710 τύχοι.
451 2627 580 2696 Etenim
613 2630 751 2696 Pieriam
785 2628 966 2696 conscendit
997 2636 1031 2696 et
1053 2629 1128 2696 hinc
1151 2633 1184 2694 in
1208 2652 1296 2698 mare
1319 2653 1352 2698 se

160 2732 349 2820 praecipitat
373 2734 467 2800 undis
489 2745 621 2814 vectus,
645 2775 687 2786 -
711 2737 802 2817 οισίρον
825 2736 1025 2815 μιμούμενοι.
1073 2735 1286 2804 Oonfirmatnr
1318 2738 1353 2804 id

162 2837 245 2925 quod
287 2841 396 2924 posui.
420 2838 474 2905 vel
514 2843 622 2929 magis
664 2863 700 2908 ea
742 2843 863 2920 torma,
900 2864 997 2929 quam
1032 2843 1173 2910 scholion
1207 2851 1351 2910 nostrum

161 2947 196 3012 in
218 2945 257 3011 M
278 2944 425 3029 induxit,
450 2949 532 3032 quod
556 2948 741 3016 Dindorfiua
754 2989 795 2998 -
808 2953 966 3016 incertum
992 2971 1087 3036 quarn
1107 2950 1146 3015 ob
1165 2971 1293 3018 causatu
1308 2987 1373 3012 ·-.

161 3053 196 3117 in
218 3057 344 3118 textum
369 3053 506 3138 recipere
529 3056 683 3143 neglexit.
730 3056 803 3124 Illic
827 3059 928 3145 igitur
952 3060 997 3123 ita
1020 3077 1054 3124 se
1080 3058 1192 3134 babet,
1219 3063 1353 3124 —utor

162 3157 347 3236 collatione,
378 3179 474 3244 quam
505 3162 717 3251 Pluygersius
751 3186 783 3230 ν.
807 3163 847 3230 cl.
879 3185 918 3230 ex
943 3161 1053 3230 Cobeti
1077 3165 1259 3252 apographo
1282 3185 1354 3232 con·

161 3265 255 3344 fecit,
283 3287 343 3332 -ι
368 3266 503 3341 εἰπόντος
530 3268 562 3364 δί
586 3277 638 3336 τοῦ
664 3278 787 3346 ποιητοῦ
813 3270 895 3352 λύριρ
917 3271 1000 3352 ίρνιύι
1026 3272 1151 3338 ἑοικέναι
1169 3272 1219 3337 τὸν
1240 3276 1353 3352 Ἑρμῆν

163 3371 249 3438 κοντοὶ
284 3375 339 3448 την
374 3377 559 3450 πτήσεως
593 3379 672 3464 (eod.
699 3379 860 3464 ποιύτεοις,
885 3399 963 3444 corr.
990 3375 1141 3462 Cobotes)
1166 3377 1351 3464 ύμοιίτητοι,

163 3477 326 3556 προσέύηιιί
350 3502 396 3553 τις
421 3482 454 3545 ού
477 3482 601 3555 δεόντως
628 3485 748 3570 (δέοντο
772 3486 853 3568 cod.)
878 3487 928 3551 τίν
952 3486 1061 3567 στίχον
1083 3500 1152 3550 κτλ.
1177 3485 1374 3551 Possuntne·

162 3585 241 3652 haee
264 3585 343 3652 serio
366 3608 414 3653 vs.
441 3589 484 3652 ot
504 3590 675 3677 respicere?
698 3592 780 3658 Rem
800 3596 903 3678 ipsam
923 3591 950 3656 si
970 3593 1354 3678 spectemus,iurencmo

163 3691 247 3778 quod
282 3697 382 3759 sciam
413 3702 624 3764 recentiorum
648 3701 839 3766 alterutrum
863 3721 992 3767 versum
1016 3701 1049 3764 in
1070 3701 1182 3770 νοίείσις
1204 3702 1355 3785 suspicio·

163 3821 243 3865 nem
262 3805 389 3867 vocarit
412 3825 513 3890 neque
536 3810 604 3892 ipae
628 3809 826 3884 vocaverim,
852 3807 935 3892 quod
955 3827 1017 3872 non
1037 3806 1173 3891 impedit
1185 3808 1355 3891 quominus

162 3913 272 3972 notam
310 3907 480 3978 Eustatbio
516 3923 600 3980 certe
631 3913 736 3979 multo
766 3915 977 3999 antiquiorem
1008 3933 1025 3978 a
1056 3911 1192 3997 quodam
1219 3913 1355 3980 Aristar·

163 4011 332 4092 cneorum,
358 4057 400 4070 -
425 4022 557 4089 fortasse
579 4022 618 4087 ab
643 4021 836 4104 Aristonico,
862 4057 903 4068 -—
928 4019 1100 4105 profectam
1125 4025 1285 4104 putemus.
1353 4011 1358 4019 ⁸

210 4241 368 4324 Quoniam
398 4238 498 4308 semol
521 4240 560 4306 ab
583 4238 734 4303 instituta
756 4237 811 4301 via
834 4234 965 4312 deflexi,
989 4239 1028 4300 ut
1049 4235 1084 4300 in
1107 4234 1166 4300 hac
1189 4239 1278 4319 parte
1302 4253 1354 4298 eos

164 4357 291 4416 tautum
324 4351 515 4436 attingerem
544 4345 646 4422 locos,
680 4346 736 4428 qui
766 4341 894 4427 aliquod
926 4343 1100 4428 scripturae
1130 4344 1246 4406 vitium
1271 4339 1357 4404 alant
1420 4343 1435 4410 ’,

165 4459 346 4523 coniectura
375 4455 567 4532 tollendum,
601 4457 725 4518 caetera
747 4453 780 4514 in
805 4447 892 4514 aliud
919 4453 1047 4535 tempus
1070 4469 1283 4528 reservarem,
1308 4445 1356 4514 al-
