3330 5144
773 363 839 434 233

205 555 405 623 scribendum
440 577 520 642 quae
552 558 670 630 usitata
692 555 792 620 forma
816 561 880 626 cat:
905 555 940 618 τὸ
964 555 1006 620 bb
1031 553 1215 633 πενόμενον,
1242 555 1399 634 ,προσθέσει

206 663 289 748 quod
324 666 358 727 in
391 663 558 748 proverbio
588 661 668 739 est”,
701 671 744 744 ut
771 683 798 727 v.
813 683 840 726 c.
872 663 906 726 in
936 659 1133 729 Philemonis
1156 661 1335 750 fragmento
1358 685 1397 728 ex

207 773 369 835 Σικελικοῦ
396 769 529 834 dicitur:

276 875 311 940 cb
335 875 370 951 δῆ
395 876 561 952 λεγόμενον
585 878 674 940 τοῦτο
698 879 811 938 Μυσῶν
836 871 973 955 ἔσχατον

278 980 390 1062 ἐνόμιζ’
401 981 470 1058 όραν
483 981 535 1046 τὸν
547 979 608 1046 υἱὸν
621 978 774 1045 έαπλέυνό
787 977 867 1059 ὁρῶν.
879 981 941 1066 (ap.
955 978 1060 1046 Schol.
1073 979 1181 1057 Rhesi,
1194 1001 1240 1046 vo.
1255 980 1345 1066 244),

210 1094 242 1154 et
264 1089 348 1174 apud
368 1086 536 1154 Platonem
559 1088 593 1152 in
618 1083 757 1174 Gorgia:
783 1087 818 1150 τὸ
842 1087 1009 1165 λεγόμενον
1033 1089 1067 1162 δῆ
1091 1089 1180 1152 τοῦτο
1202 1087 1231 1150 έν
1256 1088 1298 1168 τῷ
1326 1087 1400 1168 πίθῳ

209 1196 262 1268 τῆν
287 1196 455 1275 κεραμεέαν
479 1193 643 1273 ἐπιχειρεῖν
666 1191 830 1270 μανθιθνειν
854 1199 886 1258 et
909 1196 1035 1278 saepius
1057 1193 1144 1259 alibi.

257 1439 290 1517 δ,
320 1435 394 1504 158.
429 1436 526 1504 Recte
550 1444 614 1504 tres
636 1437 709 1503 illos
732 1459 842 1503 versus
865 1437 1072 1524 (loo-loo)
1096 1442 1262 1506 damnasse
1285 1441 1397 1505 dicun·

213 1559 264 1612 tur
287 1553 409 1613 veteres
432 1547 552 1620 critici,
578 1551 610 1609 et
634 1543 713 1610 alias
735 1545 776 1609 cb
800 1566 909 1611 causas
932 1547 1138 1635 gravissimas
1164 1554 1195 1613 ct
1223 1548 1306 1632 quod
1327 1553 1402 1611 sunt

212 1653 299 1730 παρὰ
328 1651 363 1716 τὸ
394 1651 512 1731 ποθπριοι
544 1651 596 1714 καὶ
626 1652 685 1730 οὐχ
709 1649 904 1728 οὶρμόττοντα
929 1657 976 1731 τῷ
998 1655 1218 1732 Πεισιστράτου
1243 1656 1400 1733 προσώπῳ.

212 1757 377 1844 (finde.)
401 1757 438 1821 ln
461 1757 511 1821 bis
535 1777 590 1840 pcc
613 1762 665 1821 τοῦ
690 1755 871 1823 Dindorfius
895 1759 1022 1844 scripsit
1045 1763 1100 1839 τῷ,
1121 1767 1219 1826 recte.
1243 1761 1401 1847 nisiqucd

212 1867 310 1930 etiam
334 1867 451 1930 rectius
474 1870 607 1948 uterque
630 1864 784 1930 articulus
807 1865 1013 1931 adsciscetur:
1040 1869 1091 1930 acl
1117 1869 1178 1948 οὐχ
1206 1867 1401 1946 οθρμθττοντα

215 1975 290 2056 (τῷ)
313 1975 380 2036 τοῦ
405 1969 626 2048 Πεισιστράτου
650 1971 808 2050 προσώπῳ.

261 2216 294 2292 θ,
324 2211 396 2278 164.
433 2215 478 2279 Τὸ
502 2213 564 2292 γὰρ
589 2215 752 2277 ἐπελθεῖν
776 2214 819 2277 τό
844 2217 929 2279 νατοὶ
952 2215 1021 2284 τοὺς
1044 2223 1219 2291 μνηστῆρας
1249 2217 1405 2295 περίεργον

218 2320 365 2398 παρόντος
391 2321 486 2384 αὐτοῦ
510 2325 563 2384 τοῦ
588 2321 780 2390 πεπονθότος.
806 2319 946 2408 (HMQ.)
970 2320 1081 2387 Sermo
1106 2329 1153 2387 est
1177 2323 1215 2388 de
1238 2324 1406 2409 prudentia

219 2427 397 2504 Pisistrati,
422 2433 484 2496 πῶς
509 2427 564 2499 τῆν
587 2431 640 2490 τοῦ
667 2426 780 2506 πατρὸς
803 2430 916 2507 σοφθοιν
935 2429 1173 2505 ἀπομέμακται.
1199 2429 1260 2495 Sed
1280 2433 1408 2497 omnino

219 2533 439 2600 scribendum:
474 2533 524 2597 τόν
561 2533 644 2598 κατόν
680 2533 748 2604 τοὺς
782 2542 977 2618 μνηστῆρας,
1009 2535 1279 2619 quemadmodum
1313 2535 1408 2622 paulo

218 2661 313 2727 supra
348 2645 432 2705 recte
463 2640 597 2705 dicitur:
630 2641 672 2704 τοὶ
704 2641 770 2720 περὶ
802 2641 872 2712 τοὺς
899 2649 1076 2720 μνηστῆρας
1101 2641 1136 2726 (1.
1165 2642 1219 2728 15)
1243 2650 1275 2708 et
1298 2645 1409 2708 statim

217 2754 289 2834 post
304 2750 346 2810 cal
371 2748 437 2826 περὶ
463 2747 595 2830 αὐτούς,
618 2746 702 2833 quod
725 2746 887 2812 minutum
913 2747 985 2813 vitii
1008 2769 1111 2837 genus
1130 2749 1195 2814 iam
1216 2750 1249 2814 in
1269 2751 1411 2835 superio-

219 2855 306 2919 ribus
340 2854 446 2941 tetigi.
493 2853 597 2919 Simul
628 2861 684 2921 aut
716 2854 921 2919 vehementer
951 2854 1061 2939 fallor,
1094 2861 1150 2921 aut
1180 2877 1236 2942 pro
1272 2859 1411 2922 ἐπελθεῖν

218 2960 433 3047 reponendum
457 2966 505 3026 cst
529 2958 743 3036 ἐπεξελθεῖν,
765 2961 848 3045 qnod
872 2960 905 3024 in
929 2981 965 3026 ea
988 2981 1021 3026 re
1045 2961 1149 3027 multo
1172 2969 1219 3029 est
1243 2965 1409 3032 usitatius.

264 3209 299 3292 t,
326 3205 400 3274 167.
425 3204 612 3272 Instituitur
634 3206 776 3291 quaestio
794 3227 851 3272 cur
869 3226 970 3290 neque
990 3205 1105 3272 Nestor
1123 3225 1224 3299 neque
1242 3207 1410 3274 Menelaus
1443 3191 1454 3212 ’

220 3312 395 3399 Penelopae
414 3333 433 3378 a
451 3315 554 3398 procis
575 3315 811 3378 circumventae
831 3313 1052 3388 subvenerint,
1077 3333 1177 3397 neque
1197 3311 1408 3381 Telemachus

221 3420 379 3486 auxilium
409 3421 448 3484 ab
479 3422 520 3485 iis
551 3425 655 3504 petat,
688 3421 721 3484 in
751 3439 813 3504 qua
844 3418 994 3484 solvenda
1025 3425 1149 3504 praeter
1181 3420 1244 3486 alia
1276 3429 1308 3486 et
1335 3422 1413 3488 baec

222 3527 386 3593 dicuntur:
421 3525 525 3596 ἄλλοις
559 3547 592 3588 τε
626 3525 677 3588 καὶ
704 3526 847 3606 οθφορμῆυ
871 3524 938 3604 ἔχει
967 3524 1089 3604 Νέστωρ
1114 3548 1148 3589 τε
1173 3527 1225 3590 καὶ
1251 3527 1411 3600 Μενέλαος

222 3639 275 3698 τοῦ
306 3621 350 3711 μῆ
376 3633 503 3711 πέμψαι
529 3631 692 3712 σσρατιοέν·
719 3630 845 3712 Νέστωρ
869 3630 925 3707 μὶν
950 3633 983 3694 ἐκ
1009 3637 1060 3696 τοῦ
1085 3629 1245 3708 αὐτόπτης
1269 3633 1413 3711 γενέσθαι

222 3749 277 3814 τῆς
310 3739 441 3812 Ἀθηνᾶς
466 3737 637 3810 πιστεύσας
662 3749 699 3819 πῆ
725 3737 895 3808 Ὀδυσσέως
921 3739 1087 3822 παρουσίᾳ,
1117 3739 1130 3802 θ
1154 3739 1184 3803 δὲ
1212 3740 1246 3802 έιι
1270 3742 1414 3820 Πρωτέως

223 3847 369 3918 οἰκούσας.
390 3845 423 3911 τέ
442 3841 490 3911 οὖν
511 3846 569 3911 ἔδει
591 3843 784 3926 ὑφαρπάζειν
804 3854 858 3922 τῆς
883 3843 1056 3918 Ὀδυσσέως
1077 3843 1224 3922 daducium
1241 3847 1411 3936 (HMQR).

223 3954 428 4022 Desideratur
462 3953 582 4017 mentio
613 3973 742 4029 eoscum,
766 3972 843 4037 quos
866 3951 971 4018 Ulixis
994 3951 1110 4018 ultioni
1135 3955 1215 4038 eripi
1238 3974 1301 4018 non
1325 3975 1418 4040 opor·

224 4063 321 4128 tabat.
370 4063 433 4140 Qui
460 4081 534 4124 cum
567 4060 599 4124 in
632 4059 774 4143 proxime
798 4059 1056 4124 antecedentibus
1078 4058 1194 4124 nullibi
1220 4079 1415 4126 commemo·

224 4175 342 4252 rentur,
366 4168 539 4231 necessario
563 4165 713 4230 addetur:
740 4166 770 4230 τό
793 4162 840 4231 οὖν
864 4165 921 4230 ἔθει
948 4163 1143 4246 ὑφαρπάζειν
1166 4166 1415 4252 (calcedonia

224 4271 396 4344 Ὀδυσσέας
422 4271 573 4351 {casalata

272 4499 306 4583 b,
333 4497 414 4579 178,
443 4500 516 4568 179.
559 4499 732 4566 Profitetur
757 4497 937 4586 Menelaus,
963 4501 990 4565 si
1014 4499 1124 4568 Ulixes
1147 4499 1255 4569 sulvus
1279 4511 1311 4570 et
1334 4504 1418 4572 incc-
