3232 5136
720 343 740 418 ’8

143 545 285 614 ctionem
320 547 460 630 positum
495 549 561 626 est,
593 542 763 628 permultis
793 543 870 608 locis
900 543 1132 613 difficilioribus
1161 546 1314 616 Codicum
1414 563 1432 622 ’.

142 655 228 719 etiem
261 659 480 737 corruptorum
512 649 662 716 lectiones
693 671 755 714 non
778 648 915 716 fideliter
938 659 1166 737 repraesentet,
1189 658 1223 720 in
1246 656 1319 742 plu·

141 758 220 824 ribus
248 778 309 825 non
340 763 572 844 repraesentare
603 755 774 822 censendus
807 759 867 840 sit,
893 795 934 806 -
960 759 1045 844 quod
1074 763 1137 837 sic,
1168 763 1317 847 inquam,

139 885 223 932 omne
263 886 355 951 saepe
395 863 638 930 fundamentum
683 866 820 946 corruit,
863 866 915 927 cui
959 868 1030 949 qnia
1065 867 1317 935 coniecturarum

139 991 302 1059 conpagem
333 975 540 1057 superstruat.
587 967 648 1034 Sed
680 972 744 1034 sint
773 969 832 1034 illa
864 975 901 1033 ut
930 991 996 1036 esse
1027 970 1159 1042 debent,
1189 994 1252 1040 non
1281 982 1318 1042 ut

137 1085 219 1154 sunt,
254 1079 364 1144 ideone
400 1077 676 1143 emendationibus
707 1096 746 1142 ex
775 1077 906 1163 ingenio
935 1077 1084 1162 profectis
1116 1080 1317 1163 supersedere

136 1191 199 1250 tntu
227 1181 424 1270 poterimus?
458 1182 529 1262 Hoc
561 1183 692 1267 quidem
714 1202 808 1248 nemo
831 1184 865 1246 in
887 1180 1057 1248 (lodicibus
1080 1181 1211 1252 Graecis
1238 1195 1318 1254 trec·

136 1291 229 1356 taedis
272 1291 324 1357 vel
364 1290 568 1356 mediocriter
603 1295 746 1354 versatus
780 1287 967 1362 affirmabit,
1002 1292 1147 1356 omnium
1182 1295 1317 1360 minime

134 1395 350 1474 Ludwi'cbius,
386 1400 442 1483 qui
473 1399 542 1482 ipse
576 1395 609 1460 in
642 1393 704 1460 fine
738 1396 1016 1462 commentationis
1050 1417 1125 1464 suae
1160 1400 1315 1484 quaedam

134 1511 233 1588 aperte
263 1501 418 1570 Codicum
450 1502 720 1580 πλημμελήματα
744 1503 907 1588 ingeniose
927 1504 1131 1570 coniectando
1154 1507 1316 1576 evidenter

133 1613 270 1677 conexit.
319 1607 420 1678 Ouius
443 1608 599 1695 exemplis
622 1629 705 1673 nunc
728 1608 805 1672 heec
829 1627 900 1673 mea
924 1608 1083 1675 accedant.

171 1740 199 1793 ι,
224 1719 300 1784 252.
330 1717 370 1784 ad
394 1716 528 1782 Homeri
552 1714 664 1780 verba:
687 1711 709 1778 ὦ
732 1711 841 1790 ξεῖνοι,
866 1715 943 1786 τίνες
970 1715 1057 1792 terh
1083 1717 1142 1784 hoc
1162 1717 1313 1790 Scholion

129 1823 315 1909 adscriptum
340 1830 388 1889 est
410 1826 445 1889 in
469 1821 512 1888 T:
537 1823 658 1898 οὐόεμ
682 1821 798 1901 ζητεῖ
820 1828 882 1894 τῶς
906 1831 976 1894 ταῖς
1002 1824 1150 1898 tiedericus
1173 1829 1311 1905 ὁμιλίαις

128 1937 234 2009 χρῆται
271 1929 531 2017 (Polyphemus),
565 1928 649 2007 εἴπερ
682 1925 737 2004 ἔξω
768 1927 924 2009 τυγχάνει
955 1937 1010 2004 τῆς
1039 1931 1213 2010 οἰκουμένης
1243 1936 1258 2000 ε’
1266 1935 1309 2000 τὶ

128 2037 244 2118 τούτῳ
267 2038 318 2118 τῷ
344 2037 468 2116 λόγῳ.
489 2037 557 2102 καὶ
577 2036 625 2099 τὰ
647 2035 737 2113 περὶ
758 2036 851 2108 τοὺς
874 2036 1060 2109 Φαίακας
1082 2039 1308 2108 ἀνασκευά-

128 2165 249 2220 roura.
274 2145 354 2216 εἰκὸς
378 2139 503 2210 οὖνκαὶ
529 2142 643 2214 ἄλλους
668 2143 895 2218 πεπλανῆσθαι.
943 2141 996 2210 Sic
1019 2142 1174 2212 Diodorfli
1199 2147 1307 2216 editio.

128 2248 165 2335 (p.
195 2250 273 2335 426,
309 2250 329 2316 l.
360 2249 514 2336 18-21.)
561 2247 718 2336 Descripsi
753 2254 858 2314 totum
891 2247 1057 2335 Scholion,
1088 2254 1241 2320 miserum
1273 2257 1307 2322 in

126 2357 247 2424 modum
272 2363 457 2444 corruptum
482 2365 576 2442 atque
598 2357 833 2422 inconcinnum.
880 2354 927 2422 De
950 2360 1105 2424 sententia
1129 2359 1219 2427 nulla
1238 2383 1305 2428 esse

127 2469 219 2546 potest
250 2465 420 2530 dubitatio.
452 2461 715 2528 Criminationem
747 2464 852 2541 enim,
885 2462 1058 2528 absurdum
1090 2465 1191 2532 videri
1221 2468 1305 2554 quod

127 2567 278 2638 Homerus
309 2571 380 2640 τοὺς
413 2569 683 2647 ἑκτετοτιτμένους
715 2567 846 2634 inducat
877 2565 996 2634 Graece
1027 2569 1245 2660 intelligentes
1273 2580 1305 2640 et

32 2687 33 2706 i
127 2671 236 2744 Graeco
278 2697 423 2744 sermone
463 2674 714 2750 confabulantes,
756 2677 881 2760 saepius
916 2677 1062 2764 tetigisse
1095 2677 1245 2745 videntur
1279 2681 1304 2746 ci

126 2785 250 2862 λυτικοί,
274 2792 451 2868 eorumque
468 2803 562 2848 cause
580 2784 648 2867 ipse
668 2780 871 2847 Aristarchus
890 2781 924 2846 in
944 2780 1165 2850 laudatissimo
1177 2783 1305 2854 Scholio

32 2913 33 2920 ¹
126 2887 158 2953 ad
185 2913 225 2968 γ,
251 2889 307 2966 71,
340 2890 396 2955 ubi
426 2890 504 2955 haec
526 2888 637 2954 eedem
660 2889 772 2954 rerba:
797 2885 818 2952 d
843 2887 931 2966 ξεῖνον
954 2903 1025 2953 κτλ.
1049 2898 1234 2978 occurrunt,
1258 2894 1303 2959 δο-

126 2994 181 3060 τέον
214 2996 265 3072 δέ,
302 2995 415 3080 (incia,
451 2995 679 3080 (Aristarchus)
710 2997 751 3071 τῷ
786 3004 896 3075 ποιητῇ
928 2994 971 3059 ct
994 2999 1140 3081 rescire,
1165 3000 1217 3064 aad
1241 3001 1304 3082 γὰρ

126 3107 188 3167 acic
218 3103 313 3170 αὐτὸν
348 3101 515 3190 (Cyclopa)
546 3101 685 3182 cepere
718 3100 821 3166 εἰδότα
855 3137 1010 3151 -—-
1035 3103 1087 3167 aad
1120 3106 1307 3180 συνίησιν

125 3211 334 3285 Ἑλληνίδα
365 3210 510 3290 φωνήν.
557 3207 677 3274 Verum
708 3207 784 3293 quid
815 3208 877 3273 sibi
906 3205 977 3272 vult
1000 3215 1179 3276 monstrum
1203 3213 1304 3293 illud,

125 3337 159 3381 nc
185 3325 315 3384 accentu
345 3314 473 3402 quidem
505 3321 673 3391 ornatum,
699 3314 820 3390 ceter
846 3311 954 3394 ζητεῑι
980 3311 1194 3403 „Corruptum
1222 3322 1305 3404 est”;

125 3419 297 3489 Diodorfius
329 3425 459 3508 inquit„
485 3421 703 3499 „desideratur
733 3441 850 3486 nomen
871 3421 1109 3508 grammatici.”
1155 3427 1306 3496 Attamen

126 3529 172 3592 vix
203 3531 296 3596 credo
330 3551 369 3595 ex
404 3527 587 3603 elementis,
618 3548 657 3592 ex
690 3527 807 3612 quibus
838 3525 931 3603 οὐδεμ
964 3536 1101 3607 constat,
1137 3531 1307 3617 aliquando

125 3653 227 3702 nomen
261 3636 469 3725 grammatici
505 3631 619 3700 Gracci
651 3639 778 3698 erutum
812 3635 863 3698 iri.
910 3631 978 3699 Nec
1012 3655 1091 3721 opus
1123 3647 1187 3716 est,
1212 3646 1307 3708 utin

124 3737 267 3810 laboriosa
296 3744 539 3824 investigatione
571 3739 771 3805 desudemus.
797 3735 903 3805 Codex
926 3742 994 3825 ipse
1017 3761 1129 3806 rerum
1156 3749 1320 3830 praebet,'

125 3845 172 3910 sed
192 3849 298 3914 omnia
321 3847 384 3914 alie
403 3867 499 3933 quam
518 3848 725 3934 grammatici
745 3845 911 3910 cuiusdam
933 3865 1048 3911 nomen
1069 3856 1125 3914 aut
1143 3855 1304 3922 notitiam.

125 3949 199 4030 Quid
225 3958 329 4042 igitur
357 3951 474 4019 hebeti
505 3953 630 4019 Habet:
665 3954 706 4018 ct
730 3954 794 4018 tri
816 3951 971 4036 ζητεῖν,
997 3973 1059 4037 quo
1082 3958 1212 4024 invento
1234 3961 1302 4048 glo

125 4059 215 4125 riatur
237 4058 460 4144 Ludwichiue‚
486 4061 572 4136 iure,
597 4062 656 4124 etsi
681 4064 804 4145 poterat
826 4058 959 4124 fortasse
979 4057 1093 4126 lenius.
1124 4061 1193 4130 Hoc
1216 4067 1303 4133 idem

124 4169 151 4226 et
180 4166 244 4250 ipse
265 4167 298 4230 in
323 4168 469 4252 margine
493 4165 684 4250 exemplaris
707 4167 772 4231 mei
796 4164 917 4230 dudum
942 4163 1182 4244 adnotaveram.
1207 4174 1303 4242 colla·

124 4271 161 4332 tis
183 4297 217 4350 rr,
242 4274 303 4340 2⁰:
328 4274 476 4347 εἲληττνιι
499 4273 555 4350 μὲν
580 4272 614 4335 τὸ
638 4271 778 4347 πλάσμα
802 4271 875 4350 πρὸς
900 4269 950 4336 τὸν
975 4274 1087 4351 καιρόν,
1111 4275 1153 4339 διὸ
1176 4281 1215 4344 od
1241 4280 1305 4347 δεῖ

32 4457 33 4472 ¹
125 4374 249 4454 ζητεῖν
274 4381 524 4446 τὰτοιαῦτα
548 4384 580 4443 ct
603 4403 639 4462 μ,
657 4377 754 4464 ¹4473
778 4381 875 4463 item,
897 4377 935 4442 ud
956 4377 1183 4448 illustrandum
1205 4386 1299 4469 εἴπερ,

126 4501 174 4564 pro
200 4507 259 4570 quo
289 4493 347 4552 sut
378 4487 487 4564 καίτερ
519 4492 758 4571 expectaremus
781 4490 837 4550 aut
861 4482 997 4568 simplex
1022 4487 1067 4570 ει,
1091 4487 1130 4553 ad
1156 4496 1301 4562 testimo·
