3242 5140
757 335 823 414 tot

194 531 235 605 ob
270 557 403 622 eumque
438 557 567 604 oensem
598 536 758 604 Phsesoos
788 537 1030 624 demigravimu,
1066 533 1151 604 unde
1180 543 1289 604 tomen
1323 557 1386 604 non

194 646 338 730 sequitur
373 649 510 712 oseteros
545 664 668 730 quoque
698 665 761 710 noo
791 665 881 710 seous
897 677 899 682 v
913 664 949 709 so
979 643 1214 731 Polyphemum
1250 647 1385 712 iniustos

195 751 389 836 deorumque
412 757 623 818 contemtores
646 751 796 819 exhiberi.

240 985 269 1047 ι,
295 961 370 1028 107.
417 963 465 1030 De
495 963 612 1028 iisdem
646 983 722 1028 oum
755 961 917 1031 Homerus
947 965 1079 1032 dixisset
1110 965 1140 1031 ιθ
1158 969 1196 1046 ρἰι
1220 967 1311 1031 θεοῖσι
1334 990 1388 1030 πε-

194 1068 329 1140 ποιθύτες
361 1067 555 1134 ἀθανάτοισιν
591 1069 608 1150 Η
641 1069 711 1134 ούτε
742 1070 925 1148 Φυτιύουσιν
956 1072 1062 1153 χερσὶν
1085 1074 1184 1154 Φυτθν
1207 1073 1272 1138 οὔτ’
1295 1073 1350 1151 ἀρθ
1374 1110 1386 1122 -

194 1201 257 1260 σιν,
289 1175 327 1242 de
359 1175 410 1240 his
440 1177 544 1263 igitur
574 1176 719 1242 versibus
751 1179 870 1244 iterum
893 1176 936 1242 ¹1¹:
969 1181 1050 1260 φασὶ
1075 1180 1138 1259 pop
1163 1176 1223 1244 ὅτι
1249 1178 1385 1266 (rddidit

194 1281 304 1367 Dind.)
328 1283 380 1348 ῦιά
405 1281 440 1346 τὸ
464 1280 609 1363 εύιιρατον
634 1289 692 1346 τῶν
716 1284 809 1362 ἀέρων
834 1289 1004 1362 προνοοῦσιν
1025 1286 1143 1351 αὐτῶν
1167 1286 1248 1372 (eod.
1273 1285 1385 1362 αὐτὸν,

194 1389 330 1454 correxit
359 1387 505 1473 Preller.)
535 1389 561 1453 ol
592 1388 649 1454 leri
678 1391 717 1462 ὥς
748 1388 919 1471 ἀπογόνων,
946 1391 1035 1468 ,,ε’πεί
1057 1399 1164 1473 σφισιν
1188 1391 1321 1470 ἐγγύθεν
1344 1393 1384 1456 εἰ·
1503 1403 1506 1412 ¹

194 1495 280 1574 σι’ν,”
310 1495 327 1571 ἢ
361 1495 407 1566 or
440 1494 615 1562 δικαίων.
647 1494 767 1574 μύνος
796 1497 876 1578 γάρ
909 1495 1047 1570 ἄδικος
1081 1499 1383 1580 θΠολύφιρμις.

193 1600 348 1668 ἀπάνευθε
380 1601 442 1680 γάρ
468 1594 511 1666 ’ἀν
541 1603 707 1679 ἀθεμίστια
738 1604 823 1688 ἤδη,
857 1603 909 1670 καὶ
942 1601 1000 1677 οἷος
1032 1607 1252 1684 ποιμαίνεσκε,
1276 1613 1334 1671 τῶν
1358 1605 1385 1670 θ’

193 1705 299 1774 ἀλλον
332 1703 461 1778 ἕκαστος
495 1708 667 1786 θεμιστεύει
702 1709 821 1776 παίδων
852 1709 899 1784 ἠδ’
931 1712 1068 1793 ἀλόχων.
1101 1708 1119 1775 θ’
1125 1715 1188 1777 θεν
1219 1714 1318 1790 μηδὲ
1341 1714 1384 1776 τὸ

194 1815 395 1890 σπήλαιον
429 1812 683 1890 ἀνοίξαντες
717 1824 1111 1898 πολυπραγμονοῦσι
1143 1813 1383 1886 τίπέπονθε

194 1922 247 1988 καί
276 1921 440 2002 μαντείαις
475 1928 611 2002 χρῶνται
648 1922 702 1988 καὶ
737 1924 817 1995 θεοὺς
842 1923 1006 2005 νομίζουσι.
1036 1927 1145 2003 „atrro
1169 1928 1208 1992 σύ
1231 1931 1265 2005 γ’
1289 1925 1381 2006 εὔχεο

195 2030 289 2109 πατρὶ
314 2026 496 2094 Ποσειδάωνι
521 2027 665 2096 ἀνακτι.”
688 2029 747 2115 (re.
774 2029 864 2116 412.)
888 2030 1026 2096 Mirifice
1048 2053 1138 2117 osne,
1158 2035 1185 2098 si
1205 2031 1383 2119 Cyelopum

194 2139 327 2222 quisque
355 2138 439 2200 inter
469 2135 586 2202 liberos
615 2155 688 2204 suos
711 2142 743 2202 et
767 2157 880 2202 uxores
903 2139 954 2201 ius
977 2137 1075 2228 dieii,
1100 2139 1174 2204 hino
1197 2139 1382 2216 deducitur,

194 2242 278 2329 quod
318 2262 420 2326 neque
457 2238 652 2328 Polyphemi
693 2245 848 2308 oooseosti
892 2243 1050 2310 auxilium
1093 2244 1295 2329 implorantis
1331 2266 1384 2310 en-

193 2355 283 2414 trum
314 2351 477 2432 aperiunt,
512 2369 614 2432 nsque
645 2348 721 2432 quid
751 2367 862 2433 possus
892 2350 935 2414 sit
965 2352 1140 2435 inquirunt.
1168 2349 1309 2436 (ἕκαστος
1335 2353 1382 2414 θε-

193 2454 333 2534 μιστεύει
359 2491 400 2502 --
423 2451 511 2518 ῦθεν
533 2455 611 2531 μηδὲ
633 2491 675 2502 --
698 2461 989 2534 πολυπραγμονοῦσι
1022 2459 1054 2521 τί
1085 2455 1237 2542 πέπονθε).
1272 2457 1383 2543 Neque

195 2564 302 2628 minus
338 2558 473 2626 mirlfloe
502 2566 735 2644 componuntur
766 2560 801 2625 τὸ
824 2563 868 2638 ριθρ
892 2560 1011 2639 ἀνοῖξαι
1034 2563 1086 2627 καί
1112 2571 1383 2643 πολυπραγμονεῖν

194 2688 269 2734 oum
301 2667 370 2732 hie:
402 2665 456 2730 καί
488 2666 653 2744 μαντείαις
684 2672 820 2747 χρῶνται
853 2667 905 2732 καί
936 2669 1017 2740 θεοὺς
1042 2668 1204 2750 νομίζουσι.
1249 2669 1295 2734 Ut
1317 2689 1385 2736 mo·

194 2774 297 2840 leotiis
329 2773 381 2838 his
412 2771 608 2856 liberemur,
637 2774 733 2840 verba
763 2795 838 2840 essu
869 2775 1007 2860 quodem
1037 2774 1108 2840 looo
1139 2797 1196 2842 suo
1230 2783 1319 2842 mots
1351 2777 1385 2840 in

195 2880 301 2947 sedem
333 2881 502 2965 pristinem
535 2900 571 2944 so
602 2881 723 2946 iustum
753 2881 952 2946 reducemus.
1000 2879 1101 2952 Μθνις
1132 2884 1196 2962 γάρ
1231 2881 1333 2953 ἄδικος
1368 2883 1383 2947 ί

194 2985 395 3068 Πολύφημος.
417 2983 571 3052 ἀπάνενθε
591 2987 655 3066 γάρ
675 2987 713 3052 ἀν
732 2989 901 3065 ἀθεμίστια
920 2989 1007 3069 ᾔδει
1028 2987 1081 3052 καί
1101 2983 1158 3061 οθος
1170 2989 1383 3067 ποιμαίνεσκε,

196 3089 281 3159 ῦθεν
301 3092 400 3170 μηδὲ
423 3094 465 3157 τὸ
489 3094 689 3169 σπήλαιον
712 3091 958 3169 ἀνοίξαντες
982 3099 1384 3173 πολυπραγμονοῦσι

196 3203 236 3269 τί
266 3199 449 3266 τίπονθε.
484 3205 542 3264 σῦν
576 3200 601 3263 δ’
625 3197 730 3266 ἀλλων
753 3199 884 3273 ἕκαστος
908 3201 1081 3280 θεμιστεύει
1105 3203 1220 3267 παίδων
1246 3202 1291 3278 ἦθ’
1313 3201 1387 3266 ἀλύ-

191 3332 276 3389 χιιν,
310 3305 361 3370 καὶ
398 3305 561 3383 μαντείαις
586 3313 721 3387 χρῶνται
747 3308 799 3372 καὶ
826 3307 908 3379 θεοὺς
933 3306 1082 3389 νομίζουσι
1107 3323 1178 3373 κτλ.
1219 3308 1386 3374 Praetereo

194 3417 230 3480 in
251 3419 345 3480 notos
367 3414 462 3478 initio
484 3409 551 3491 θτι,
576 3414 661 3498 quod
685 3416 752 3480 siue
776 3415 874 3480 dubio
897 3415 1004 3482 sbesss
1028 3416 1157 3500 nequit,
1181 3435 1244 3479 uon
1265 3435 1301 3480 eo
1318 3414 1387 3480 loeo

194 3522 401 3596 inseruerim,
426 3539 489 3604 quo
515 3518 698 3586 Dindoriius
722 3521 925 3588 inserendum
943 3526 1085 3607 putavit,
1100 3523 1155 3588 sed
1173 3521 1268 3608 poulo
1288 3522 1387 3586 infre:

195 3628 277 3709 Φασὶ
308 3624 371 3706 γάρ
401 3624 451 3692 διά
482 3625 517 3690 τί
550 3625 694 3707 εύκρατσν
724 3633 782 3692 τῶν
814 3629 908 3707 ἀέρων
932 3626 988 3714 (θτ
999 3631 1022 3712 ι)
1046 3633 1214 3708 προνοοῦσιν
1238 3630 1338 3692 αὐτῶν
1362 3629 1387 3690 οἱ

195 3732 253 3798 θεοί
288 3733 333 3818 (ἢ)
355 3733 394 3803 ἀς
426 3731 585 3809 ἀπογθνον
610 3767 629 3780 -
654 3733 671 3808 ἢ
696 3735 734 3804 ἀς
759 3733 892 3799 δικαίων.
939 3735 1012 3800 Non
1043 3738 1128 3800 enim
1152 3733 1257 3800 herole
1279 3733 1313 3798 id
1337 3733 1387 3798 di-

195 3845 289 3917 eunt,
322 3839 397 3904 deos
431 3839 471 3904 ob
506 3859 672 3906 amoenum
703 3839 781 3904 oseli
814 3843 1001 3926 temperiem
1025 3842 1086 3906 sibi
1109 3842 1291 3926 providere,
1316 3841 1386 3916 sed,

195 3946 280 4032 quod
303 3943 498 4032 Oyolopibus
521 3948 629 4012 omnio
660 3951 771 4031 sponte
796 3967 835 4012 ex
859 3957 943 4013 terre
965 3949 1171 4032 proveniunt,
1192 3935 1388 4032 philosophis

196 4059 244 4120 est
267 4051 317 4118 ss
342 4053 377 4118 rt
402 4050 545 4132 εὔκρατον
571 4058 630 4116 τῶν
654 4053 763 4134 ἀέρων.
788 4053 863 4120 deos
886 4074 961 4120 voro
983 4055 1024 4118 iis
1046 4055 1213 4139 providere
1235 4073 1272 4120 eo
1294 4073 1390 4120 osuse

197 4165 262 4238 est,
287 4180 384 4245 quum
408 4161 472 4253 ipsi
496 4158 641 4224 afferunt.

243 4397 269 4454 ι,
294 4371 371 4439 138.

334 4482 364 4546 ἐν
388 4479 419 4544 δὲ
444 4483 539 4559 λιμθρν
561 4481 704 4565 εὔορμος,
728 4479 764 4549 ἵν’
788 4484 820 4549 ού
844 4483 925 4566 χρεὼ
950 4481 1123 4561 πείσματός
1147 4484 1241 4564 ἐστιν,
1270 4517 1289 4534 -
1305 4517 1323 4534 -
