3242 5140
756 321 820 386 401

192 517 324 582 ἐνταῦθα
360 522 481 593 κεῖται,
516 512 569 578 καί
607 508 665 590 ,ἀς
699 511 772 575 -.”
810 513 934 578 Poterit
969 497 1014 577 sie
1049 511 1170 578 lenius:
1292 518 1324 578 ἐν
1353 517 1386 582 δὲ

190 622 359 706 Ὀδυσσεία
383 625 433 686 νῦν
458 618 546 684 ἔστι
570 621 664 684 κάκεῖ
686 633 756 684 κτλ.
805 617 962 687 Confundi
987 619 1087 710 siglas
1108 617 1277 688 verborum
1299 622 1331 688 δέ
1351 631 1383 690 et

129 747 132 756 ’
191 733 260 797 ἐστί
283 731 391 796 docuit
414 731 480 793 iam
503 727 633 793 Bantius
653 749 684 813 p.
711 723 787 792 803.
865 807 867 812 ι
1214 739 1219 748 ·

236 967 263 1026 ι,
289 941 343 1008 64.
391 941 468 1008 Οὐδ’
492 939 554 1021 ἀρα
577 963 628 1018 μοι
651 940 780 1021 προπίρω
804 949 871 1017 νῆες
896 944 959 1008 κίον
982 941 1212 1025 ἀμφιέλισσαι,
1243 987 1246 996 ‚

395 1055 465 1136 πρίν
488 1079 559 1120 τινα
582 1062 641 1118 τῶν
666 1053 770 1120 δειλῶν
796 1053 908 1135 ὲσάρων
933 1056 996 1134 τρίς
1021 1053 1149 1121 ἕκαστον
1173 1034 1285 1137 α’ἀσαι,

397 1155 423 1226 oi
448 1163 533 1226 θάνον
560 1163 588 1226 ἕν
614 1161 705 1244 πεδίῳ
730 1161 860 1228 Κικόνων
885 1160 945 1226 ἷίπο
964 1163 1137 1246 ’δηωθὲντες
1254 1155 1255 1163 ¹

190 1267 379 1353 Paraphrasi
403 1267 481 1348 haee¹
502 1267 706 1334 illustrantur
730 1271 763 1332 in
790 1266 816 1334 'P
841 1272 873 1333 in
899 1270 983 1334 huno
1007 1269 1156 1336 modum:
1181 1268 1238 1337 olor
1260 1274 1293 1338 οὐ
1313 1275 1384 1354 πρό-

190 1399 274 1453 τερον
297 1375 476 1456 ἀνήχθημεν
503 1375 571 1456 πρίν
594 1377 637 1440 τά
664 1373 846 1456 νομιζόμενα
870 1383 932 1446 τοῖς
958 1377 1083 1455 ἑταίροις
1109 1389 1232 1455 ποιησαι
1256 1383 1382 1461 παλαιῷ

100 1539 104 1552 ,
190 1483 290 1562 θεσμῷ
323 1486 586 1564 κρατοῦντες.
621 1484 651 1546 ἕν
678 1482 804 1563 πολέμῳ
829 1483 892 1562 μάρ
917 1483 1126 1557 ἀποθανόντας
1152 1488 1192 1559 είς
1218 1488 1282 1567 τρίς
1307 1491 1384 1552 ἀνα-

190 1595 316 1673 καλεῖν,
351 1589 569 1654 τοντέστιν
604 1589 652 1654 ἵνα
690 1591 734 1666 μη
771 1613 817 1663 τις
855 1590 1007 1663 πολλάκις
1045 1591 1182 1668 ἐμπνέων
1212 1597 1251 1664 θς
1284 1596 1382 1674 νεκρὸς

190 1697 400 1777 ἀπολειφθείη.
428 1698 461 1760 οὐ
485 1695 589 1774 μέντοι
615 1697 855 1776 προαπέστημεν
880 1699 1054 1783 ε’μβάντες,
1074 1699 1162 1764 ἀλλά
1183 1724 1384 1781 προσεκαρτε·

190 1807 297 1883 ροῦμεν
316 1801 445 1868 ἕκαστον
458 1803 667 1882 ἀναβοῶντες,
684 1805 709 1869 εί
731 1802 929 1882 δυνάμεθά
950 1830 1019 1868 τινα
1035 1813 1093 1870 τῶν
1106 1808 1383 1884 ἀπολελειμμένων

191 1917 286 1974 σῶσαι
323 1910 375 1974 καὶ
412 1911 456 1988 μη
489 1911 670 1976 ἀπολείπειν
702 1909 732 1974 ἒν
764 1921 803 1992 τῇ
835 1913 983 1995 πολεμία.
1016 1913 1068 1976 καί
1101 1915 1130 1977 ἐν
1153 1914 1263 1979 Ἰλιάδι
1289 1916 1384 1998 ,ἀλλ’

191 2016 460 2094 ἀναπεπταμένας
493 2015 562 2097 ἔχων
594 2017 728 2097 ἀνέρες.”
766 2019 814 2104 (Μ
843 2017 930 2097 122.)
955 2019 1104 2098 Φαίνεται
1129 2021 1160 2085 δὲ
1188 2019 1239 2085 διά
1265 2027 1384 2088 τοῦτο

197 2121 231 2187 πθ
266 2122 445 2204 φιλέταιρον
476 2128 529 2188 τοῦ
560 2122 742 2194 Ὀδυσσέως.
790 2123 932 2189 Priorem
964 2127 1138 2191 sententiae
1166 2133 1287 2212 partem
1315 2123 1385 2213 (olor

192 2233 224 2296 οὐ
250 2267 269 2278 -
294 2231 534 2312 καταλειφθείη)
560 2237 654 2316 prout
683 2231 769 2296 edita
792 2235 839 2294 est
864 2232 978 2294 misere
1002 2230 1197 2311 claudicare,
1222 2237 1383 2300 neminem
1435 2304 1439 2312 ,

191 2339 289 2406 latere
313 2344 424 2424 potest.
472 2337 582 2422 Neque
606 2337 740 2402 editores
764 2335 878 2413 latuit,
902 2357 1037 2422 quorum
1063 2335 1245 2404 Dindorfius
1266 2341 1384 2417 „rerba

189 2467 251 2512 non
275 2443 418 2532 integra”
442 2443 608 2509 indicavit.
639 2443 798 2508 Prellerus
821 2445 856 2506 in
880 2448 1061 2522 κρατοῦντες
1088 2441 1244 2521 „Cratetis
1268 2467 1385 2512 nomen
1418 2475 1421 2480 ·

188 2553 289 2620 latere
315 2549 510 2630 „oonieoit‚”
536 2553 612 2635 „qui
636 2549 820 2614 nominatur
842 2551 874 2613 in
899 2550 1018 2616 scholio
1046 2573 1076 2617 v.
1092 2550 1172 2628 60,”
1196 2553 1334 2631 infelici,
1348 2560 1386 2619 ut

189 2661 273 2743 fere,
303 2657 492 2724 coniectura.
538 2657 611 2743 lpse
643 2677 716 2721 oum
746 2658 812 2721 iam
837 2661 909 2720 ante
934 2657 1054 2723 multos
1078 2679 1175 2723 annos
1202 2659 1385 2726 dubitanter

189 2768 224 2831 in
258 2767 404 2852 margine
438 2763 645 2829 adlevissem:
675 2757 734 2827 olor
769 2764 801 2826 οὐ
838 2762 979 2841 πρότερον
1010 2765 1207 2843 ἀνήχθημεν,
1240 2767 1309 2846 πρίν
1338 2770 1384 2834 rei

191 2871 373 2952 νομιζόμενα
403 2877 465 2942 τοῖς
497 2870 623 2948 ἑταίροις
657 2875 781 2941 ποιεῖται
807 2871 932 2950 παλαιῷ
957 2872 1060 2952 θεσμῷ
1085 2877 1326 2947 καλοῦντες.
1351 2876 1382 2939 ἐν

190 2979 316 3060 πολέμῳ
352 2981 414 3056 γάρ
447 2976 656 3050 ἀποθανόντας
692 2978 734 3048 είς
766 2979 828 3056 τρίς
861 2980 1032 3041 ἀνακαλεῖν
1058 2977 1141 3051 ἔθος
1174 2979 1302 3058 ἐστίν,
1331 2977 1381 3047 ἵνα

191 3088 236 3165 μή
265 3111 311 3158 τις
336 3083 489 3154 πολλάκις
514 3079 651 3161 ἐμπνέων
675 3086 712 3155 ἀς
737 3084 834 3162 νεκρθς
859 3084 1085 3162 ἀπολειφθείη,
1114 3123 1156 3133 -
1180 3085 1257 3151 haec
1279 3089 1383 3174 igitur

192 3215 266 3261 eum
298 3193 376 3258 olim
405 3193 625 3274 coniecissem,
656 3195 764 3276 postes
788 3211 806 3255 a
831 3190 1018 3256 Ludwiehio
1042 3191 1158 3274 didici,
1183 3193 1293 3258 eadem
1318 3194 1383 3260 fere

192 3305 225 3367 in
253 3302 333 3387 ipso.
352 3299 457 3364 oodioe
480 3299 596 3383 scripta
622 3305 747 3372 entare,
772 3299 835 3362 nisi
860 3299 943 3382 quod
968 3300 1094 3378 παλαιῷ
1119 3299 1219 3378 θεσμῷ
1244 3324 1383 3382 καρπε-

192 3413 309 3491 ροῦντες
342 3407 412 3483 dat,
446 3405 529 3490 quod
563 3403 653 3469 nullo
688 3405 810 3468 adiecto
846 3406 1034 3490 participio,
1066 3405 1174 3489 (paulo
1205 3413 1276 3492 post
1299 3414 1384 3473 reete

193 3517 310 3582 dieitur
345 3517 640 3592 προοεκαρτεροῦμεν
673 3513 897 3592 ἀναβοῶντες,)
931 3511 983 3575 hio
1017 3532 1143 3596 prorsus
1174 3513 1255 3577 nihil
1284 3516 1384 3602 signi·

193 3623 275 3688 licat.
323 3620 410 3701 Quae
445 3623 520 3704 ipse·
548 3620 737 3704 reponebam
762 3619 941 3704 .probsbam
972 3637 1010 3682 er
1039 3621 1080 3683 iis
1109 3641 1188 3704 quae
1212 3621 1250 3684 de
1273 3621 1383 3686 eadem

193 3752 226 3795 re
252 3729 285 3792 in
315 3725 349 3792 H
379 3727 532 3814 leguntur
555 3729 590 3792 ad
618 3747 664 3792 rs.
691 3725 733 3790 62
757 3726 925 3790 adnotata:
951 3759 970 3772 -
989 3728 1084 3790 -οὐκ
1110 3727 1201 3790 εἴασα
1226 3727 1284 3799 τοῖς
1309 3733 1383 3800 ναῦς

194 3841 327 3899 πλεῦσαι
364 3833 450 3913 πρὶν
486 3833 591 3897 κατά
628 3836 669 3897 τὸ
707 3837 884 3911 ἀρχαῖον
920 3832 1005 3900 ἔθος
1039 3834 1383 3900 ἀνακαλέσασθαι

194 3945 286 4014 τοὺς
324 3939 518 4020 ἑταίρους.
555 3938 644 4022 ᾤοντο
679 3942 742 4016 yso
780 3938 850 4010 τοὺς
887 3939 916 4001 ἕν
952 3940 1119 4020 ἀλλοδαπῇ
1157 3947 1200 4020 γῇ
1230 3942 1383 4016 ἀποθνήσ-

195 4073 302 4118 κοντας
335 4049 416 4112 δεῖν
448 4055 608 4118 καλεῖν,
638 4043 686 4109 ἵνα
712 4047 892 4122 μετοίγωσιν
916 4045 1027 4116 αὐτοὺς
1051 4046 1095 4117 είς
1119 4047 1173 4118 την
1198 4048 1333 4126 πατρίδα
1346 4048 1383 4133 1),

230 4223 255 4288 1)
280 4223 430 4272 correxerim
456 4222 479 4270 in
507 4222 552 4270 hoo
575 4221 700 4270 llarleiani
723 4221 812 4272 soholio
836 4220 893 4276 τοῦς
913 4215 937 4268 ἐν
955 4217 1084 4284 ἀλλοδαπῇ
1103 4225 1138 4284 γῇ
1157 4219 1384 4282 ἀποθανόντας

195 4315 219 4360 et
242 4314 280 4361 ira
298 4310 492 4372 κατοίγωσιν
518 4309 607 4382 adroic
626 4312 659 4367 είς
680 4313 725 4369 τὴν
746 4308 868 4374 πατρίδα,
884 4312 928 4360 hoo
946 4327 973 4358 ex
992 4310 1116 4359 tritissima
1134 4312 1247 4376 siglarum
1264 4319 1385 4380 permota·

197 4401 273 4460 tione,
304 4419 352 4468 qna
376 4405 414 4452 vol
445 4402 638 4465 μετακοιμᾶσθαι
662 4394 774 4452 scribitur
799 4420 840 4470 pro
858 4399 1052 4460 κατακοιμθὶσθαι
1071 4400 1104 4467 (p,
1125 4403 1185 4461 sos,
1207 4404 1248 4468 ll)
1266 4421 1280 4452 a
1297 4403 1386 4456 Cobeto

197 4485 291 4535 tandem
308 4487 433 4538 sublatum.

1209 4585 1240 4633 26
