<?xml version="1.0" encoding="UTF-8"?>
<!DOCTYPE html PUBLIC "-//W3C//DTD XHTML 1.0 Transitional//EN"
    "http://www.w3.org/TR/xhtml1/DTD/xhtml1-transitional.dtd">
<html xmlns="http://www.w3.org/1999/xhtml" xml:lang="en" lang="en">
 <head>
  <title>
</title>
<meta http-equiv="Content-Type" content="text/html;charset=utf-8" />
  <meta name='ocr-system' content='tesseract 3.04.00' />
  <meta name='ocr-capabilities' content='ocr_page ocr_carea ocr_par ocr_line ocrx_word'/>
</head>
<body>
  <div class='ocr_page' id='page_1' title='image "./adodysseameiusq01polagoog_0297.png"; bbox 0 0 3278 5148; ppageno 0'>
   <div class='ocr_carea' id='block_1_1' title="bbox 816 285 882 358">
    <p class='ocr_par' dir='ltr' id='par_1_1' title="bbox 816 285 882 358">
     <span class='ocr_line' id='line_1_1' title="bbox 816 285 882 358; baseline -0.03 0"><span class='ocrx_word' id='word_1_1' title='bbox 816 285 882 358; x_wconf 79' lang='lat'>282</span> 
     </span>
    </p>
   </div>
   <div class='ocr_carea' id='block_1_2' title="bbox 139 464 1444 564">
    <p class='ocr_par' dir='ltr' id='par_1_2' title="bbox 139 464 1444 564">
     <span class='ocr_line' id='line_1_2' title="bbox 139 464 1444 564; baseline -0.002 -14"><span class='ocrx_word' id='word_1_2' title='bbox 139 545 141 550; x_wconf 83' lang='grc'>.</span> <span class='ocrx_word' id='word_1_3' title='bbox 205 483 209 490; x_wconf 80' lang='grc'>’</span> <span class='ocrx_word' id='word_1_4' title='bbox 252 464 357 563; x_wconf 68' lang='grc' dir='ltr'><em>οίνέρές</em></span> <span class='ocrx_word' id='word_1_5' title='bbox 387 482 647 564; x_wconf 77' lang='grc' dir='ltr'><em>οίπεριιιολιίπτοις</em></span> <span class='ocrx_word' id='word_1_6' title='bbox 686 481 768 556; x_wconf 82' lang='grc' dir='ltr'><em>θεοὺς</em></span> <span class='ocrx_word' id='word_1_7' title='bbox 802 484 952 560; x_wconf 77' lang='grc' dir='ltr'><em>οίνιλιίλοις</em></span> <span class='ocrx_word' id='word_1_8' title='bbox 988 482 1199 561; x_wconf 64' lang='lat' dir='ltr'>transmeat.</span> <span class='ocrx_word' id='word_1_9' title='bbox 1246 473 1284 546; x_wconf 91' lang='lat' dir='ltr'>In</span> <span class='ocrx_word' id='word_1_10' title='bbox 1317 475 1444 548; x_wconf 81' lang='lat' dir='ltr'>ultimis</span> 
     </span>
    </p>
   </div>
   <div class='ocr_carea' id='block_1_3' title="bbox 252 585 1446 2598">
    <p class='ocr_par' dir='ltr' id='par_1_3' title="bbox 252 585 1446 2598">
     <span class='ocr_line' id='line_1_3' title="bbox 253 585 1443 678; baseline -0.003 -20"><span class='ocrx_word' id='word_1_11' title='bbox 253 587 392 658; x_wconf 72' lang='lat' dir='ltr'>bonetus</span> <span class='ocrx_word' id='word_1_12' title='bbox 422 589 557 678; x_wconf 74' lang='lat' dir='ltr'>(Mrem</span> <span class='ocrx_word' id='word_1_13' title='bbox 586 589 630 658; x_wconf 86' lang='lat' dir='ltr'>N.</span> <span class='ocrx_word' id='word_1_14' title='bbox 653 587 687 656; x_wconf 77' lang='lat' dir='ltr'>S.</span> <span class='ocrx_word' id='word_1_15' title='bbox 712 588 774 656; x_wconf 87' lang='lat' dir='ltr'>VII</span> <span class='ocrx_word' id='word_1_16' title='bbox 798 612 828 676; x_wconf 91' lang='lat' dir='ltr'>p.</span> <span class='ocrx_word' id='word_1_17' title='bbox 854 590 951 676; x_wconf 73' lang='lat' dir='ltr'>432J:</span> <span class='ocrx_word' id='word_1_18' title='bbox 977 593 1010 657; x_wconf 83' lang='grc' dir='ltr'>οὐ</span> <span class='ocrx_word' id='word_1_19' title='bbox 1034 613 1068 668; x_wconf 73' lang='lat' dir='ltr'>y.</span> <span class='ocrx_word' id='word_1_20' title='bbox 1094 585 1152 654; x_wconf 78' lang='grc' dir='ltr'><em>ἔδει</em></span> <span class='ocrx_word' id='word_1_21' title='bbox 1177 588 1244 669; x_wconf 80' lang='grc' dir='ltr'><em>περί</em></span> <span class='ocrx_word' id='word_1_22' title='bbox 1268 594 1323 654; x_wconf 81' lang='grc' dir='ltr'>ποῦ</span> <span class='ocrx_word' id='word_1_23' title='bbox 1347 585 1443 673; x_wconf 84' lang='grc' dir='ltr'><em>(ἐριν-</em></span> 
     </span>
     <span class='ocr_line' id='line_1_4' title="bbox 252 695 1442 780; baseline -0.003 -16"><span class='ocrx_word' id='word_1_24' title='bbox 252 703 332 780; x_wconf 76' lang='grc' dir='ltr'><em>πος)</em></span> <span class='ocrx_word' id='word_1_25' title='bbox 363 722 438 779; x_wconf 87' lang='grc' dir='ltr'><em>ποορ.</em></span> <span class='ocrx_word' id='word_1_26' title='bbox 470 721 498 763; x_wconf 85' lang='lat' dir='ltr'>r.</span> <span class='ocrx_word' id='word_1_27' title='bbox 532 697 614 778; x_wconf 74' lang='grc' dir='ltr'><em>ἀνδρ.</em></span> <span class='ocrx_word' id='word_1_28' title='bbox 647 698 707 763; x_wconf 87' lang='grc' dir='ltr'><em>οίπ.</em></span> <span class='ocrx_word' id='word_1_29' title='bbox 735 696 816 770; x_wconf 78' lang='grc' dir='ltr'><em>θεοὺς</em></span> <span class='ocrx_word' id='word_1_30' title='bbox 841 699 990 773; x_wconf 78' lang='grc' dir='ltr'><em>οίλλιίνιοις</em></span> <span class='ocrx_word' id='word_1_31' title='bbox 1015 695 1214 776; x_wconf 74' lang='grc' dir='ltr'><em>διοιλέγεοίοιι</em></span> <span class='ocrx_word' id='word_1_32' title='bbox 1239 695 1442 762; x_wconf 85' lang='lat' dir='ltr'>scribendum</span> 
     </span>
     <span class='ocr_line' id='line_1_5' title="bbox 253 801 1442 887; baseline -0.005 -15"><span class='ocrx_word' id='word_1_33' title='bbox 253 823 321 872; x_wconf 91' lang='lat' dir='ltr'>esse</span> <span class='ocrx_word' id='word_1_34' title='bbox 355 804 472 871; x_wconf 91' lang='lat' dir='ltr'>docuit.</span> <span class='ocrx_word' id='word_1_35' title='bbox 521 803 590 884; x_wconf 83' lang='lat' dir='ltr'>Quo</span> <span class='ocrx_word' id='word_1_36' title='bbox 625 804 709 871; x_wconf 80' lang='lat' dir='ltr'>iacto</span> <span class='ocrx_word' id='word_1_37' title='bbox 743 810 776 869; x_wconf 92' lang='lat' dir='ltr'>et</span> <span class='ocrx_word' id='word_1_38' title='bbox 806 801 962 870; x_wconf 86' lang='lat' dir='ltr'>Diodorfii</span> <span class='ocrx_word' id='word_1_39' title='bbox 988 805 1322 884; x_wconf 72' lang='lat' dir='ltr'>.couiecture{c0rrnit</span> <span class='ocrx_word' id='word_1_40' title='bbox 1347 804 1442 887; x_wconf 84' lang='lat' dir='ltr'>(App.</span> 
     </span>
     <span class='ocr_line' id='line_1_6' title="bbox 252 899 1445 1001; baseline -0.005 -21"><span class='ocrx_word' id='word_1_41' title='bbox 252 933 285 998; x_wconf 90' lang='lat' dir='ltr'>p.</span> <span class='ocrx_word' id='word_1_42' title='bbox 310 909 409 1001; x_wconf 81' lang='lat'>761),</span> <span class='ocrx_word' id='word_1_43' title='bbox 434 917 466 977; x_wconf 86' lang='lat' dir='ltr'>et</span> <span class='ocrx_word' id='word_1_44' title='bbox 489 931 562 976; x_wconf 85' lang='lat' dir='ltr'>mes</span> <span class='ocrx_word' id='word_1_45' title='bbox 583 910 754 977; x_wconf 84' lang='lat' dir='ltr'>vorborum</span> <span class='ocrx_word' id='word_1_46' title='bbox 778 911 845 992; x_wconf 75' lang='grc' dir='ltr'><em>περὶ</em></span> <span class='ocrx_word' id='word_1_47' title='bbox 870 916 923 975; x_wconf 75' lang='grc' dir='ltr'>τοῦ</span> <span class='ocrx_word' id='word_1_48' title='bbox 948 909 1023 976; x_wconf 88' lang='lat' dir='ltr'>olim</span> <span class='ocrx_word' id='word_1_49' title='bbox 1052 909 1219 996; x_wconf 84' lang='lat' dir='ltr'>(Observv.</span> <span class='ocrx_word' id='word_1_50' title='bbox 1243 899 1275 994; x_wconf 78' lang='grc' dir='ltr'>ρ’.</span> <span class='ocrx_word' id='word_1_51' title='bbox 1301 907 1357 993; x_wconf 85' lang='grc'>47)</span> <span class='ocrx_word' id='word_1_52' title='bbox 1376 927 1445 994; x_wconf 87' lang='lat' dir='ltr'>pro·</span> 
     </span>
     <span class='ocr_line' id='line_1_7' title="bbox 252 1015 1442 1106; baseline -0.004 -21"><span class='ocrx_word' id='word_1_53' title='bbox 252 1021 356 1106; x_wconf 82' lang='lat' dir='ltr'>posite</span> <span class='ocrx_word' id='word_1_54' title='bbox 387 1018 546 1084; x_wconf 83' lang='lat' dir='ltr'>sthetesis.</span> <span class='ocrx_word' id='word_1_55' title='bbox 588 1015 714 1083; x_wconf 81' lang='lat' dir='ltr'>Ultima</span> <span class='ocrx_word' id='word_1_56' title='bbox 737 1017 810 1083; x_wconf 87' lang='lat' dir='ltr'>inde</span> <span class='ocrx_word' id='word_1_57' title='bbox 833 1018 872 1082; x_wconf 84' lang='lat' dir='ltr'>eb</span> <span class='ocrx_word' id='word_1_58' title='bbox 897 1023 998 1100; x_wconf 75' lang='grc' dir='ltr'><em>σιωπᾷ</em></span> <span class='ocrx_word' id='word_1_59' title='bbox 1025 1017 1055 1082; x_wconf 74' lang='grc' dir='ltr'>δὲ</span> <span class='ocrx_word' id='word_1_60' title='bbox 1079 1022 1132 1081; x_wconf 78' lang='grc' dir='ltr'>τοῦ</span> <span class='ocrx_word' id='word_1_61' title='bbox 1157 1019 1325 1097; x_wconf 79' lang='grc' dir='ltr'><em>εὐπρεποῦς</em></span> <span class='ocrx_word' id='word_1_62' title='bbox 1349 1015 1442 1097; x_wconf 80' lang='grc' dir='ltr'><em>χιίριν</em></span> 
     </span>
     <span class='ocr_line' id='line_1_8' title="bbox 252 1123 1444 1214; baseline -0.002 -22"><span class='ocrx_word' id='word_1_63' title='bbox 252 1126 329 1214; x_wconf 90' lang='lat' dir='ltr'>quid</span> <span class='ocrx_word' id='word_1_64' title='bbox 354 1126 415 1193; x_wconf 90' lang='lat' dir='ltr'>sibi</span> <span class='ocrx_word' id='word_1_65' title='bbox 440 1124 555 1202; x_wconf 88' lang='lat' dir='ltr'>velint,</span> <span class='ocrx_word' id='word_1_66' title='bbox 581 1127 614 1190; x_wconf 93' lang='lat' dir='ltr'>in</span> <span class='ocrx_word' id='word_1_67' title='bbox 637 1126 823 1190; x_wconf 87' lang='lat' dir='ltr'>universum</span> <span class='ocrx_word' id='word_1_68' title='bbox 847 1125 977 1210; x_wconf 89' lang='lat' dir='ltr'>quidem</span> <span class='ocrx_word' id='word_1_69' title='bbox 1001 1129 1085 1189; x_wconf 91' lang='lat' dir='ltr'>recte</span> <span class='ocrx_word' id='word_1_70' title='bbox 1105 1126 1252 1208; x_wconf 76' lang='lat' dir='ltr'>exposuit</span> <span class='ocrx_word' id='word_1_71' title='bbox 1272 1123 1444 1190; x_wconf 79' lang='lat' dir='ltr'>Buttman-</span> 
     </span>
     <span class='ocr_line' id='line_1_9' title="bbox 253 1229 1442 1318; baseline -0.003 -18"><span class='ocrx_word' id='word_1_72' title='bbox 253 1255 327 1300; x_wconf 89' lang='lat' dir='ltr'>nus:</span> <span class='ocrx_word' id='word_1_73' title='bbox 367 1235 506 1312; x_wconf 79' lang='lat' dir='ltr'>„tacitus</span> <span class='ocrx_word' id='word_1_74' title='bbox 540 1235 626 1298; x_wconf 89' lang='lat' dir='ltr'>enim</span> <span class='ocrx_word' id='word_1_75' title='bbox 662 1229 841 1297; x_wconf 86' lang='lat' dir='ltr'>Mercurius</span> <span class='ocrx_word' id='word_1_76' title='bbox 873 1237 1001 1296; x_wconf 82' lang='lat' dir='ltr'>antrum</span> <span class='ocrx_word' id='word_1_77' title='bbox 1031 1232 1130 1296; x_wconf 78' lang='lat' dir='ltr'><strong>intrat</strong></span> <span class='ocrx_word' id='word_1_78' title='bbox 1160 1251 1261 1316; x_wconf 90' lang='lat' dir='ltr'>neque</span> <span class='ocrx_word' id='word_1_79' title='bbox 1293 1229 1442 1318; x_wconf 80' lang='lat' dir='ltr'>Ulyssem</span> 
     </span>
     <span class='ocr_line' id='line_1_10' title="bbox 254 1329 1443 1425; baseline -0.002 -19"><span class='ocrx_word' id='word_1_80' title='bbox 254 1329 366 1406; x_wconf 81' lang='lat' dir='ltr'>stetim</span> <span class='ocrx_word' id='word_1_81' title='bbox 400 1341 543 1425; x_wconf 80' lang='lat' dir='ltr'>requirit.</span> <span class='ocrx_word' id='word_1_82' title='bbox 569 1336 634 1405; x_wconf 84' lang='lat' dir='ltr'>Ofr.</span> <span class='ocrx_word' id='word_1_83' title='bbox 659 1337 757 1403; x_wconf 90' lang='lat' dir='ltr'>schol.</span> <span class='ocrx_word' id='word_1_84' title='bbox 782 1336 859 1422; x_wconf 85' lang='grc'><strong>96,”</strong></span> <span class='ocrx_word' id='word_1_85' title='bbox 885 1375 924 1386; x_wconf 92' lang='lat'>—-</span> <span class='ocrx_word' id='word_1_86' title='bbox 952 1338 1035 1423; x_wconf 88' lang='lat' dir='ltr'>quod</span> <span class='ocrx_word' id='word_1_87' title='bbox 1059 1336 1201 1403; x_wconf 82' lang='lat' dir='ltr'>scholion</span> <span class='ocrx_word' id='word_1_88' title='bbox 1224 1338 1323 1404; x_wconf 90' lang='lat' dir='ltr'>simul</span> <span class='ocrx_word' id='word_1_89' title='bbox 1346 1341 1443 1405; x_wconf 90' lang='lat' dir='ltr'>subii·</span> 
     </span>
     <span class='ocr_line' id='line_1_11' title="bbox 254 1443 1444 1532; baseline -0.003 -19"><span class='ocrx_word' id='word_1_90' title='bbox 254 1449 337 1514; x_wconf 85' lang='lat' dir='ltr'>ciem</span> <span class='ocrx_word' id='word_1_91' title='bbox 368 1453 405 1512; x_wconf 91' lang='lat' dir='ltr'>ut</span> <span class='ocrx_word' id='word_1_92' title='bbox 434 1466 532 1532; x_wconf 86' lang='lat' dir='ltr'>pervo</span> <span class='ocrx_word' id='word_1_93' title='bbox 566 1444 681 1511; x_wconf 90' lang='lat' dir='ltr'>mendo</span> <span class='ocrx_word' id='word_1_94' title='bbox 712 1443 856 1510; x_wconf 89' lang='lat' dir='ltr'>liberem.</span> <span class='ocrx_word' id='word_1_95' title='bbox 902 1443 951 1510; x_wconf 90' lang='lat' dir='ltr'>Ibi</span> <span class='ocrx_word' id='word_1_96' title='bbox 974 1447 1061 1510; x_wconf 88' lang='lat' dir='ltr'>enim</span> <span class='ocrx_word' id='word_1_97' title='bbox 1084 1444 1162 1512; x_wconf 83' lang='lat' dir='ltr'>haec</span> <span class='ocrx_word' id='word_1_98' title='bbox 1185 1445 1355 1532; x_wconf 83' lang='lat' dir='ltr'>leguntur:</span> <span class='ocrx_word' id='word_1_99' title='bbox 1380 1448 1444 1510; x_wconf 77' lang='lat' dir='ltr'>tnr-</span> 
     </span>
     <span class='ocr_line' id='line_1_12' title="bbox 254 1551 1444 1636; baseline -0.003 -16"><span class='ocrx_word' id='word_1_100' title='bbox 254 1557 363 1636; x_wconf 86' lang='grc' dir='ltr'><em>μονίοις</em></span> <span class='ocrx_word' id='word_1_101' title='bbox 398 1556 452 1620; x_wconf 82' lang='grc' dir='ltr'>οὖν</span> <span class='ocrx_word' id='word_1_102' title='bbox 476 1554 560 1627; x_wconf 77' lang='grc' dir='ltr'><em>εὐθὺς</em></span> <span class='ocrx_word' id='word_1_103' title='bbox 587 1552 783 1634; x_wconf 82' lang='grc' dir='ltr'><em>οέποιιρίνεποιι</em></span> <span class='ocrx_word' id='word_1_104' title='bbox 807 1558 861 1625; x_wconf 78' lang='grc' dir='ltr'>τῆς</span> <span class='ocrx_word' id='word_1_105' title='bbox 887 1551 1056 1632; x_wconf 84' lang='grc' dir='ltr'><em>ποιροιιοίοις</em></span> <span class='ocrx_word' id='word_1_106' title='bbox 1081 1554 1137 1625; x_wconf 78' lang='grc' dir='ltr'>την</span> <span class='ocrx_word' id='word_1_107' title='bbox 1160 1552 1283 1630; x_wconf 85' lang='grc' dir='ltr'><em>οιίπίοιν,</em></span> <span class='ocrx_word' id='word_1_108' title='bbox 1308 1555 1382 1619; x_wconf 67' lang='grc' dir='ltr'>ἀλλ’</span> <span class='ocrx_word' id='word_1_109' title='bbox 1406 1554 1444 1626; x_wconf 72' lang='lat' dir='ltr'>ric</span> 
     </span>
     <span class='ocr_line' id='line_1_13' title="bbox 255 1653 1445 1742; baseline -0.004 -13"><span class='ocrx_word' id='word_1_110' title='bbox 255 1660 512 1742; x_wconf 65' lang='grc' dir='ltr'><em>ἀναγκαζόμενος</em></span> <span class='ocrx_word' id='word_1_111' title='bbox 545 1661 598 1724; x_wconf 85' lang='grc' dir='ltr'>ὑπ’</span> <span class='ocrx_word' id='word_1_112' title='bbox 630 1660 745 1734; x_wconf 75' lang='grc' dir='ltr'><em>ἐκείνης</em></span> <span class='ocrx_word' id='word_1_113' title='bbox 773 1654 841 1733; x_wconf 77' lang='grc' dir='ltr'><em>ἧκεν</em></span> <span class='ocrx_word' id='word_1_114' title='bbox 865 1657 915 1722; x_wconf 81' lang='grc' dir='ltr'>ἐπί</span> <span class='ocrx_word' id='word_1_115' title='bbox 940 1659 995 1732; x_wconf 69' lang='lat' dir='ltr'>rire</span> <span class='ocrx_word' id='word_1_116' title='bbox 1019 1658 1195 1739; x_wconf 74' lang='grc' dir='ltr'><em>ἐπίκρισιν·</em></span> <span class='ocrx_word' id='word_1_117' title='bbox 1221 1653 1280 1724; x_wconf 85' lang='grc' dir='ltr'><em>οίίν</em></span> <span class='ocrx_word' id='word_1_118' title='bbox 1303 1663 1368 1724; x_wconf 81' lang='grc' dir='ltr'><em>ἐοπι</em></span> <span class='ocrx_word' id='word_1_119' title='bbox 1393 1660 1445 1724; x_wconf 71' lang='lat' dir='ltr'>eei</span> 
     </span>
     <span class='ocr_line' id='line_1_14' title="bbox 255 1764 1446 1849; baseline -0.003 -15"><span class='ocrx_word' id='word_1_120' title='bbox 255 1769 290 1834; x_wconf 79' lang='lat' dir='ltr'>rb</span> <span class='ocrx_word' id='word_1_121' title='bbox 323 1767 540 1849; x_wconf 74' lang='grc' dir='ltr'><em>ἐπιφερόμενον</em></span> <span class='ocrx_word' id='word_1_122' title='bbox 572 1764 699 1843; x_wconf 67' lang='lat' dir='ltr'>„sturae</span> <span class='ocrx_word' id='word_1_123' title='bbox 731 1765 829 1844; x_wconf 72' lang='grc' dir='ltr'><em>γοίρ,”</em></span> <span class='ocrx_word' id='word_1_124' title='bbox 851 1767 927 1844; x_wconf 78' lang='grc' dir='ltr'>οὐχ</span> <span class='ocrx_word' id='word_1_125' title='bbox 953 1767 998 1836; x_wconf 73' lang='lat' dir='ltr'>cir</span> <span class='ocrx_word' id='word_1_126' title='bbox 1024 1764 1114 1840; x_wconf 76' lang='grc' dir='ltr'><em>ἡδέιοο</em></span> <span class='ocrx_word' id='word_1_127' title='bbox 1138 1765 1259 1849; x_wconf 71' lang='lat' dir='ltr'>otyor,</span> <span class='ocrx_word' id='word_1_128' title='bbox 1282 1766 1371 1830; x_wconf 78' lang='grc' dir='ltr'><em>ιίλλέο</em></span> <span class='ocrx_word' id='word_1_129' title='bbox 1395 1767 1446 1832; x_wconf 79' lang='grc' dir='ltr'><em>διοὶ</em></span> 
     </span>
     <span class='ocr_line' id='line_1_15' title="bbox 255 1872 1444 1956; baseline -0.004 -15"><span class='ocrx_word' id='word_1_130' title='bbox 255 1877 311 1952; x_wconf 66' lang='lat' dir='ltr'>rire</span> <span class='ocrx_word' id='word_1_131' title='bbox 334 1875 486 1956; x_wconf 78' lang='grc' dir='ltr'><em>ἐρώτησιν.</em></span> <span class='ocrx_word' id='word_1_132' title='bbox 510 1872 616 1938; x_wconf 92' lang='lat' dir='ltr'>Immo</span> <span class='ocrx_word' id='word_1_133' title='bbox 639 1893 714 1938; x_wconf 84' lang='lat' dir='ltr'>vero</span> <span class='ocrx_word' id='word_1_134' title='bbox 737 1875 862 1938; x_wconf 85' lang='lat' dir='ltr'>inverso</span> <span class='ocrx_word' id='word_1_135' title='bbox 886 1872 1013 1937; x_wconf 84' lang='lat' dir='ltr'><strong>ordine:</strong></span> <span class='ocrx_word' id='word_1_136' title='bbox 1036 1874 1082 1944; x_wconf 77' lang='grc' dir='ltr'>ὥς</span> <span class='ocrx_word' id='word_1_137' title='bbox 1107 1875 1183 1952; x_wconf 77' lang='grc' dir='ltr'>οὐχ</span> <span class='ocrx_word' id='word_1_138' title='bbox 1213 1872 1304 1946; x_wconf 73' lang='grc' dir='ltr'><em>ἡδέως</em></span> <span class='ocrx_word' id='word_1_139' title='bbox 1332 1873 1444 1950; x_wconf 73' lang='grc' dir='ltr'><em>λέγων,</em></span> 
     </span>
     <span class='ocr_line' id='line_1_16' title="bbox 256 1979 1446 2063; baseline -0.003 -13"><span class='ocrx_word' id='word_1_140' title='bbox 256 1982 345 2050; x_wconf 78' lang='grc' dir='ltr'><em>οίλλίι</em></span> <span class='ocrx_word' id='word_1_141' title='bbox 377 1981 427 2048; x_wconf 77' lang='grc' dir='ltr'><em>διιὶ</em></span> <span class='ocrx_word' id='word_1_142' title='bbox 458 1983 514 2054; x_wconf 77' lang='grc' dir='ltr'>την</span> <span class='ocrx_word' id='word_1_143' title='bbox 545 1979 696 2060; x_wconf 76' lang='grc' dir='ltr'><em>ἐρώτησιν.</em></span> <span class='ocrx_word' id='word_1_144' title='bbox 739 1979 800 2044; x_wconf 79' lang='lat' dir='ltr'>Sed</span> <span class='ocrx_word' id='word_1_145' title='bbox 831 1979 890 2044; x_wconf 89' lang='lat' dir='ltr'>hoo</span> <span class='ocrx_word' id='word_1_146' title='bbox 915 1979 1031 2056; x_wconf 81' lang='lat' dir='ltr'>obiter;</span> <span class='ocrx_word' id='word_1_147' title='bbox 1057 1979 1097 2044; x_wconf 82' lang='lat' dir='ltr'>ed</span> <span class='ocrx_word' id='word_1_148' title='bbox 1121 1987 1266 2045; x_wconf 86' lang='lat' dir='ltr'>nostrum</span> <span class='ocrx_word' id='word_1_149' title='bbox 1290 1987 1390 2063; x_wconf 77' lang='grc' dir='ltr'><em>σιωπᾷ</em></span> <span class='ocrx_word' id='word_1_150' title='bbox 1414 1981 1446 2046; x_wconf 71' lang='grc' dir='ltr'><em>δέ</em></span> 
     </span>
     <span class='ocr_line' id='line_1_17' title="bbox 256 2085 1444 2174; baseline -0.002 -20"><span class='ocrx_word' id='word_1_151' title='bbox 256 2088 348 2155; x_wconf 92' lang='lat' dir='ltr'>redeo</span> <span class='ocrx_word' id='word_1_152' title='bbox 372 2109 408 2154; x_wconf 83' lang='lat' dir='ltr'>oo</span> <span class='ocrx_word' id='word_1_153' title='bbox 431 2107 527 2174; x_wconf 76' lang='lat' dir='ltr'>rogo,</span> <span class='ocrx_word' id='word_1_154' title='bbox 551 2089 579 2151; x_wconf 90' lang='lat' dir='ltr'>si</span> <span class='ocrx_word' id='word_1_155' title='bbox 602 2085 686 2151; x_wconf 90' lang='lat' dir='ltr'>illud</span> <span class='ocrx_word' id='word_1_156' title='bbox 709 2086 768 2150; x_wconf 90' lang='lat' dir='ltr'>sibi</span> <span class='ocrx_word' id='word_1_157' title='bbox 794 2085 866 2151; x_wconf 85' lang='lat' dir='ltr'>vult</span> <span class='ocrx_word' id='word_1_158' title='bbox 888 2086 973 2170; x_wconf 90' lang='lat' dir='ltr'>quod</span> <span class='ocrx_word' id='word_1_159' title='bbox 996 2085 1211 2152; x_wconf 84' lang='lat' dir='ltr'>Buttmennus</span> <span class='ocrx_word' id='word_1_160' title='bbox 1232 2091 1388 2173; x_wconf 82' lang='lat' dir='ltr'>exposuit,</span> <span class='ocrx_word' id='word_1_161' title='bbox 1403 2125 1444 2136; x_wconf 90' lang='lat'>-</span> 
     </span>
     <span class='ocr_line' id='line_1_18' title="bbox 256 2194 1446 2278; baseline -0.003 -16"><span class='ocrx_word' id='word_1_162' title='bbox 256 2201 304 2263; x_wconf 90' lang='lat' dir='ltr'>est</span> <span class='ocrx_word' id='word_1_163' title='bbox 327 2200 435 2262; x_wconf 80' lang='lat' dir='ltr'>eutem</span> <span class='ocrx_word' id='word_1_164' title='bbox 460 2197 527 2261; x_wconf 90' lang='lat' dir='ltr'>sine</span> <span class='ocrx_word' id='word_1_165' title='bbox 550 2194 647 2260; x_wconf 90' lang='lat' dir='ltr'>dubio</span> <span class='ocrx_word' id='word_1_166' title='bbox 671 2201 755 2260; x_wconf 89' lang='lat' dir='ltr'>reete</span> <span class='ocrx_word' id='word_1_167' title='bbox 780 2195 980 2278; x_wconf 85' lang='lat' dir='ltr'>expositum,</span> <span class='ocrx_word' id='word_1_168' title='bbox 994 2231 1035 2240; x_wconf 94' lang='lat'><em>-</em></span> <span class='ocrx_word' id='word_1_169' title='bbox 1049 2214 1199 2278; x_wconf 79' lang='lat' dir='ltr'>quorsum</span> <span class='ocrx_word' id='word_1_170' title='bbox 1224 2199 1350 2259; x_wconf 82' lang='lat' dir='ltr'>tentum</span> <span class='ocrx_word' id='word_1_171' title='bbox 1375 2215 1446 2278; x_wconf 84' lang='lat' dir='ltr'>per-</span> 
     </span>
     <span class='ocr_line' id='line_1_19' title="bbox 256 2299 1446 2380; baseline -0.004 -11"><span class='ocrx_word' id='word_1_172' title='bbox 256 2299 357 2370; x_wconf 78' lang='lat' dir='ltr'>tinet?</span> <span class='ocrx_word' id='word_1_173' title='bbox 380 2302 452 2374; x_wconf 87' lang='lat' dir='ltr'>Non</span> <span class='ocrx_word' id='word_1_174' title='bbox 475 2307 559 2367; x_wconf 87' lang='lat' dir='ltr'>certe</span> <span class='ocrx_word' id='word_1_175' title='bbox 580 2301 620 2367; x_wconf 88' lang='lat' dir='ltr'>ed</span> <span class='ocrx_word' id='word_1_176' title='bbox 645 2321 771 2367; x_wconf 86' lang='lat' dir='ltr'>versum</span> <span class='ocrx_word' id='word_1_177' title='bbox 797 2300 837 2365; x_wconf 88' lang='lat'>81</span> <span class='ocrx_word' id='word_1_178' title='bbox 854 2337 894 2348; x_wconf 88' lang='lat'>-</span> <span class='ocrx_word' id='word_1_179' title='bbox 916 2299 977 2365; x_wconf 75' lang='grc' dir='ltr'><em>οὐδ’</em></span> <span class='ocrx_word' id='word_1_180' title='bbox 1003 2299 1050 2380; x_wconf 76' lang='grc' dir='ltr'>ἄρ’</span> <span class='ocrx_word' id='word_1_181' title='bbox 1079 2299 1241 2376; x_wconf 66' lang='lat' dir='ltr'>&#39;obuncis</span> <span class='ocrx_word' id='word_1_182' title='bbox 1264 2325 1341 2380; x_wconf 72' lang='grc' dir='ltr'><em>μεν.</em></span> <span class='ocrx_word' id='word_1_183' title='bbox 1366 2301 1446 2366; x_wconf 81' lang='grc' dir='ltr'><em>ἔνδον</em></span> 
     </span>
     <span class='ocr_line' id='line_1_20' title="bbox 255 2407 1446 2488; baseline -0.003 -13"><span class='ocrx_word' id='word_1_184' title='bbox 255 2409 385 2488; x_wconf 78' lang='grc' dir='ltr'><em>ἔτετμεν</em></span> <span class='ocrx_word' id='word_1_185' title='bbox 407 2447 447 2458; x_wconf 91' lang='lat'>-</span> <span class='ocrx_word' id='word_1_186' title='bbox 473 2409 526 2474; x_wconf 84' lang='lat' dir='ltr'>rui</span> <span class='ocrx_word' id='word_1_187' title='bbox 557 2407 748 2473; x_wconf 74' lang='lat' dir='ltr'>adscribitur</span> <span class='ocrx_word' id='word_1_188' title='bbox 770 2407 804 2472; x_wconf 88' lang='lat' dir='ltr'>in</span> <span class='ocrx_word' id='word_1_189' title='bbox 836 2407 1042 2473; x_wconf 80' lang='lat' dir='ltr'>editionibus.</span> <span class='ocrx_word' id='word_1_190' title='bbox 1088 2407 1136 2473; x_wconf 91' lang='lat' dir='ltr'>Ne</span> <span class='ocrx_word' id='word_1_191' title='bbox 1160 2408 1335 2472; x_wconf 89' lang='lat' dir='ltr'>minimum</span> <span class='ocrx_word' id='word_1_192' title='bbox 1359 2409 1446 2473; x_wconf 90' lang='lat' dir='ltr'>enim</span> 
     </span>
     <span class='ocr_line' id='line_1_21' title="bbox 255 2511 1446 2598; baseline -0.002 -16"><span class='ocrx_word' id='word_1_193' title='bbox 255 2516 324 2584; x_wconf 83' lang='lat' dir='ltr'>illic</span> <span class='ocrx_word' id='word_1_194' title='bbox 355 2515 489 2582; x_wconf 86' lang='lat' dir='ltr'>verbum</span> <span class='ocrx_word' id='word_1_195' title='bbox 521 2515 559 2580; x_wconf 90' lang='lat' dir='ltr'>de</span> <span class='ocrx_word' id='word_1_196' title='bbox 590 2513 742 2580; x_wconf 82' lang='lat' dir='ltr'>Mercurii</span> <span class='ocrx_word' id='word_1_197' title='bbox 772 2512 910 2580; x_wconf 88' lang='lat' dir='ltr'>silentio.</span> <span class='ocrx_word' id='word_1_198' title='bbox 957 2511 1019 2578; x_wconf 87' lang='lat' dir='ltr'>Sed</span> <span class='ocrx_word' id='word_1_199' title='bbox 1047 2535 1093 2579; x_wconf 86' lang='lat' dir='ltr'>rs.</span> <span class='ocrx_word' id='word_1_200' title='bbox 1121 2511 1164 2578; x_wconf 81' lang='lat'>85</span> <span class='ocrx_word' id='word_1_201' title='bbox 1197 2533 1280 2598; x_wconf 91' lang='lat' dir='ltr'>seqq.</span> <span class='ocrx_word' id='word_1_202' title='bbox 1305 2520 1446 2598; x_wconf 82' lang='lat' dir='ltr'>spectare</span> 
     </span>
    </p>
   </div>
   <div class='ocr_carea' id='block_1_4' title="bbox 253 2619 1447 3238">
    <p class='ocr_par' dir='ltr' id='par_1_4' title="bbox 253 2619 1447 3238">
     <span class='ocr_line' id='line_1_22' title="bbox 255 2619 1445 2710; baseline -0.003 -20"><span class='ocrx_word' id='word_1_203' title='bbox 255 2629 378 2710; x_wconf 81' lang='lat' dir='ltr'>potest:</span> <span class='ocrx_word' id='word_1_204' title='bbox 415 2622 561 2702; x_wconf 83' lang='grc' dir='ltr'><em>Ἐρμείιιν</em></span> <span class='ocrx_word' id='word_1_205' title='bbox 597 2619 624 2686; x_wconf 75' lang='grc' dir='ltr'>δ’</span> <span class='ocrx_word' id='word_1_206' title='bbox 660 2621 764 2701; x_wconf 85' lang='grc' dir='ltr'><em>ἐρέεινε</em></span> <span class='ocrx_word' id='word_1_207' title='bbox 795 2622 951 2700; x_wconf 73' lang='grc' dir='ltr'><strong><em>Καλυψώ,</em></strong></span> <span class='ocrx_word' id='word_1_208' title='bbox 980 2619 1065 2708; x_wconf 85' lang='grc' dir='ltr'>--ΙΙ</span> <span class='ocrx_word' id='word_1_209' title='bbox 1088 2622 1192 2686; x_wconf 82' lang='grc' dir='ltr'><em>Τίππε</em></span> <span class='ocrx_word' id='word_1_210' title='bbox 1221 2643 1291 2700; x_wconf 90' lang='grc' dir='ltr'><em>μοι,</em></span> <span class='ocrx_word' id='word_1_211' title='bbox 1316 2621 1445 2701; x_wconf 73' lang='grc' dir='ltr'><em>Ἐρμείοι</em></span> 
     </span>
     <span class='ocr_line' id='line_1_23' title="bbox 253 2726 1446 2812; baseline 0 -19"><span class='ocrx_word' id='word_1_212' title='bbox 253 2729 461 2812; x_wconf 72' lang='grc' dir='ltr'><em>χρυσόρραπι.</em></span> <span class='ocrx_word' id='word_1_213' title='bbox 487 2729 682 2805; x_wconf 57' lang='lat' dir='ltr'>otrentum</span> <span class='ocrx_word' id='word_1_214' title='bbox 702 2726 788 2792; x_wconf 91' lang='lat' dir='ltr'>Hine</span> <span class='ocrx_word' id='word_1_215' title='bbox 807 2728 892 2792; x_wconf 89' lang='lat' dir='ltr'>enim</span> <span class='ocrx_word' id='word_1_216' title='bbox 912 2726 1109 2792; x_wconf 82' lang='lat' dir='ltr'>Mercurium</span> <span class='ocrx_word' id='word_1_217' title='bbox 1130 2729 1266 2792; x_wconf 77' lang='lat' dir='ltr'>tacitum</span> <span class='ocrx_word' id='word_1_218' title='bbox 1287 2729 1446 2794; x_wconf 81' lang='lat' dir='ltr'>introiisse</span> 
     </span>
     <span class='ocr_line' id='line_1_24' title="bbox 255 2832 1446 2918; baseline -0.002 -15"><span class='ocrx_word' id='word_1_219' title='bbox 255 2834 448 2903; x_wconf 84' lang='lat' dir='ltr'>conficimus</span> <span class='ocrx_word' id='word_1_220' title='bbox 473 2835 524 2900; x_wconf 86' lang='lat' dir='ltr'>Ad</span> <span class='ocrx_word' id='word_1_221' title='bbox 536 2857 581 2901; x_wconf 84' lang='lat' dir='ltr'>vs.</span> <span class='ocrx_word' id='word_1_222' title='bbox 596 2832 730 2899; x_wconf 85' lang='lat'>81-83</span> <span class='ocrx_word' id='word_1_223' title='bbox 744 2854 781 2899; x_wconf 83' lang='lat' dir='ltr'>ee</span> <span class='ocrx_word' id='word_1_224' title='bbox 800 2839 926 2899; x_wconf 83' lang='lat' dir='ltr'>tontum</span> <span class='ocrx_word' id='word_1_225' title='bbox 948 2836 1107 2918; x_wconf 90' lang='lat' dir='ltr'>pertinent</span> <span class='ocrx_word' id='word_1_226' title='bbox 1126 2854 1207 2918; x_wconf 84' lang='lat' dir='ltr'>quse</span> <span class='ocrx_word' id='word_1_227' title='bbox 1226 2833 1339 2899; x_wconf 87' lang='lat' dir='ltr'>scholii</span> <span class='ocrx_word' id='word_1_228' title='bbox 1353 2837 1446 2901; x_wconf 91' lang='lat' dir='ltr'>initio</span> 
     </span>
     <span class='ocr_line' id='line_1_25' title="bbox 254 2940 1446 3030; baseline 0 -22"><span class='ocrx_word' id='word_1_229' title='bbox 254 2942 412 3030; x_wconf 76' lang='lat' dir='ltr'>legimus,</span> <span class='ocrx_word' id='word_1_230' title='bbox 444 2963 507 3027; x_wconf 81' lang='lat' dir='ltr'>qna</span> <span class='ocrx_word' id='word_1_231' title='bbox 538 2941 576 3008; x_wconf 86' lang='lat' dir='ltr'>de</span> <span class='ocrx_word' id='word_1_232' title='bbox 605 2964 638 3008; x_wconf 92' lang='lat' dir='ltr'>re</span> <span class='ocrx_word' id='word_1_233' title='bbox 668 2943 714 3008; x_wconf 92' lang='lat' dir='ltr'>sic</span> <span class='ocrx_word' id='word_1_234' title='bbox 745 2941 877 3006; x_wconf 92' lang='lat' dir='ltr'>demum</span> <span class='ocrx_word' id='word_1_235' title='bbox 901 2947 985 3006; x_wconf 87' lang='lat' dir='ltr'>recte</span> <span class='ocrx_word' id='word_1_236' title='bbox 1007 2940 1143 3006; x_wconf 85' lang='lat' dir='ltr'>iudicari</span> <span class='ocrx_word' id='word_1_237' title='bbox 1167 2943 1382 3026; x_wconf 78' lang='lat' dir='ltr'>poterit‚,ubi</span> <span class='ocrx_word' id='word_1_238' title='bbox 1407 2941 1446 3009; x_wconf 84' lang='lat' dir='ltr'>de</span> 
     </span>
     <span class='ocr_line' id='line_1_26' title="bbox 254 3046 1445 3135; baseline 0 -21"><span class='ocrx_word' id='word_1_239' title='bbox 254 3051 368 3135; x_wconf 85' lang='lat' dir='ltr'>primis</span> <span class='ocrx_word' id='word_1_240' title='bbox 391 3049 496 3116; x_wconf 75' lang='lat' dir='ltr'>serbis</span> <span class='ocrx_word' id='word_1_241' title='bbox 521 3049 598 3134; x_wconf 91' lang='lat' dir='ltr'>quid</span> <span class='ocrx_word' id='word_1_242' title='bbox 621 3047 828 3114; x_wconf 74' lang='lat' dir='ltr'>iudicandum</span> <span class='ocrx_word' id='word_1_243' title='bbox 851 3049 894 3112; x_wconf 93' lang='lat' dir='ltr'>sit</span> <span class='ocrx_word' id='word_1_244' title='bbox 917 3046 1085 3112; x_wconf 78' lang='lat' dir='ltr'>constabit.</span> <span class='ocrx_word' id='word_1_245' title='bbox 1122 3047 1206 3113; x_wconf 84' lang='lat' dir='ltr'>Nem</span> <span class='ocrx_word' id='word_1_246' title='bbox 1231 3049 1308 3133; x_wconf 88' lang='lat' dir='ltr'>quid</span> <span class='ocrx_word' id='word_1_247' title='bbox 1332 3057 1380 3114; x_wconf 91' lang='lat' dir='ltr'>est</span> <span class='ocrx_word' id='word_1_248' title='bbox 1402 3053 1445 3114; x_wconf 83' lang='grc' dir='ltr'>πὸ</span> 
     </span>
     <span class='ocr_line' id='line_1_27' title="bbox 254 3151 1447 3238; baseline 0.001 -19"><span class='ocrx_word' id='word_1_249' title='bbox 254 3156 326 3233; x_wconf 80' lang='grc' dir='ltr'>μὲν</span> <span class='ocrx_word' id='word_1_250' title='bbox 361 3156 403 3228; x_wconf 83' lang='grc' dir='ltr'><em>είς</em></span> <span class='ocrx_word' id='word_1_251' title='bbox 439 3156 473 3220; x_wconf 83' lang='grc' dir='ltr'>πὸ</span> <span class='ocrx_word' id='word_1_252' title='bbox 507 3151 693 3230; x_wconf 83' lang='grc' dir='ltr'><em>περιποίέςί</em></span> <span class='ocrx_word' id='word_1_253' title='bbox 725 3151 807 3220; x_wconf 78' lang='lat' dir='ltr'>Cum</span> <span class='ocrx_word' id='word_1_254' title='bbox 839 3153 921 3220; x_wconf 89' lang='lat' dir='ltr'>nihil</span> <span class='ocrx_word' id='word_1_255' title='bbox 953 3155 1117 3238; x_wconf 81' lang='lat' dir='ltr'>praecedet</span> <span class='ocrx_word' id='word_1_256' title='bbox 1149 3157 1201 3220; x_wconf 91' lang='lat' dir='ltr'>cni</span> <span class='ocrx_word' id='word_1_257' title='bbox 1225 3155 1379 3222; x_wconf 81' lang='lat' dir='ltr'>articulus</span> <span class='ocrx_word' id='word_1_258' title='bbox 1403 3158 1447 3222; x_wconf 92' lang='lat' dir='ltr'>sit</span> 
     </span>
    </p>
   </div>
   <div class='ocr_carea' id='block_1_5' title="bbox 253 3261 1446 4093">
    <p class='ocr_par' dir='ltr' id='par_1_5' title="bbox 253 3261 1446 4093">
     <span class='ocr_line' id='line_1_28' title="bbox 254 3261 1446 3347; baseline 0.003 -20"><span class='ocrx_word' id='word_1_259' title='bbox 254 3261 453 3339; x_wconf 84' lang='lat' dir='ltr'>referendus,</span> <span class='ocrx_word' id='word_1_260' title='bbox 484 3264 658 3328; x_wconf 82' lang='lat' dir='ltr'>necessario</span> <span class='ocrx_word' id='word_1_261' title='bbox 693 3263 810 3327; x_wconf 89' lang='lat' dir='ltr'>iterum</span> <span class='ocrx_word' id='word_1_262' title='bbox 842 3263 875 3325; x_wconf 92' lang='lat' dir='ltr'>in</span> <span class='ocrx_word' id='word_1_263' title='bbox 906 3261 1016 3327; x_wconf 88' lang='lat' dir='ltr'>eodem</span> <span class='ocrx_word' id='word_1_264' title='bbox 1045 3261 1165 3328; x_wconf 90' lang='lat' dir='ltr'>scholio</span> <span class='ocrx_word' id='word_1_265' title='bbox 1194 3261 1315 3347; x_wconf 85' lang='lat' dir='ltr'>aliquid</span> <span class='ocrx_word' id='word_1_266' title='bbox 1340 3263 1446 3330; x_wconf 80' lang='lat' dir='ltr'>deesse</span> 
     </span>
     <span class='ocr_line' id='line_1_29' title="bbox 253 3367 1445 3454; baseline 0.002 -20"><span class='ocrx_word' id='word_1_267' title='bbox 253 3373 448 3452; x_wconf 78' lang='lat' dir='ltr'>statuemus,</span> <span class='ocrx_word' id='word_1_268' title='bbox 481 3368 565 3454; x_wconf 86' lang='lat' dir='ltr'>quod</span> <span class='ocrx_word' id='word_1_269' title='bbox 594 3367 753 3453; x_wconf 88' lang='lat' dir='ltr'>quomodo</span> <span class='ocrx_word' id='word_1_270' title='bbox 784 3367 996 3452; x_wconf 88' lang='lat' dir='ltr'>supplendum</span> <span class='ocrx_word' id='word_1_271' title='bbox 1028 3369 1089 3452; x_wconf 86' lang='lat' dir='ltr'>sit,</span> <span class='ocrx_word' id='word_1_272' title='bbox 1114 3389 1165 3434; x_wconf 90' lang='lat' dir='ltr'>me</span> <span class='ocrx_word' id='word_1_273' title='bbox 1188 3369 1317 3454; x_wconf 91' lang='lat' dir='ltr'>quidem</span> <span class='ocrx_word' id='word_1_274' title='bbox 1340 3371 1445 3436; x_wconf 91' lang='lat' dir='ltr'>iudice</span> 
     </span>
     <span class='ocr_line' id='line_1_30' title="bbox 254 3473 1445 3564; baseline 0.002 -22"><span class='ocrx_word' id='word_1_275' title='bbox 254 3495 291 3542; x_wconf 87' lang='lat' dir='ltr'>ec</span> <span class='ocrx_word' id='word_1_276' title='bbox 314 3473 529 3542; x_wconf 83' lang='lat' dir='ltr'>demonstrent</span> <span class='ocrx_word' id='word_1_277' title='bbox 552 3495 632 3560; x_wconf 85' lang='lat' dir='ltr'>ques</span> <span class='ocrx_word' id='word_1_278' title='bbox 656 3474 695 3541; x_wconf 84' lang='lat' dir='ltr'>nd</span> <span class='ocrx_word' id='word_1_279' title='bbox 720 3495 848 3542; x_wconf 87' lang='lat' dir='ltr'>versum</span> <span class='ocrx_word' id='word_1_280' title='bbox 868 3477 1051 3560; x_wconf 86' lang='lat' dir='ltr'>proximum</span> <span class='ocrx_word' id='word_1_281' title='bbox 1072 3497 1111 3542; x_wconf 83' lang='lat' dir='ltr'>ex</span> <span class='ocrx_word' id='word_1_282' title='bbox 1129 3475 1286 3543; x_wconf 81' lang='lat' dir='ltr'>Nicanore</span> <span class='ocrx_word' id='word_1_283' title='bbox 1297 3485 1445 3564; x_wconf 82' lang='lat' dir='ltr'>excerpts</span> 
     </span>
     <span class='ocr_line' id='line_1_31' title="bbox 254 3579 1443 3665; baseline 0.002 -19"><span class='ocrx_word' id='word_1_284' title='bbox 254 3580 310 3663; x_wconf 83' lang='lat' dir='ltr'>PQ</span> <span class='ocrx_word' id='word_1_285' title='bbox 341 3582 507 3648; x_wconf 85' lang='lat' dir='ltr'>exhibent:</span> <span class='ocrx_word' id='word_1_286' title='bbox 540 3582 574 3652; x_wconf 81' lang='grc' dir='ltr'>πὸ</span> <span class='ocrx_word' id='word_1_287' title='bbox 609 3579 701 3660; x_wconf 65' lang='lat' dir='ltr'>„iste</span> <span class='ocrx_word' id='word_1_288' title='bbox 732 3581 828 3661; x_wconf 84' lang='grc' dir='ltr'><em>ποίρος</em></span> <span class='ocrx_word' id='word_1_289' title='bbox 852 3581 930 3660; x_wconf 88' lang='grc' dir='ltr'><em>περ”</em></span> <span class='ocrx_word' id='word_1_290' title='bbox 955 3581 1078 3660; x_wconf 73' lang='grc' dir='ltr'><em>μεταξὺ</em></span> <span class='ocrx_word' id='word_1_291' title='bbox 1103 3583 1443 3665; x_wconf 68' lang='grc' dir='ltr'><em>ἀναπεφώνηται.</em></span> 
     </span>
     <span class='ocr_line' id='line_1_32' title="bbox 254 3687 1443 3770; baseline 0 -16"><span class='ocrx_word' id='word_1_292' title='bbox 254 3689 308 3754; x_wconf 78' lang='grc' dir='ltr'>κοί</span> <span class='ocrx_word' id='word_1_293' title='bbox 340 3687 405 3755; x_wconf 84' lang='grc' dir='ltr'><em>ἐοτι</em></span> <span class='ocrx_word' id='word_1_294' title='bbox 433 3691 550 3766; x_wconf 62' lang='grc' dir='ltr'><em>πείρης</em></span> <span class='ocrx_word' id='word_1_295' title='bbox 581 3689 594 3752; x_wconf 84' lang='grc' dir='ltr'><em>ί</em></span> <span class='ocrx_word' id='word_1_296' title='bbox 625 3689 717 3767; x_wconf 73' lang='grc' dir='ltr'><em>λίνος</em></span> <span class='ocrx_word' id='word_1_297' title='bbox 749 3687 843 3768; x_wconf 77' lang='grc' dir='ltr'><em>μέχρι</em></span> <span class='ocrx_word' id='word_1_298' title='bbox 875 3693 928 3753; x_wconf 80' lang='grc' dir='ltr'>τοῦ</span> <span class='ocrx_word' id='word_1_299' title='bbox 956 3690 1068 3764; x_wconf 67' lang='grc' dir='ltr'><em>,ίνμίν</em></span> <span class='ocrx_word' id='word_1_300' title='bbox 1093 3689 1252 3770; x_wconf 83' lang='grc' dir='ltr'><em>ἐρέχίοιν,”</em></span> <span class='ocrx_word' id='word_1_301' title='bbox 1275 3692 1312 3764; x_wconf 77' lang='lat' dir='ltr'>cir</span> <span class='ocrx_word' id='word_1_302' title='bbox 1338 3691 1443 3767; x_wconf 83' lang='grc' dir='ltr'><em>μιίπην</em></span> 
     </span>
     <span class='ocr_line' id='line_1_33' title="bbox 254 3794 1443 3882; baseline 0.003 -22"><span class='ocrx_word' id='word_1_303' title='bbox 254 3797 449 3876; x_wconf 82' lang='grc' dir='ltr'><em>προοκείοίοοι</em></span> <span class='ocrx_word' id='word_1_304' title='bbox 474 3796 525 3862; x_wconf 80' lang='grc' dir='ltr'>τὸν</span> <span class='ocrx_word' id='word_1_305' title='bbox 549 3799 621 3874; x_wconf 82' lang='grc' dir='ltr'><em>μετ’</em></span> <span class='ocrx_word' id='word_1_306' title='bbox 645 3796 738 3862; x_wconf 73' lang='grc' dir='ltr'><em>αὐτὸν</em></span> <span class='ocrx_word' id='word_1_307' title='bbox 765 3795 844 3873; x_wconf 76' lang='grc' dir='ltr'><em>ἑξῆς.</em></span> <span class='ocrx_word' id='word_1_308' title='bbox 890 3794 1001 3881; x_wconf 78' lang='lat' dir='ltr'>ltaque</span> <span class='ocrx_word' id='word_1_309' title='bbox 1024 3796 1236 3882; x_wconf 88' lang='lat' dir='ltr'>supplendum</span> <span class='ocrx_word' id='word_1_310' title='bbox 1261 3819 1387 3864; x_wconf 88' lang='lat' dir='ltr'>censeo:</span> <span class='ocrx_word' id='word_1_311' title='bbox 1408 3799 1443 3864; x_wconf 80' lang='grc' dir='ltr'>πὸ</span> 
     </span>
     <span class='ocr_line' id='line_1_34' title="bbox 254 3898 1444 3990; baseline 0.004 -24"><span class='ocrx_word' id='word_1_312' title='bbox 254 3901 311 3982; x_wconf 82' lang='grc' dir='ltr'>μέν</span> <span class='ocrx_word' id='word_1_313' title='bbox 338 3902 618 3990; x_wconf 82' lang='grc' dir='ltr'><em>(οίνοιΦιίνημοι)</em></span> <span class='ocrx_word' id='word_1_314' title='bbox 641 3905 684 3975; x_wconf 87' lang='grc' dir='ltr'><em>είς</em></span> <span class='ocrx_word' id='word_1_315' title='bbox 708 3903 744 3967; x_wconf 78' lang='grc' dir='ltr'>πὸ</span> <span class='ocrx_word' id='word_1_316' title='bbox 769 3901 953 3981; x_wconf 84' lang='grc' dir='ltr'><em>περιποιίές,</em></span> <span class='ocrx_word' id='word_1_317' title='bbox 978 3898 1035 3975; x_wconf 86' lang='grc' dir='ltr'><em>οίος</em></span> <span class='ocrx_word' id='word_1_318' title='bbox 1060 3903 1228 3976; x_wconf 73' lang='grc' dir='ltr'><em>Ὀδυσσεὺς</em></span> <span class='ocrx_word' id='word_1_319' title='bbox 1253 3906 1283 3970; x_wconf 93' lang='grc' dir='ltr'>ἐν</span> <span class='ocrx_word' id='word_1_320' title='bbox 1308 3917 1346 3988; x_wconf 70' lang='grc' dir='ltr'>τῇ</span> <span class='ocrx_word' id='word_1_321' title='bbox 1366 3907 1444 3990; x_wconf 80' lang='grc' dir='ltr'><em>ννίοιρ</em></span> 
     </span>
     <span class='ocr_line' id='line_1_35' title="bbox 255 4008 1023 4093; baseline 0.003 -19"><span class='ocrx_word' id='word_1_322' title='bbox 255 4009 485 4090; x_wconf 72' lang='grc' dir='ltr'><em>ἐπειλημμένος</em></span> <span class='ocrx_word' id='word_1_323' title='bbox 511 4011 562 4076; x_wconf 74' lang='lat' dir='ltr'>sai</span> <span class='ocrx_word' id='word_1_324' title='bbox 588 4008 770 4090; x_wconf 72' lang='grc' dir='ltr'><em>διημερεύων</em></span> <span class='ocrx_word' id='word_1_325' title='bbox 793 4010 843 4074; x_wconf 78' lang='grc' dir='ltr'>ἐπὶ</span> <span class='ocrx_word' id='word_1_326' title='bbox 867 4019 905 4092; x_wconf 74' lang='grc' dir='ltr'>τῇ</span> <span class='ocrx_word' id='word_1_327' title='bbox 930 4012 1023 4093; x_wconf 73' lang='grc' dir='ltr'><em>οίνπῇ.</em></span> 
     </span>
    </p>
   </div>
   <div class='ocr_carea' id='block_1_6' title="bbox 256 4219 1444 4522">
    <p class='ocr_par' dir='ltr' id='par_1_6' title="bbox 256 4219 1444 4522">
     <span class='ocr_line' id='line_1_36' title="bbox 300 4219 1443 4309; baseline 0.003 -23"><span class='ocrx_word' id='word_1_328' title='bbox 300 4245 334 4298; x_wconf 84' lang='grc' dir='ltr'><em>ε,</em></span> <span class='ocrx_word' id='word_1_329' title='bbox 358 4219 413 4287; x_wconf 83' lang='grc'>83.</span> <span class='ocrx_word' id='word_1_330' title='bbox 438 4219 589 4302; x_wconf 82' lang='grc' dir='ltr'><em>Ἐρέχίιον</em></span> <span class='ocrx_word' id='word_1_331' title='bbox 614 4221 690 4309; x_wconf 91' lang='lat' dir='ltr'>quid</span> <span class='ocrx_word' id='word_1_332' title='bbox 714 4219 873 4309; x_wconf 83' lang='lat' dir='ltr'>significet</span> <span class='ocrx_word' id='word_1_333' title='bbox 896 4225 1064 4308; x_wconf 85' lang='lat' dir='ltr'>exponitur</span> <span class='ocrx_word' id='word_1_334' title='bbox 1087 4226 1121 4288; x_wconf 93' lang='lat' dir='ltr'>in</span> <span class='ocrx_word' id='word_1_335' title='bbox 1141 4222 1215 4305; x_wconf 78' lang='lat' dir='ltr'>QV:</span> <span class='ocrx_word' id='word_1_336' title='bbox 1236 4225 1443 4290; x_wconf 65' lang='lat' dir='ltr'>coraxicos</span> 
     </span>
     <span class='ocr_line' id='line_1_37' title="bbox 256 4325 1444 4416; baseline 0.004 -25"><span class='ocrx_word' id='word_1_337' title='bbox 256 4325 286 4391; x_wconf 83' lang='grc' dir='ltr'>ἐν</span> <span class='ocrx_word' id='word_1_338' title='bbox 310 4326 420 4409; x_wconf 79' lang='grc' dir='ltr'><em>ἐοινπῷ,</em></span> <span class='ocrx_word' id='word_1_339' title='bbox 445 4327 573 4413; x_wconf 86' lang='grc' dir='ltr'><em>οτένιον,</em></span> <span class='ocrx_word' id='word_1_340' title='bbox 598 4328 789 4409; x_wconf 79' lang='grc' dir='ltr'><em>λυπούμενος</em></span> <span class='ocrx_word' id='word_1_341' title='bbox 813 4327 942 4409; x_wconf 80' lang='grc' dir='ltr'><em>βορέως.</em></span> <span class='ocrx_word' id='word_1_342' title='bbox 990 4328 1213 4416; x_wconf 71' lang='lat' dir='ltr'>utnusquam</span> <span class='ocrx_word' id='word_1_343' title='bbox 1237 4331 1368 4410; x_wconf 82' lang='grc' dir='ltr'><em>ἐρέχίειν</em></span> <span class='ocrx_word' id='word_1_344' title='bbox 1389 4352 1444 4416; x_wconf 89' lang='lat' dir='ltr'>per</span> 
     </span>
     <span class='ocr_line' id='line_1_38' title="bbox 256 4435 1442 4522; baseline 0 -20"><span class='ocrx_word' id='word_1_345' title='bbox 256 4435 438 4502; x_wconf 84' lang='grc' dir='ltr'><em>ιιιιτιιπίνειν</em></span> <span class='ocrx_word' id='word_1_346' title='bbox 462 4435 640 4522; x_wconf 83' lang='lat' dir='ltr'>explicetur</span> <span class='ocrx_word' id='word_1_347' title='bbox 661 4457 718 4502; x_wconf 92' lang='lat' dir='ltr'>nec</span> <span class='ocrx_word' id='word_1_348' title='bbox 742 4437 835 4503; x_wconf 85' lang='lat' dir='ltr'>video</span> <span class='ocrx_word' id='word_1_349' title='bbox 859 4437 1015 4521; x_wconf 90' lang='lat' dir='ltr'>quomodo</span> <span class='ocrx_word' id='word_1_350' title='bbox 1040 4437 1191 4522; x_wconf 77' lang='lat' dir='ltr'>explicari</span> <span class='ocrx_word' id='word_1_351' title='bbox 1216 4442 1322 4522; x_wconf 88' lang='lat' dir='ltr'>possit.</span> <span class='ocrx_word' id='word_1_352' title='bbox 1361 4439 1442 4518; x_wconf 71' lang='lat' dir='ltr'>Quid</span> 
     </span>
    </p>
   </div>
   <div class='ocr_carea' id='block_1_7' title="bbox 0 0 1646 5148">
    <p class='ocr_par' dir='ltr' id='par_1_7' title="bbox 0 0 1646 5148">
     <span class='ocr_line' id='line_1_39' title="bbox 0 0 1646 5148; baseline 0 0"><span class='ocrx_word' id='word_1_353' title='bbox 0 0 1646 5148; x_wconf 95' lang='lat' dir='ltr'> </span> 
     </span>
    </p>
   </div>
  </div>
 </body>
</html>
