3220 5144
363 1245 621 1342 ADDllNDA
650 1249 726 1342 uu
743 1249 1096 1344 coustantius.

643 1561 800 1570 ..mm-.-
806 1561 815 1570 ι

167 1777 296 1829 Biennium
313 1779 362 1828 lere
379 1781 427 1838 est,
445 1795 472 1828 ex
490 1796 537 1844 quo
552 1779 590 1830 iric
608 1779 668 1830 liber
684 1782 748 1848 typis
765 1781 930 1831 describendus
947 1781 1025 1850 operis
1042 1784 1078 1830 eat
1091 1778 1202 1832 traditus.
1221 1781 1327 1839 luteres,

134 1870 161 1910 ut
177 1861 202 1909 ln
220 1860 317 1910 Monito
333 1859 390 1910 lunio
406 1859 522 1912 volumini
540 1861 669 1928 praemisso
686 1863 828 1928 significari,
847 1865 872 1912 et
889 1863 944 1912 novi
961 1861 1018 1912 libri
1034 1863 1196 1927 provenerunt
1210 1863 1273 1912 idem
1288 1863 1326 1911 vel

63 2001 69 2022 ι
132 1947 259 2008 eogonon
284 1947 451 2008 argumentum
476 1948 618 2010 speotsutes,
646 1951 673 1996 ul
702 1946 834 2013 Porphyrii
860 1946 1033 2012 Quaestionum
1058 1946 1244 1998 Homerioarum
1262 1945 1325 1996 all.

130 2026 266 2076 Schradero
284 2027 314 2075 V.
332 2026 369 2076 Cl.
387 2027 506 2078 editarum
522 2028 648 2080 fasciculus
664 2029 744 2096 prior,
763 2033 790 2080 ut
804 2029 908 2080 lludooia
923 2027 1062 2088 Flaehisus,
1078 2028 1134 2088 alii,
1150 2031 1174 2078 et
1189 2043 1327 2094 eompsrare

132 2107 191 2158 mihi
210 2109 277 2174 potui
294 2107 337 2172 qui
354 2109 395 2158 diu
415 2109 473 2160 editi
491 2109 568 2159 neseio
585 2113 703 2176 quomodo
722 2128 798 2161 meum
816 2112 928 2160 notitiam
947 2111 1084 2175 effugerant.
1105 2112 1174 2160 luter
1192 2125 1250 2174 quos
1265 2109 1324 2158 mihi

133 2190 255 2240 retexenda
278 2193 313 2240 eat
337 2189 463 2241 &mutuli
481 2191 579 2257 Sylloge
596 2197 708 2243 notarum
725 2195 928 2243 Aristonicearum
945 2195 973 2242 ad
992 2195 1121 2256 Odysseem
1140 2191 1325 2258 pertinentium,

132 2274 199 2324 ouius
215 2274 293 2339 operis
311 2289 366 2324 anm
383 2286 435 2323 enm
451 2279 557 2340 purtem,
576 2289 636 2340 quas
653 2277 712 2325 duos
729 2276 819 2341 primos
833 2276 907 2326 lutros
923 2275 1102 2341 eompleetitnr,
1119 2275 1161 2323 diu
1184 2273 1325 2340 possiderem

131 2357 204 2422 inquo
221 2371 272 2406 rem
289 2371 380 2416 meam,
398 2359 426 2406 ut
443 2372 486 2422 par
502 2361 551 2418 est,
568 2358 749 2418 uenientium,
767 2361 834 2410 ratas
851 2357 911 2408 nihil
929 2357 1173 2424 imprimeudum,
1193 2357 1255 2406 torte
1278 2357 1325 2408 fur·

130 2441 189 2487 tuna
204 2441 282 2489 totum
296 2438 437 2488 iamdudum
448 2443 530 2488 estere
544 2441 655 2506 comperi.
675 2441 801 2490 Praetores
815 2442 879 2491 iuter
887 2457 927 2492 eos
936 2441 1012 2500 viros,
1022 2440 1107 2505 quibus
1115 2440 1220 2506 priorem
1228 2440 1326 2490 lasciuu-

131 2520 181 2569 lum
199 2535 279 2570 meum
298 2523 359 2570 douo
378 2521 502 2579 miseram,
520 2521 617 2572 fuerunt
634 2523 675 2588 qui
692 2522 869 2573 observationes
883 2523 996 2588 quasdem
1011 2538 1064 2572 suus
1079 2521 1165 2586 insigni
1174 2519 1325 2574 humanitate

131 2619 173 2668 per
198 2603 280 2660 litores
305 2619 398 2653 meeum
422 2605 637 2664 eommunieareut,
660 2605 775 2670 equibus
792 2606 890 2655 honoris
906 2621 974 2654 oeuss
992 2603 1052 2655 mihi
1069 2603 1207 2654 nominandi
1225 2607 1283 2653 sunt
1300 2605 1324 2653 S.

130 2687 158 2736 A.
186 2685 295 2752 Nuberua
318 2687 347 2736 V.
371 2687 407 2736 Cl.
430 2690 454 2736 et
477 2687 504 2736 C.
522 2688 544 2738 S.
568 2687 658 2738 (lautos
678 2691 747 2738 vetus
761 2687 866 2746 eminus,
885 2692 986 2752 uterque
1003 2689 1033 2738 ds
1049 2686 1211 2752 grummatiuls
1228 2687 1327 2738 ursone

129 2768 303 2818 meritissimus.
340 2771 449 2835 Quarum
473 2771 664 2820 emendationum
686 2771 791 2832 potiores
812 2755 1017 2832 infruexhibeho,
1040 2775 1067 2820 ut
1083 2769 1230 2820 scholiorum
1246 2772 1328 2820 textus

130 2851 171 2898 liat
189 2853 305 2914 quantum
321 2866 364 2916 per
381 2867 419 2900 me
436 2851 510 2917 possit
528 2853 739 2904 emendatissimus.
759 2855 813 2918 lpse
830 2869 923 2918 quoque
940 2853 1021 2902 eudem
1041 2869 1066 2901 re
1083 2852 1172 2904 iterum
1189 2853 1324 2918 iterumque

130 2933 277 2982 oonsideruts
300 2937 324 2981 et
345 2931 407 2982 sensi
430 2933 545 2996 quaedam
569 2931 668 2983 ebullis
686 2935 734 2984 iam
753 2939 888 3001 praerupte,
907 2949 968 3000 quse
984 2933 1076 3000 primus
1093 2933 1180 2983 vidisse
1198 2934 1326 3000 opinabar,

131 3019 155 3064 et
172 3043 205 3052 -
221 3015 334 3080 quonism
360 3015 504 3080 adisoipulus
526 3019 562 3064 est
584 3016 673 3082 prioris
695 3017 814 3080 posterior
836 3015 902 3066 dies⁰
921 3044 954 3053 -
971 3015 1086 3066 nonnulla
1104 3032 1167 3066 nune
1185 3016 1223 3065 vel
1242 3017 1327 3067 melius

87 3135 97 3160 ,
129 3098 274 3146 eonstituere
290 3097 328 3146 vel
345 3096 490 3146 luculentius
507 3096 629 3148 illustrare
646 3115 714 3164 posse
730 3099 791 3150 milui
809 3099 899 3148 videor.
927 3099 992 3148 Hine
1009 3099 1178 3148 Addendorum
1195 3103 1232 3149 sat
1247 3100 1327 3167 ampla

130 3195 204 3246 seges.
231 3195 333 3243 quorum
357 3183 449 3239 tamen,
467 3209 500 3218 -
519 3196 548 3230 ne
565 3180 626 3230 liber
643 3182 667 3231 iu
686 3182 814 3232 immanem
831 3181 920 3232 molem
941 3185 1071 3240 exumost,
1091 3207 1124 3218 -
1140 3197 1195 3232 oum
1217 3198 1327 3234 errorum

130 3262 367 3330 typographieorum,
391 3279 450 3328 quos
467 3263 531 3314 iuter
549 3264 717 3329 perlegendum
735 3265 905 3324 animadverti,
923 3263 1021 3314 elencho
1038 3279 1100 3314 nune
1117 3265 1212 3330 potiore
1229 3269 1325 3316 tentum

132 3345 261 3394 sublicium.

165 3429 202 3478 Ad
225 3445 248 3494 p.
272 3429 287 3477 8
309 3431 359 3478 not.
383 3427 408 3488 (l.
434 3430 449 3477 3
467 3445 488 3479 a.
507 3429 536 3494 i)
555 3430 612 3480 Post
628 3429 794 3508 Apollouli'et
810 3430 960 3479 Salsoliorum
978 3429 1007 3477 sd
1025 3429 1268 3480 11ssuentiooou
1286 3433 1325 3481 ad·

130 3518 244 3567 dendum:
265 3517 323 3567 'l'res
340 3534 433 3584 quoque
449 3519 632 3584 significationes
649 3519 721 3570 hnbet
739 3519 892 3570 Herodianus
908 3535 936 3567 π.
956 3535 1007 3580 μον,
1029 3514 1081 3579 ηε,
1099 3536 1122 3585 Ρ,
1142 3520 1181 3579 so,
1202 3521 1268 3586 t(p.
1279 3521 1326 3571 lut

129 3608 222 3668 lehre.)
245 3622 264 3658 s.
282 3625 305 3658 r.
324 3610 416 3670 Φᾶρος,
434 3609 473 3659 ubi
492 3610 509 3659 i.
527 3626 548 3660 s.
566 3613 590 3660 st
608 3611 675 3660 haee:
692 3605 758 3660 toros
778 3604 817 3658 οὖν
836 3613 885 3659 νῦν
904 3609 1091 3659 consuamus
1108 3607 1139 3658 τὸ
1158 3625 1176 3657 ο
1194 3606 1327 3672 παραδείγ-

128 3714 201 3760 ματα
226 3695 316 3756 rottae,
343 3696 438 3761 τάφος,
465 3695 521 3762 ὅπερ
542 3699 583 3748 sal
601 3698 721 3763 dpcsssets
739 3696 810 3759 iore,
832 3698 879 3757 »lle
900 3701 926 3750 a?
936 3693 964 3760 γ’
982 3695 1103 3762 ἀμφίεπον
1119 3697 1199 3762 τᾶφον
1214 3697 1327 3763 Ἕκτορος
1424 3705 1426 3710 “

131 3782 294 3848 meliust?
324 3787 359 3842 (Ω
386 3791 458 3851 8⁰4),
483 3789 524 3838 eal
550 3789 649 3848 ονλονον
675 3789 716 3840 'eorl
741 3795 788 3849 elic
813 3789 894 3849 νῆοον.
921 3784 997 3840 ὁπότε
1022 3787 1048 3838 dl
1066 3787 1108 3839 'erl
1127 3793 1173 3848 τῆς
1191 3786 1328 3852 hendisse
1433 3833 1441 3848 ,

129 3876 352 3941 παραλαμβάνεται
376 3876 445 3939 γένος
473 3877 618 3942 ’sedixerat
641 3879 672 3930 τὸ
699 3877 834 3943 ον’νδίτνρον·
856 3895 868 3922 ν
892 3877 907 3936 li
928 3875 951 3930 δ’
970 3877 1030 3929 linesi
1049 3877 1091 3938 δὴν
1110 3875 1186 3939 dero,
1205 3878 1285 3944 τάφος
1303 3878 1331 3930 ts

130 3969 153 4016 ot
169 3965 227 4030 ἦτορ
248 3963 341 4018 Ἰκοονι.”
362 3968 392 4028 (ψ
410 3972 460 4030 93.)

163 4059 200 4108 sd
217 4075 241 4125 p.
261 4060 276 4108 9
294 4063 344 4109 not.
364 4060 394 4124 (l.
412 4061 427 4108 tl
445 4077 465 4112 a
486 4061 589 4127 iz)1seg.
608 4057 731 4124 ἰνοοιφνόν.

160 4147 198 4196 Ad
216 4164 239 4214 p.
258 4149 291 4197 10
310 4149 338 4213 (l.
357 4147 381 4200 7.
397 4165 417 4198 a.
436 4149 468 4214 s.)
488 4151 551 4199 adde
570 4151 735 4201 Herodianum
753 4153 782 4200 ad
802 4159 823 4201 A
841 4152 885 4204 27:
904 4147 996 4214 idapem
1014 4149 1041 4201 tl
1058 4151 1101 4200 τὸν
1116 4152 1219 4210 ποιητὴν
1238 4149 1328 4201 ἀδιο-

127 4236 230 4298 φορνος
251 4237 292 4286 eal
311 4236 447 4301 φνλάοοονν
466 4237 509 4286 τον
528 4241 613 4303 χρόνον
634 4246 683 4290 τᾶν
701 4241 882 4305 παρῳχημένον
901 4241 942 4290 eal
959 4239 1119 4304 ἀποβάλλον.

163 4321 200 4368 sd
223 4337 245 4386 p.
270 4321 302 4371 25
320 4322 349 4385 (l.
368 4324 383 4372 3
401 4337 421 4370 e.
440 4322 471 4384 a.)
489 4323 590 4372 Aooedet
608 4323 664 4374 huie
681 4325 810 4375 insertioni
828 4324 918 4389 aliquid
936 4325 990 4375 fldei
1007 4325 1108 4375 etiams
1126 4327 1220 4376 vetusto
1238 4325 1328 4376 sohulio

129 4397 158 4450 nd
178 4401 299 4467 Euripidis
317 4403 440 4454 Hecubam
458 4419 492 4452 es.
513 4405 585 4464 1027,
603 4407 679 4471 quod,
698 4407 743 4456 nisi
760 4423 798 4458 me
815 4408 895 4458 omnis
912 4407 1012 4466 lsssont,
1029 4423 1058 4458 en
1074 4408 1119 4458 lrso
1132 4407 1184 4474 ipss
1196 4409 1327 4474 Porphyrii

128 4493 296 4544 dissertatione
318 4511 454 4562 expressum
473 4499 514 4545 est.
535 4489 673 4560 ’Λμίροοςι
692 4498 821 4567 supputate.
844 4494 920 4560 μίρδον
940 4499 1043 4555 inerte
1065 4498 1132 4561 παρὰ
1151 4495 1278 4557 ποιηταῖς,
1297 4499 1328 4548 rt
