3232 5136
845 320 888 406 38

265 521 309 609 μῗη
340 530 450 610 τέρασι
481 527 635 608 διαφόροις
660 529 858 612 ἀφορίζεσθαι
882 530 968 595 κατὰ
993 527 1133 612 στέρησιν
1155 538 1210 601 τιῖι
1235 555 1278 606 α.
1305 531 1322 610 ἢ
1348 529 1400 597 διὰ
1426 523 1463 596 τί

265 637 371 703 πολλὰ
404 633 527 713 τέρατα
555 633 640 716 ἔχειν
672 637 745 700 κατ’
776 637 919 701 ἐπίτασιν
947 641 1001 701 τοῦ
1031 661 1064 702 α.
1089 634 1124 704 οὗ
1148 639 1211 718 γὰρ
1235 637 1273 704 ἂν
1298 635 1368 718 ἔλίη
1390 662 1465 713 τις,

265 748 355 809 ταῦτα
379 742 479 808 αὐτὸ
504 739 599 822 τέρας
624 740 702 812 ἴσως»
720 739 810 821 ἔχιν
834 742 886 808 διὰ
910 742 945 806 τὸ
969 742 1149 824 ίσστέρατσν
1171 741 1249 812 εἶναι
1273 743 1325 810 διὰ
1348 743 1403 818 σὺν
1429 742 1467 806 εἰι

267 854 320 916 τσῦ
344 849 439 927 μέσον
463 851 536 927 τρία
560 848 594 912 τὸ
619 846 706 929 πέριξ
729 847 796 922 ίσην
819 847 995 915 ιίτίστασιν
1018 849 1091 914 κατ’
1117 851 1246 926 ίσίτητα
1271 853 1323 916 τοῦ
1348 874 1381 914 α.
1407 847 1465 934 (Ill)

265 957 315 1022 Ita
349 953 541 1021 Dindorfius.
588 954 762 1040 Aliquanto
795 955 894 1023 etiam
934 960 1130 1042 corruptiore
1169 964 1273 1035 erant,
1315 975 1396 1043 qnae
1430 957 1466 1020 in

266 1061 456 1128 Buttmanni
475 1060 612 1126 editione
631 1083 670 1126 ex
686 1059 798 1126 eodem
817 1060 924 1128 codice
948 1062 1157 1129 Ambrosiano
1178 1063 1234 1148 (ll)
1257 1062 1359 1149 petits
1375 1061 1468 1149 lege·

267 1168 394 1244 bantur,
427 1187 507 1252 quae
533 1164 716 1233 Dindorfins
739 1169 876 1234 correxit
898 1170 932 1232 in
955 1167 1115 1234 auxilium
1138 1170 1292 1236 adhibitis
1314 1168 1465 1236 Parisino

265 1272 295 1337 D
326 1280 359 1338 et
389 1271 525 1338 Scholiie
555 1272 595 1338 ad
619 1271 771 1350 Iliadem,
797 1273 854 1338 ubi
875 1273 962 1339 idem
988 1274 1068 1351 ,hoc
1093 1275 1265 1362 Porphyrii
1289 1275 1461 1342 Scholium

266 1378 421 1464 prolixius
453 1378 652 1464 appositnm'’
688 1379 808 1466 legitur
842 1380 881 1446 ad
916 1391 957 1458 Ξ,
988 1379 1065 1445 200.
1114 1381 1188 1447 Νοιι
1219 1389 1326 1448 tamen
1352 1383 1465 1447 virum

184 1551 187 1559 ,
267 1504 433 1551 summum
464 1484 715 1550 emendationem
748 1485 912 1570 perfecisse
944 1493 1084 1572 apponet.
1131 1488 1210 1569 Quis
1233 1491 1318 1554 enim
1342 1487 1467 1554 intelli-

268 1599 342 1680 get,
375 1594 447 1678 quis
477 1597 597 1656 struat:
630 1587 663 1662 αὖ
686 1591 748 1671 pap
779 1590 816 1656 ἂν
848 1590 918 1674 ἔλθη
945 1615 1010 1670 τις,
1041 1597 1131 1658 ταῦτα
1163 1597 1240 1662 αὐτὸ
1265 1593 1360 1674 τέρας
1386 1593 1463 1667 ίσνις

270 1697 365 1780 ἔχιν
393 1698 444 1763 διὰ
475 1699 510 1762 τὸ
540 1697 717 1777 ίσιιιέρατιν
749 1693 847 1762 εἶναιί
871 1697 936 1763 Ubi
958 1699 1011 1764 hio
1035 1701 1169 1765 verbum
1194 1707 1258 1778 est,
1284 1700 1367 1786 quod
1391 1721 1466 1766 sen-

271 1808 405 1870 ientiam
429 1799 617 1870 concludat?
641 1804 746 1868 Arena
767 1811 832 1880 est,
856 1807 963 1882 siunt,
988 1809 1056 1871 sine
1079 1806 1174 1872 culce.
1199 1805 1262 1874 Sed
1286 1805 1334 1872 lae
1357 1806 1466 1884 adsit,

270 1910 347 1997 quid
379 1906 472 1975 tuml
504 1907 663 1974 Verumne
691 1909 751 1975 hoe
783 1915 851 1987 est,
878 1931 940 1996 quo
965 1914 1036 1996 quis
1058 1914 1297 2000 progrediatur,
1321 1913 1407 1978 huno
1434 1913 1465 1978 ei

271 2037 337 2082 esse
361 2019 536 2082 terminum
561 2015 610 2078 osa
636 2017 670 2080 τὸ
695 2016 935 2094 ίσστέρατιν
959 2013 1064 2082 εἶναι
1090 2021 1156 2091 την
1180 2016 1382 2101 σφαίρανί
1402 2017 1469 2086 Sed

269 2126 336 2189 iam
361 2122 433 2188 nolo
456 2121 520 2187 loci
543 2121 688 2186 tenebras
711 2121 851 2187 densere.
887 2123 1001 2188 Dicam
1027 2127 1150 2210 potius,
1177 2146 1238 2212 qno
1262 2125 1357 2192 modo
1381 2126 1469 2192 mihi

269 2228 483 2315 dispellendae
507 2227 685 2294 videantur.
733 2227 857 2313 Nempe
879 2237 939 2293 tres
957 2250 1068 2295 causas
1087 2237 1254 2297 enumerat
1265 2229 1470 2318 Porphyrius

268 2357 327 2402 our
356 2335 506 2408 ίιιιίκλις
531 2341 564 2399 et
587 2335 604 2409 η
629 2343 751 2415 σφαῖρα
775 2332 897 2414 ἄπειρος
921 2336 1078 2421 (ιίτείρων)
1102 2337 1264 2416 dieantur,
1291 2357 1401 2404 omnes
1426 2360 1469 2404 ex

268 2441 467 2528 etymologia
498 2438 620 2505 seilicet
651 2441 798 2506 vocabuli
829 2443 954 2526 petitas.
1002 2444 1069 2506 Aut
1092 2443 1177 2528 quod
1200 2463 1261 2508 non
1286 2445 1376 2508 certis
1399 2451 1468 2512 ier·
1509 2471 1512 2476 ·

269 2550 366 2614 minis
386 2548 635 2635 distinguantur,
657 2546 723 2627 <rsa
740 2551 774 2612 τὸ
794 2548 843 2621 μη
864 2545 998 2626 τέρασι
1019 2547 1215 2628 διαφόροις
1236 2548 1469 2638 coacitantes)

267 2655 374 2719 ιιατιὶ
396 2652 584 2733 στέρησιν
608 2658 674 2717 τοῦ
694 2655 734 2727 ἶ,
759 2658 815 2716 aut
839 2652 922 2736 quod
945 2654 1052 2718 multos
1073 2654 1211 2720 habant
1236 2659 1408 2735 terminos,
1438 2652 1466 2722 ἶτ

267 2761 425 2826 intensive
459 2763 586 2841 sumto,
620 2763 693 2834 aut,
726 2757 810 2842 quod
841 2759 881 2822 ab
914 2759 999 2824 omui
1031 2767 1120 2844 parte
1144 2763 1296 2827 terminos
1320 2763 1465 2831 habeant

266 2871 418 2952 aequulei,
445 2864 529 2950 quod
551 2864 760 2928 rotundorum
785 2884 953 2950 corporum
976 2868 1142 2950 proprium
1166 2874 1232 2946 est,
1256 2875 1294 2933 ut
1310 2863 1336 2934 α
1354 2893 1469 2956 aequa·

267 2971 365 3036 litatis
388 2972 550 3036 notionem
574 2969 701 3040 habeat,
727 2971 813 3053 (κατ’
839 2969 968 3044 ίσίτητα
991 2977 1045 3036 τσῦ
1069 2975 1115 3056 α).
1164 2973 1232 3039 Iam
1258 2978 1365 3060 quivis
1394 2997 1469 3062 per-

267 3077 394 3162 spiciat,
417 3075 469 3140 his
485 3070 519 3138 οὗ
531 3074 593 3154 γὰρ
606 3074 644 3140 ιἰν
659 3073 729 3155 ἔλίη
741 3098 787 3146 τις
801 3089 871 3139 κτλ.
892 3076 1138 3161 explicationem
1151 3083 1304 3146 contineri
1317 3085 1468 3150 secandae

267 3202 397 3259 causae,
432 3200 494 3246 non
529 3182 650 3265 tertiae,
684 3201 783 3267 eaque
818 3184 921 3270 igitur
952 3184 1121 3250 emendata
1152 3188 1369 3271 superioribus
1397 3211 1469 3258 esse

266 3287 469 3354 adnectenda.
517 3287 608 3367 Quod
638 3290 666 3351 si
693 3290 764 3373 quis
794 3288 937 3354 nondum
959 3293 1137 3377 perspexit,
1168 3313 1330 3359 assensum
1355 3297 1386 3360 ei
1409 3317 1466 3362 ex·

265 3394 459 3480 torquebunt
478 3414 558 3478 quae
578 3397 611 3458 in
631 3392 834 3478 explicatiore
855 3393 983 3461 Scholio
1005 3396 1101 3464 Iliaco
1120 3397 1287 3486 leguntur,
1310 3405 1466 3485 quonism

265 3501 342 3578 hoc,
365 3499 442 3566 licet
476 3508 507 3565 ei
538 3501 642 3585 ipsum
676 3499 740 3566 alio
767 3502 896 3567 nomine
926 3509 1111 3588 corruptum
1135 3507 1179 3570 sit
1207 3507 1251 3589 ¹),
1276 3506 1329 3571 hio
1354 3513 1466 3576 tamen

270 3659 416 3671 ——n—

298 3761 324 3822 1)
346 3759 404 3808 Tria
429 3775 491 3808 nunc
508 3761 604 3808 unium
621 3758 728 3823 exemplu
745 3773 845 3824 ponam,
863 3759 1015 3811 Scholiornm
1031 3762 1095 3812 euim
1114 3763 1245 3812 lliucornm
1263 3766 1398 3816 emendatio
1416 3768 1465 3818 lroc

263 3853 370 3914 ternpore
386 3864 434 3898 nou
451 3843 523 3910 ’ίργνν
539 3848 599 3898 milri
617 3852 652 3897 est
672 3849 713 3898 sed
730 3845 857 3911 πάρεργα,
892 3849 1003 3900 Primum
1019 3852 1104 3901 vitium
1121 3855 1157 3901 est
1174 3853 1200 3900 in
1217 3851 1267 3902 his:
1289 3857 1315 3913 (t
1337 3855 1373 3903 1v
1391 3873 1414 3921 p.
1430 3859 1466 3906 4⁹

264 3944 282 3993 l.
301 3939 332 3988 83
350 3953 412 4004 seqq.
432 3939 514 3998 Dind.)
533 3937 688 3996 σημαίνει
708 3933 734 3986 tt
754 3937 795 3987 ιιαί
813 3934 856 4000 (sc.
874 3937 905 3987 vd
924 3935 1032 4004 danapri)
1051 3939 1104 3990 ’στί
1123 3943 1168 3989 τοῦ
1187 3941 1254 3990 mu
1273 3942 1304 3991 τὸ
1322 3939 1388 4003 σίδας
1408 3943 1464 3996 δια-

263 4026 375 4091 φίρνντσς
394 4026 436 4076 nat
454 4025 520 4086 ίίγαν
538 4029 629 4084 mot,
649 4026 679 4084 ὥς
699 4022 756 4092 παρ’
779 4025 888 4092 Ἡσιόδῳ.
912 4054 942 4062 -
959 4054 991 4062 -
1005 4056 1038 4064 -
1058 4031 1088 4079 τὸ
1107 4031 1157 4094 γαρ
1173 4031 1307 4096 ιἰισιιρίσισι
1323 4035 1347 4084 ἰν
1362 4033 1465 4094 τοία-αις

262 4117 304 4166 'siri
328 4120 374 4166 τοῦ
398 4111 456 4165 κατ’
482 4113 549 4174 σίδας
568 4113 658 4180 ἐξίχιν
677 4117 718 4165 καὶ
736 4118 814 4167 ιιαλσῡ
832 4117 898 4178 liras
917 4117 1047 4174 τίταιιται,
1084 4125 1151 4188 Quae
1172 4122 1229 4173 haec
1247 4127 1394 4176 constructio
1412 4133 1464 4189 est,

262 4205 372 4268 σημαίννι
391 4205 433 4256 ixi
449 4205 513 4256 σσῦί
548 4208 646 4274 Optime
664 4213 744 4257 noster
762 4209 852 4260 Codex:
871 4208 1085 4272 λαμβάνεται
1104 4211 1153 4275 γαρ
1172 4211 1204 4261 τὸ
1223 4209 1319 4276 exeam
1341 4215 1382 4265 καί
1407 4213 1466 4268 ἐπὶ

262 4299 308 4347 ταί
326 4297 393 4346 mdc
410 4297 442 4347 τὸ
461 4294 525 4355 σίδας
545 4295 699 4358 traciam
719 4307 776 4346 κτλ.
813 4296 902 4349 Deinde
920 4317 967 4350 non
986 4305 1049 4350 reete
1066 4301 1165 4352 habent:
1178 4331 1254 4340 -—
1266 4300 1309 4353 tto
1323 4306 1373 4370 γίιρ
1389 4303 1466 4360 ’ίνταν

259 4387 370 4451 τορύναιν
394 4387 424 4436 τὸ
443 4387 487 4449 μίν
505 4385 574 4438 ἐστιν
600 4386 669 4450 ὀρχη
695 4386 741 4450 ac'
766 4381 801 4446 τί,
827 4388 859 4437 τὸ
884 4387 910 4438 dl
930 4389 1004 4449 τίλας
1023 4391 1056 4448 τίς
1076 4389 1102 4440 d·
1121 4387 1178 4442 ’ἔστι
1197 4393 1246 4457 γίιρ
1265 4390 1306 4444 ἰα’
1326 4393 1413 4457 circle
1433 4401 1465 4450 ri

259 4475 329 4532 τιίίν
351 4490 406 4528 τοι·
429 4481 475 4536 τῆς
495 4475 521 4526 dl
540 4476 597 4536 ίλης
619 4480 666 4528 τοῦ
684 4474 773 4528 ιιίιιλσν
791 4480 939 4544 περιφερείας
959 4479 1049 4532 σιἰιιίτι.
1070 4484 1131 4531 τᾶν
1149 4483 1212 4546 γαρ
1231 4480 1245 4534 8
1264 4482 1301 4535 a,
1321 4504 1375 4545 τις
1394 4490 1464 4540 ’τιτι-
