3330 5144
892 285 956 354 iot

1121 395 1127 426 l

327 480 473 546 Multum
505 477 582 543 olim
615 477 653 543 de
683 477 733 542 his
760 479 905 545 versibus
935 479 1117 543 dubitatum
1147 483 1213 563 est,
1239 502 1312 547 curn
1337 480 1392 546 alii
1416 477 1520 561 Aiace

329 607 384 672 pro
419 587 546 652 nomine
577 586 702 669 proprio
736 585 929 670 acciperent,
961 584 1035 661 alii,
1068 587 1101 648 in
1131 585 1182 650 his
1216 587 1436 669 Aristarchus,
1461 608 1519 671 pro

330 694 483 759 mendico.
509 691 597 756 ¹Nec
626 689 784 773 scholion,
817 692 901 756 unde
924 692 1005 760 hano
1029 691 1204 757 doctrinam
1229 697 1424 778 accepimuS,
1452 699 1520 758 suis

328 799 485 865 molestiis
507 801 608 862 vocat.
634 800 672 860 Ὀ
693 797 835 868 contrade
861 797 895 862 τὸ
922 798 1024 878 Δέκτῃ
1047 799 1232 874 ὀνοματικῶς
1249 800 1369 876 claudes,
1392 801 1465 878 παρ’
1485 796 1520 863 οὗ

329 912 406 986 decr
442 905 492 968 τὸν
526 901 681 968 Ὀδυσσέα
713 904 756 968 τοὶ
787 903 864 984 ῥοίκκ
894 903 1040 982 λαβόντα
1075 905 1314 986 μετημφιάοίκν
1341 906 1382 988 ι)·
1408 902 1438 976 ὃς
1464 905 1519 970 οὐκ

328 1007 363 1085 ἦν
393 1012 423 1075 ἐν
454 1017 525 1080 ταῖς
557 1008 644 1073 ναυσὶ
676 1015 808 1080 τοιοῦτος
838 1005 893 1082 cicc
921 1008 1088 1083 Ὀδυσσεὺς
1117 1012 1285 1098 [οίχρείος].
1310 1012 1517 1092 Ἀρίσταρχος

326 1118 358 1182 δὲ
388 1117 478 1197 δέκτῃ
508 1116 566 1192 μὲν
598 1115 731 1199 ἐπαίτῃ,
756 1113 790 1179 τί
815 1115 846 1179 δέ
873 1111 924 1192 „ie
950 1115 1031 1182 oridia
1054 1125 1131 1188 τοῖος
1156 1116 1241 1196 ἓκν,”
1265 1119 1306 1198 ,τῷ
1332 1119 1457 1198 ἐναντίῳ
1482 1119 1517 1182 τὸ

326 1224 479 1300 ἐναντίον,
511 1214 541 1292 ὃς
573 1223 627 1287 οὐκ
657 1217 690 1296 ἦν
714 1227 846 1295 τοιοῦτος
873 1224 903 1307 [ο”
927 1223 1129 1311 Ὀδυττεύς],
1150 1225 1225 1289 αλλ’
1247 1223 1440 1302 ἐνδοξότατος
1463 1226 1516 1288 καί

326 1329 685 1409 μεγαλοπρεπέστατος,
712 1329 811 1399 laetor
837 1328 867 1393 δὲ
887 1329 1009 1411 ἔπαίτν.
1034 1329 1195 1416 (HMQT.)
1219 1331 1287 1397 Neo
1317 1335 1399 1397 strui
1419 1312 1518 1396 ¹com·

327 1439 421 1504 modo
451 1434 688 1522 ueo‘intellegi
719 1442 840 1520 potest:
871 1431 902 1506 ὃς
928 1439 980 1501 οὐκ
1004 1432 1037 1509 ἦν
1062 1437 1092 1500 ἕν
1115 1446 1186 1509 ταῖς
1211 1438 1299 1502 ναυσί
1331 1443 1516 1510 τοιοῦτος

326 1539 406 1615 cicc
433 1541 655 1613 Ὀδυσσεὺς
680 1542 856 1620 ἀχρεῖος.
888 1541 960 1608 Non
984 1563 1093 1628 premo
1116 1565 1200 1610 nunc
1223 1544 1274 1620 id,
1298 1546 1382 1630 quod
1404 1546 1437 1609 in
1457 1545 1518 1608 hac

326 1651 586 1736 interpretatione
609 1646 777 1714 relativum
805 1643 834 1718 ic
856 1655 963 1713 contra
983 1670 1161 1734 expressam
1179 1651 1281 1736 ipsius
1300 1656 1410 1737 poetae
1429 1672 1519 1716 meu·

326 1765 392 1824 tem
424 1757 464 1822 ad
486 1775 597 1820 vocem
621 1753 713 1833 δέκτο
736 1757 892 1839 pertinere
917 1756 1109 1822 censendum
1133 1762 1199 1840 est,
1223 1762 1279 1843 qui
1302 1765 1350 1824 sst
1373 1759 1516 1843 ipsorum

326 1850 611 1952 grammaticorum
648 1859 821 1926 Homerica
859 1882 1021 1946 perperam
1058 1863 1286 1948 explicantium
1323 1884 1442 1942 error,
1462 1865 1518 1929 sed

326 1975 385 2038 hoc
416 1989 548 2056 quaero:
586 1967 782 2033 adiectivum
819 1969 944 2047 ἀχρεῖος
980 1968 1018 2034 ad
1054 1968 1225 2036 Ulixemne
1260 1976 1380 2056 spectat
1412 1991 1452 2036 sn
1477 1973 1518 2036 ad

327 2079 447 2145 Dscten
475 2071 596 2141 istum?
628 2075 662 2136 Si
697 2073 736 2138 cd
771 2071 917 2148 Ulixem,
954 2078 1025 2160 quis
1060 2097 1155 2141 sanus
1191 2078 1276 2142 hunc
1306 2097 1325 2143 a
1356 2077 1520 2144 veteribus

326 2183 547 2275 grammaticis
578 2182 702 2260 ἀχρεῖον
733 2180 854 2245 dictum
888 2180 1055 2246 arriumetl
1091 2187 1136 2248 Ac
1167 2205 1206 2250 nc
1237 2187 1304 2280 sino
1325 2185 1520 2271 gravissimo

326 2292 455 2378 quidem
488 2287 691 2362 soloecismo,
722 2307 796 2351 nam
825 2283 855 2357 ὃς
888 2289 940 2352 οὐκ
965 2283 998 2361 ἦν
1019 2287 1111 2384 οἷίτως
1136 2293 1174 2360 cir
1200 2291 1367 2360 Ὀδυσσεὺς
1391 2292 1518 2372 οίχρείος

325 2400 482 2482 scriptum
517 2393 691 2479 oportebat.
738 2392 799 2458 Sed
829 2394 878 2458 iac
908 2394 947 2459 de
976 2397 1039 2462 isto
1064 2397 1168 2476 Atace
1189 2397 1406 2482 accipiendum
1432 2419 1517 2476 esse,

326 2505 411 2592 quod
434 2502 501 2569 sine
525 2500 622 2566 dubio
640 2499 845 2584 interpolator
864 2499 1010 2584 volebat,
1030 2523 1132 2568 nonne
1151 2500 1182 2575 ὃς
1203 2506 1256 2570 οὐκ
1270 2500 1303 2577 ἦν
1316 2511 1448 2576 τοιοῦτος
1463 2542 1483 2556 -
1498 2543 1518 2555 -

326 2611 417 2677 αλλ’
441 2611 563 2687 ἀχρεῖος
588 2609 618 2672 ei
642 2605 811 2671 dicendum
835 2605 925 2672 erat?
949 2607 1058 2675 Eiscto
1080 2609 1215 2676 molesto
1239 2611 1410 2688 vocabulo,
1432 2593 1519 2697 quod

325 2737 419 2784 nemo
450 2715 600 2799 requirit,
630 2712 718 2790 idem
742 2712 860 2778 dicitur
883 2721 940 2778 aut
964 2717 1071 2799 potius
1094 2737 1132 2782 ex
1155 2739 1189 2782 re
1212 2720 1281 2803 ipsa
1304 2718 1515 2808 intellegitur.

326 2825 458 2890 Dixerat
480 2821 712 2907 grammaticus
736 2825 845 2896 vetus,
873 2857 913 2868 -—
938 2821 1019 2886 mihi
1043 2824 1172 2906 quidem
1198 2846 1236 2889 ex
1260 2825 1403 2913 Didymo
1426 2826 1516 2892 scho-

232 2981 240 2994 .
324 2931 391 2996 lion
414 2927 542 2992 fluxisse
565 2925 709 3001 videtur,
723 2921 750 3011 ⁹)
773 2963 813 2973 -
839 2924 973 2992 Homeri
997 2930 1109 2993 verba:
1135 2926 1165 3000 ὃς
1190 2930 1272 2996 οὐδὲν
1294 2939 1373 2997 reio:
1393 2931 1444 3006 ἔην
1465 2934 1516 2998 ἐπὶ

326 3036 426 3111 νηυσίν
456 3035 594 3112 Ἀχαιῶν
619 3052 659 3096 ex
686 3049 796 3096 eorum
822 3035 978 3097 sententia
1001 3037 1236 3120 interpretans..
1253 3041 1308 3123 qui
1332 3038 1436 3118 Alere
1460 3061 1518 3125 pro

324 3144 453 3209 nomine
476 3137 600 3224 proprio
624 3139 817 3222 acciperent,
845 3141 930 3223 „qui
943 3137 1085 3226 (Dectes)
1111 3143 1194 3227 apud
1221 3141 1392 3210 Graiorum
1420 3167 1519 3211 naves

324 3266 523 3333 nequequam
542 3263 579 3308 ea
598 3242 756 3331 dignitate
776 3251 860 3321 eret,
881 3267 944 3328 qua
963 3253 1030 3311 erat
1054 3246 1199 3326 Ulixes’';
1227 3250 1395 3336 adscripsit
1416 3256 1516 3318 inter·

325 3353 461 3441 poletcr:
484 3351 624 3433 ἀχρεῖος,
645 3352 808 3417 umissime
827 3350 909 3417 illud
930 3352 1059 3436 quidem
1080 3354 1134 3419 sed
1154 3357 1286 3422 minime
1303 3363 1515 3426 necessarium

326 3535 497 3548 .......-—

359 3655 382 3712 1)
407 3645 592 3712 Μετκμφιίοίαν
613 3649 655 3705 Η,
676 3641 789 3696 sed'cum
811 3662 857 3695 uon
880 3647 999 3710 nequiores
1017 3651 1111 3698 tuntum
1129 3651 1272 3700 Scholicstse
1290 3655 1330 3702 scd
1347 3657 1371 3703 et
1387 3657 1516 3722 scriptores

323 3746 359 3792 set
380 3741 483 3806 antiqui,
507 3739 554 3787 iu.
578 3735 735 3794 Plutarchus,
754 3734 851 3784 verbum
869 3731 1124 3803 &postifera-analogia
1140 3741 1222 3791 lictum
1240 3758 1294 3792 cum
1311 3745 1447 3810 compositis
1465 3765 1515 3798 orn·

324 3825 393 3875 nibus
420 3824 547 3887 usurpent,
564 3847 598 3856 -
614 3834 661 3884 que
685 3818 713 3867 ds
735 3833 761 3866 rc
784 3817 874 3868 dictum
900 3825 936 3868 est
952 3837 967 3868 a
983 3822 1009 3870 L.
1028 3821 1151 3872 Diodortio
1168 3824 1194 3873 in
1212 3825 1336 3876 Τίιοτοιιτο
1354 3829 1516 3893 Stephanirmo

324 3911 348 3957 ei
370 3924 384 3956 ⁸
406 3904 536 3962 1¹⁰b0⁰ltl⁰s
554 3930 587 3938 -
606 3916 705 3965 cumque
723 3901 865 3950 recentiores
881 3903 1030 3967 grammatici
1048 3905 1086 3953 vel
1104 3905 1229 3956 discrimen
1247 3910 1375 3984 commenti
1388 3911 1437 3961 rint
1451 3913 1516 3964 inter

323 3989 434 4060 ἀμφνίζοο
456 3999 481 4044 et
502 3985 616 4055 ὶμφκίζνν
641 3985 757 4055 (Epimer.
780 3990 847 4038 κατα
870 3988 994 4055 στοιχεῖον
1016 3994 1042 4042 in
1067 3993 1172 4044 tiromer.
1195 3997 1298 4047 Anccdd.
1324 3984 1417 4051 Ox'onn.
1437 4002 1472 4062 ΙΙ,
1492 4021 1514 4070 p.

325 4089 381 4146 ³38,
405 4087 466 4134 339:
493 4082 535 4131 καί
559 4081 589 4130 τί
612 4077 717 4142 διαφίριο
742 4079 772 4128 τὸ
795 4078 903 4144 οἱμφνίζον
927 4085 975 4132 τοῦ
999 4077 1129 4145 ἀμφιίζονς
1150 4081 1270 4147 διαῲίρει·
1290 4086 1321 4135 ri
1340 4087 1384 4150 pala
1403 4089 1515 4154 ἄμφιέζη

325 4173 382 4228 ἔστί
399 4182 494 4232 κοινῶς,
513 4173 545 4223 τὸ
563 4169 589 4222 dd
609 4164 723 4231 ἂμφοάζον
743 4171 853 4231 Δωρικόν,
873 4171 952 4235 ίίοπνρ
972 4173 1004 4222 τί
1022 4169 1142 4236 transita
1161 4173 1202 4223 καί
1218 4171 1374 4242 ὑπῃνίξω),
1391 4182 1465 4233 satius
1479 4190 1515 4234 est

324 4271 405 4318 nostro
423 4281 516 4332 qnoque
534 4263 585 4312 loco
603 4257 788 4324 μοτκμφιοίτίαν
805 4261 959 4313 immutatum
977 4280 1077 4314 servm.

358 4351 382 4408 2)
401 4351 455 4397 Non
473 4347 536 4396 inter
554 4343 653 4408 Didymi
671 4342 783 4408 reliquias
795 4345 884 4410 recepit
898 4347 1050 4405 Schmidtius,
1066 4347 1248 4411 necquidquam
1261 4350 1513 4406 dcccrrrittsroctius.

326 4433 374 4480 Cur
391 4431 503 4478 tandem?
