3232 5136
837 329 879 398 28

261 517 377 601 θοοηον
403 559 445 572 -
470 517 554 608 quod
576 521 679 588 obiter
702 542 815 588 munao
841 559 881 571 -
907 522 995 587 aliud
1018 521 1227 587 infortunium
1250 537 1379 605 passum
1408 519 1456 584 ssi

262 629 295 693 iu
329 628 440 706 sudam
467 628 640 696 Harleiano
663 631 758 695 iniis
781 650 861 715 quas
884 631 994 695 statim
1018 633 1209 714 sequuntur:
1235 625 1359 707 είροντοε
1385 626 1453 691 οίντί

261 739 315 800 τοῦ
351 735 477 814 ἔλεγον·
513 732 577 802 θθεν
613 737 664 801 κονί
697 737 747 816 ίροί
780 739 797 812 ἡ
832 735 990 810 ἕκκληοίοο.
1029 731 1184 812 ἄλογοι·
1221 733 1453 810 umalama

260 841 340 920 γὰρ
377 843 506 916 οὐδεὶς
540 841 775 923 δνκθζετων,
813 863 893 928 quae
923 842 1019 907 verba
1042 841 1126 926 apud
1150 839 1304 906 editorem
1328 838 1452 917 θλθγως

261 947 344 1014 τοίνν
381 952 488 1016 omnis
522 951 702 1016 referuntur
735 950 774 1016 ad
809 971 858 1017 us.
895 947 979 1015 570:
1011 947 1136 1027 ἥμενον·
1170 940 1197 1014 οἳ
1228 948 1260 1014 δέ
1290 971 1343 1025 ρονν
1366 946 1454 1027 ἀμφὶ

261 1053 349 1128 sirac
385 1054 494 1136 είροντο
529 1054 669 1134 θνοοκτοο,
706 1076 781 1122 uum
815 1055 887 1121 luca
922 1054 1037 1120 clarius
1072 1055 1132 1138 sit,
1167 1055 1272 1138 priora
1310 1059 1454 1118 lanium:

261 1161 370 1242 εἴροντο
401 1200 417 1212 ·
431 1167 491 1240 -η
524 1164 675 1239 ἐκκλησίοο
707 1163 747 1230 ad
775 1163 861 1228 hunc
893 1183 1019 1229 versum
1052 1163 1228 1246 periinere,
1260 1165 1383 1227 easisra
1415 1161 1456 1227 sd

263 1273 447 1354 sequentem

330 1374 432 1451 ἥμενον
456 1375 603 1450 ἕοτοιθτες
627 1401 681 1453 τε,
707 1380 778 1441 κοτ’
803 1375 968 1457 εὐρυπυλὲς
990 1373 1100 1446 Ἄϊδος
1126 1374 1182 1459 iu,
1207 1376 1268 1462 (vs.
1295 1375 1375 1462 571)

265 1485 372 1566 aptius
411 1483 521 1549 rsisrri
563 1487 610 1550 iia
650 1486 782 1568 scripta:
832 1480 995 1560 ἄλογον·
1039 1483 1207 1557 καθήμενον
1252 1482 1316 1563 νοὶρ
1359 1482 1456 1555 οὐδεὶς

263 1587 435 1671 δοκοίζετκν.
482 1588 540 1654 list
574 1597 683 1656 tamen
716 1589 908 1656 Harlaianus
940 1589 980 1654 ad
1010 1588 1095 1653 hune
1128 1609 1228 1673 usqua
1251 1588 1336 1655 diem
1361 1587 1458 1676 longa

263 1696 406 1781 optimus
441 1717 480 1762 οι
513 1698 554 1762 iis
586 1697 765 1774 codicibus,
795 1696 879 1763 unda
909 1703 1017 1762 vetera
1047 1694 1175 1761 Scholia
1206 1695 1245 1761 ad
1279 1694 1457 1782 Odysssam

262 1803 353 1868 nobis
382 1804 607 1883 innotuerunt,
640 1801 723 1880 unda
752 1805 963 1868 coniecturam
987 1801 1089 1868 lacera
1111 1822 1282 1887 possumus
1306 1801 1344 1868 ds
1367 1801 1457 1866 dsis-

262 1911 385 1974 riorum
408 1908 597 1974 conditione.
623 1909 683 1972 Kal
708 1914 812 1973 τοῦτον
836 1911 893 1986 μὲν
915 1909 950 1981 δίη
975 1913 1089 1974 τοῦτον.
1116 1908 1236 1974 Iterum
1261 1906 1455 1995 particulam

262 2012 323 2096 ἄρον
356 2013 544 2082 offendimus
574 2017 608 2078 in
638 2013 757 2080 scholio
789 2015 828 2080 ad
851 2018 1072 2081 suavissimam
1100 2023 1241 2101 partem,
1266 2016 1322 2081 ubi
1343 2011 1458 2080 Ulixss

261 2126 370 2188 narrat
414 2122 571 2205 quomodo
613 2121 647 2185 in
681 2119 793 2201 Circen
826 2123 935 2188 stricto
972 2122 1080 2210 gladio
1123 2125 1252 2188 irruerit
1294 2123 1324 2192 si
1366 2121 1459 2206 quasi

261 2233 399 2294 mortem
423 2229 585 2293 minitans.
611 2229 627 2302 ri
652 2228 682 2292 δὲ
708 2227 797 2306 μένον
817 2226 954 2308 ίοθχουοοο
972 2226 1129 2307 ὑπέδραμε
1150 2230 1203 2294 κοοί
1226 2228 1311 2305 λάβε
1330 2229 1457 2304 γούνων.

264 2337 315 2421 (κ,
338 2355 383 2401 rs.
411 2332 502 2418 323).
527 2333 579 2399 Ibi
602 2335 743 2405 ουτοκοὺτ
770 2337 898 2412 mirari,
923 2355 1037 2422 parum
1062 2355 1217 2400 memores
1241 2355 1351 2400 eorum
1375 2353 1458 2419 quas

261 2444 294 2507 in
330 2441 431 2508 Iliade
466 2441 618 2528 legerant.
656 2442 706 2506 θοοὶ
741 2440 775 2506 τί
808 2440 839 2506 δὲ
875 2442 1013 2520 ἕφοβνίθη
1047 2445 1063 2517 ἡ
1095 2443 1186 2521 Κίρκη
1218 2442 1253 2507 τὸ
1286 2439 1376 2522 ξίφος
1401 2443 1457 2504 τοῦ

261 2548 432 2620 Ὀδυσσέως
465 2549 519 2614 θεοί
551 2545 642 2626 οὗτοι,Ι
676 2547 895 2636 Respondsiur
925 2551 1021 2615 varie.
1055 2550 1163 2627 φαμὲν
1190 2541 1235 2613 θτν
1261 2548 1331 2619 τοὺς
1356 2545 1456 2610 τολὺν

260 2656 367 2736 χρόνον
404 2651 519 2734 ζῶντος
555 2654 722 2733 δαίμονος,
759 2653 880 2736 θοινοίτῳ
915 2655 947 2721 il
982 2653 1062 2732 θροωο
1095 2652 1455 2737 κωθυτοβοολλομθνονς,

262 2761 344 2834 θεοὺς
376 2762 476 2826 είωθεν
499 2761 656 2842 θνοροοίζενν
680 2761 694 2826 θ
718 2766 857 2837 τονητης.
883 2761 899 2836 ἢ
925 2769 1060 2843 Φυσικῶς
1085 2761 1236 2844 φοβεῖται
1260 2761 1294 2826 τί
1319 2757 1409 2840 ξίφος
1437 2761 1455 2834 ἦ

260 2867 373 2948 Κίρκη,
406 2869 444 2940 ὥς
477 2869 529 2932 sal
563 2864 667 2940 ἄλλως
699 2869 786 2941 τννοὶο
818 2865 897 2940 θλοος
930 2869 1007 2940 τινὲς
1031 2874 1090 2933 τῶν
1113 2868 1276 2945 δωνριθνων,
1304 2883 1376 2932 κτλ.
1401 2866 1455 2951 (ex

261 2971 375 3058 Hui),
405 2993 486 3058 quas
517 2971 733 3061 Porphyrium
762 2978 898 3060 sapiunt.
928 2973 951 3060 ¹)
986 2973 1121 3042 Bruuius
1152 2972 1193 3039 T:
1229 2975 1348 3049 irari
1380 2971 1455 3053 ἄρον

261 3081 303 3146 οὗ
335 3079 513 3165 τοθντωο,
545 3081 633 3145 aaa&
662 3084 717 3156 την
746 3085 852 3162 τρῶσεν
882 3081 1050 3164 φοβεῖτοον,
1084 3084 1232 3166 quassis
1256 3081 1457 3167 edliaplans

261 3188 456 3252 eontrarium
490 3185 601 3252 dicuni
635 3208 766 3274 sorum,
801 3208 881 3273 quaa
916 3195 1025 3254 auctor
1057 3187 1170 3255 uoluit.
1220 3187 1304 3269 Quid
1339 3191 1456 3255 enim?

260 3291 352 3359 (liras
375 3292 433 3358 dea
457 3298 596 3358 vocatur.
633 3296 787 3360 Attamen
813 3293 918 3360 Ulixis
941 3316 1048 3361 ensem
1068 3295 1261 3361 reformidas
1301 3293 1456 3362 Poluiius

260 3402 368 3486 iisque
403 3402 448 3466 siu
483 3399 562 3464 disi:
600 3422 663 3466 non
697 3403 801 3489 igitur
834 3407 902 3468 iola
931 3401 1077 3467 mortalis
1108 3408 1172 3478 ast,
1205 3402 1259 3467 ssd
1292 3400 1457 3468 vulnerari

260 3504 397 3574 metuit?
420 3506 528 3573 Immo
551 3527 645 3573 varo:
670 3527 732 3573 uon
756 3510 858 3596 igitur
877 3514 945 3575 iota
966 3509 1142 3574 κ’νκοιονίοίὶο
1162 3514 1227 3594 ssi,
1247 3513 1280 3573 ai
1307 3508 1455 3573 οίθοίνοο-

259 3637 324 3686 τοο
358 3611 420 3696 θρο
450 3615 483 3679 ού
516 3613 639 3687 τοίντως
670 3616 777 3701 potius
807 3622 1054 3702 expectaremus.
1102 3613 1165 3681 aad
1195 3634 1244 3680 rss
1275 3613 1364 3680 salva
1387 3609 1456 3692 ast,¹

259 3725 418 3788 commata
449 3721 553 3806 posito
585 3721 669 3786 inias
699 3717 759 3802 ἄρον
790 3729 822 3788 si
853 3723 886 3788 οὐ
919 3724 1027 3789 omnia
1058 3722 1136 3787 bens
1160 3720 1337 3786 habebunt:
1362 3723 1454 3797 θνητίρ

259 3825 334 3910 ἄρον,
371 3830 403 3894 οθ
439 3825 580 3912 τοίντως,
616 3828 704 3893 elaad
739 3832 794 3902 τὴν
829 3837 935 3910 τρῶονν
967 3829 1128 3911 φοβεῖταί.
1174 3827 1283 3916 Igitur
1305 3828 1453 3895 mortalis

259 3942 324 4015 ast,
360 3937 479 4021 inquii,
514 3954 576 4000 non
610 3934 740 4020 quidem
775 3939 862 4012 isia,
899 3941 933 4002 ai
966 3939 1001 4000 iu
1036 3957 1073 4002 ss
1107 3940 1214 4002 tamen
1249 3934 1332 4023 quud
1368 3935 1452 4004 laedi

257 4042 463 4119 reformidat,
497 4062 578 4127 quae
609 4047 673 4121 ssi,
703 4049 741 4109 ui
764 4043 927 4127 vidimus,
951 4041 1121 4130 Porphyrii
1144 4045 1310 4108 sententia.
1360 4042 1452 4123 Quod

257 4151 293 4215 in
324 4169 360 4216 ea
391 4151 573 4236 quaestione
598 4151 783 4235 respondere
807 4149 1083 4235 simplicissimum
1108 4149 1206 4233 forat,
1233 4149 1307 4215 deos
1330 4148 1452 4216 Home·

255 4323 400 4336 -...-.-

292 4409 316 4468 l)
342 4407 476 4458 Cohsurunt
498 4407 562 4458 sulm
585 4423 638 4458 cum
661 4407 690 4456 ils
713 4423 773 4472 quar
793 4409 905 4472 leguntur
923 4407 952 4456 ad
969 4423 1002 4456 vs.
1022 4407 1345 4468 saumariorum
1366 4413 1389 4458 ui
1410 4425 1452 4460 suo

257 4489 309 4541 loss
327 4491 472 4541 manniatur.
