3318 5138
825 293 889 362 148

262 485 347 552 eolus
381 485 549 571 inepiivii,
587 485 641 550 sed
677 506 751 552 eum
789 485 969 574 Hesychio‚
1004 507 1079 554 enm
1120 485 1339 576 Etymologie,
1376 508 1450 553 oum

259 593 480 679 Epimeriemie
511 591 712 668 Homericis,
738 594 890 679 quicum
916 598 1046 661 eeeterie
1070 595 1214 662 uberionn
1238 595 1331 679 dent,
1360 615 1451 680 prop-

259 705 345 766 teron
363 703 390 766 ei
414 702 495 764 tanti
514 707 562 764 eet
580 699 780 784 aliquantum
801 703 978 788 corrigendi
999 712 1082 768 sunt.
1108 701 1154 768 Hi
1173 704 1276 790 igitur
1287 704 1348 767 ite:
1365 710 1389 766 K
1392 727 1413 802 ρ
1423 701 1450 765 ἑ-

258 811 354 889 Φαςε
388 839 475 856 ---
498 807 524 870 oi
554 807 611 880 μὲν
641 807 726 871 κριτοὶ
758 806 895 886 στέρησιν
927 814 981 873 τοῦ
1009 811 1127 891 Φθους,
1153 808 1267 887 νέφους,
1301 808 1393 890 (haee
1416 809 1449 872 in

257 933 315 979 eno
339 934 454 1003 genere
478 913 595 978 melino
619 913 736 979 hebeni
759 913 1016 1003 Etymologioa,)
1040 915 1093 980 καί
1116 916 1300 995 πλεονασμῷ
1324 919 1378 979 τοῦ
1410 938 1446 990 κ,

258 1022 296 1093 ὡς
328 1021 358 1086 έν
381 1021 424 1102 τῷ
449 1021 563 1093 κτύπος
588 1021 640 1085 καί
665 1020 799 1101 καυλθς,
825 1025 962 1104 κνέφας·
1099 1023 1123 1088 οί
1148 1021 1179 1087 δέ
1203 1025 1235 1088 οὐ
1256 1021 1451 1098 πλεονασμὸν

259 1125 335 1198 εἶναι
371 1133 424 1195 τοῦ
459 1155 478 1196 κ
508 1127 667 1206 λέγουσιν,
700 1129 788 1195 ἄλλοί
819 1136 900 1212 Φασι
934 1132 1046 1197 κενδν
1073 1131 1115 1195 τὸ
1147 1129 1251 1212 Φοίος
1275 1130 1449 1209 κνέφας·

259 1237 325 1303 καί
350 1239 458 1305 κατὰ
482 1237 711 1320 σνγκστιίν,
735 1234 834 1317 ὥσπερ
859 1238 912 1302 καί
936 1239 970 1304 σθ
995 1236 1136 1304 ιινιέσσειν
1160 1252 1229 1301 κτλ.
1277 1235 1340 1302 Sed
1363 1235 1450 1324 lege·

259 1365 349 1411 mus:
374 1347 399 1410 οί
424 1345 456 1409 δέ
479 1346 512 1410 σθ
536 1345 730 1421 πλεονασμὸν
749 1340 826 1410 εἶναι
846 1350 899 1410 τοῦ
920 1371 938 1411 κ
956 1345 1110 1423 λέγουσιν,
1130 1342 1219 1410 οὶλλοί
1237 1351 1317 1425 Φασι
1339 1342 1450 1408 κενὸν

259 1457 327 1518 τοῦ
360 1450 490 1534 Φοίυυς
523 1449 717 1538 κενέΦοις,
750 1451 802 1516 καί
832 1453 917 1517 κατὰ
948 1456 1107 1531 συγκυτην
1135 1450 1327 1537 (κνέφας),
1350 1446 1449 1530 ὥσπερ

260 1583 290 1626 κ.
304 1585 334 1625 τ.
359 1560 500 1624 κνθσσειν
525 1573 595 1624 κτλ.
621 1557 686 1624 Sed
707 1559 785 1626 heeo
808 1559 971 1626 haetenus.

305 1798 338 1852 γ,
366 1771 441 1842 378.
465 1772 613 1841 Minerva
635 1775 704 1840 ovio
726 1775 863 1861 speeiem
883 1773 995 1840 indute
1015 1773 1131 1841 evolet.
1156 1773 1259 1854 Quem
1278 1792 1450 1862 egnoeeene

258 1878 374 1948 Nestor
397 1879 571 1949 admiranti
589 1882 704 1948 'iuveni

395 1991 427 2055 οὐ
452 1988 507 2065 μέν
532 1986 595 2067 γοίρ
618 2012 664 2061 τις
688 1987 731 2055 ιδ’
752 1985 849 2059 ἄλλος
873 1986 1039 2063 Ὀλύμπια
1065 1987 1184 2065 δώματ’
1209 1986 1350 2069 έχθντυν,

394 2093 482 2160 ἀλλὰ
507 2095 579 2168 Διὸς
599 2092 756 2175 θυγοίτηρ,
782 2093 909 2170 κυδίστη
932 2093 1153 2175 Τριτογένεια,

397 2201 416 2280 ἥ
438 2223 483 2267 σοι
507 2201 560 2266 καί
585 2201 694 2281 πατέρ’
718 2201 823 2266 έσθλθν
848 2202 877 2265 έν
900 2202 1082 2282 Ἀργείοισιν
1106 2202 1213 2278 έτίμοι.
1348 2255 1361 2291 ,

259 2309 351 2376 Unde
383 2309 461 2374 haee
496 2307 624 2374 Nestori
647 2305 800 2375 scientie?
825 2305 1024 2389 Στοχθζετοιι
1049 2309 1116 2390 θφ·
1141 2304 1185 2374 ev
1211 2307 1263 2373 καί
1288 2309 1319 2372 έν
1343 2308 1451 2375 Ἰλιοίδι

260 2415 533 2499 παρηκολούθησεν.
558 2417 722 2494 ἀναγκαία
745 2417 776 2481 δέ
800 2419 852 2480 νῦν
876 2418 893 2492 η
919 2416 985 2496 περὶ
1005 2416 1056 2482 τὸν
1082 2417 1166 2482 θεὸν
1191 2415 1379 2496 ἐπιφάνεια,
1400 2411 1450 2480 ἵνα

260 2525 312 2592 καί
345 2519 419 2589 θταν
449 2522 618 2594 Ὀδυσσεὺς
649 2525 679 2588 ἐν
709 2525 752 2604 τῷ
784 2522 856 2603 πρὸς
889 2521 1083 2606 Τηλέμαχον
1114 2526 1336 2604 θναγνωρισριῷ
1373 2523 1453 2605 λέγη

262 2630 383 2714 „atinde
414 2652 460 2695 τοι
491 2629 561 2695 τθδε
591 2628 676 2710 ἔργον
710 2628 874 2705 Ἀθηναίης
904 2629 1071 2708 οὶγελείης”
1095 2630 1134 2717 (τ
1158 2629 1249 2710 207),
1275 2627 1410 2696 σιστειίοι
1437 2630 1451 2694 δ

260 2739 321 2813 νέος
354 2734 627 2816 ντροιιοιτηχημένυς
660 2734 717 2800 ono
747 2741 800 2802 τοῦ
823 2735 972 2816 Νέστορος
995 2733 1040 2802 θ’τι
1065 2743 1157 2819 Φιλεῖ
1178 2736 1230 2802 τὸν
1253 2735 1409 2804 Ὀδυσσέα
1434 2740 1452 2812 ἦ

260 2847 387 2920 Ἀθηνᾶ.
421 2843 484 2932 (Q.)
518 2845 579 2909 Pro
609 2844 670 2923 ἀφ’
701 2839 739 2908 ὧν
769 2843 883 2910 malim
907 2844 968 2924 ἀφ’
991 2839 1042 2910 οὖ.
1089 2843 1212 2909 Verum
1234 2844 1295 2910 hoo
1318 2847 1453 2909 minoris

260 2954 417 3019 momenti
452 2961 500 3018 eet
531 2972 605 3036 pree
634 2952 770 3016 immoni
801 2952 986 3025 oeoitentio.
1019 2971 1100 3036 queo
1129 2954 1293 3036 sequentia
1317 2949 1452 3016 mirifioe

260 3061 423 3148 pervertit.
470 3057 553 3124 Nem
586 3058 662 3143 quid
692 3077 808 3144 quaeso
839 3057 901 3123 eibi
930 3056 1003 3124 vult
1026 3060 1043 3132 η
1068 3057 1156 3136 τερί
1180 3059 1248 3121 τδν
1273 3057 1359 3123 θεὸν
1383 3059 1452 3124 ἔτι·

260 3163 399 3253 φοίνειαί
434 3164 657 3253 Intellegerem
686 3165 703 3239 ἡ
735 3170 803 3238 τῆς
839 3165 945 3240 θεοῦ,
980 3163 1016 3251 (i.
1028 3186 1056 3231 e.
1080 3165 1240 3245 Ἀθηνᾶς),
1266 3163 1451 3246 έσιφοίνεια,

260 3296 361 3362 neque
393 3277 501 3339 temen
532 3273 592 3338 hoo
620 3292 677 3358 pro
704 3271 762 3338 illo
785 3272 1010 3359 reponendum.
1057 3271 1231 3358 Sonipeemi
1254 3271 1451 3352 Scholiasta,

259 3387 288 3450 ei
322 3387 407 3448 reete
441 3380 551 3445 video:
588 3379 754 3457 οὶνοογκαίοι
784 3379 814 3444 δέ
847 3383 896 3443 νῦν
929 3380 946 3454 ἦ
977 3379 1044 3458 περί
1076 3379 1128 3444 τὸν
1160 3377 1244 3443 νέον
1267 3377 1449 3460 ἐπιφάνεια.

261 3488 352 3571 Quod
379 3489 409 3552 ei
437 3485 501 3552 loci
532 3487 689 3552 sententie
719 3487 798 3552 bene
829 3491 992 3572 perspecte
1014 3507 1077 3552 non
1099 3489 1164 3552 iem
1188 3489 1265 3552 entis
1288 3506 1452 3552 commen-

261 3597 366 3679 davit,
391 3590 700 3659 commendationem
727 3592 862 3678 accipiet
885 3613 924 3658 ex
947 3591 1074 3659 Scholio
1099 3592 1182 3677 qood
1205 3595 1238 3657 in
1261 3575 1388 3674 EHMQ
1413 3593 1453 3660 ed

260 3724 306 3770 vs.
333 3699 399 3768 372
423 3699 620 3785 adscriptum
642 3698 728 3764 houd
752 3699 848 3764 dubie
873 3721 948 3764 oum
972 3719 1027 3778 eo,
1052 3700 1090 3765 de
1115 3717 1176 3784 quo
1200 3719 1283 3764 nuno
1307 3702 1448 3788 egimus,

261 3809 466 3877 coniunctum
490 3805 571 3889 fuit,
595 3811 679 3872 certe
700 3805 958 3894 coniungendnm
979 3806 1124 3896 videt-nn:
1146 3807 1172 3870 οί
1193 3807 1249 3882 μὲν
1268 3807 1331 3886 γὰρ
1344 3808 1451 3872 Πύλιοι

261 3912 504 3994 ἐξεπλάγησαν,
540 3911 666 3992 Νέστωρ
702 3913 733 3977 δέ
767 3915 799 3978 οὐ
835 3917 925 3978 τοῦτο
958 3913 1129 3994 θαυμοίζει,
1165 3909 1224 3977 οἵτε
1258 3913 1295 3986 eo
1329 3916 1451 3988 πολλαὶς

261 4021 446 4107 ἐπιφανείας
478 4019 722 4098 θεῶνέοιροικιθς,
749 4019 825 4084 ἀλλ’
850 4013 909 4084 ὅτι
933 4019 1105 4099 νεωτέρῳ
1130 4017 1160 4106 (θ
1167 4043 1226 4084 ντι
1249 4019 1452 4087 inserendum

259 4153 298 4198 ex
317 4128 525 4197 contractiore
547 4125 588 4192 ed
614 4125 644 4189 h.
659 4123 680 4190 1.
706 4123 833 4193 Scholio
856 4126 969 4194 itidem
994 4146 1033 4191 ex
1057 4125 1109 4202 Η,
1135 4127 1192 4191 ubi
1216 4124 1269 4207 νέῳ
1299 4125 1374 4214 θντι)
1400 4131 1450 4210 τῷ

258 4233 500 4316 Τηλεμάχῳ
527 4231 880 4307 συνηκολούθησεν
905 4233 1061 4308 Ἀθηνᾶ.

301 4445 354 4512 Ad
388 4443 525 4512 eundem
561 4461 690 4511 veroum
720 4442 754 4508 in
786 4437 901 4510 Oodioe
930 4439 1109 4529 elegitur
1140 4439 1336 4530 etymologia
1360 4443 1448 4508 vooie
