3220 5144
705 339 772 411 489

139 535 304 622 Sophoclis
327 535 403 602 Oed.
427 534 538 604 Oclon.
564 535 620 621 (us.
644 533 723 620 705)
748 541 779 601 ci
803 533 963 623 Aeschylo
988 535 1162 620 (Promctb.
1185 557 1230 602 vs.
1252 533 1332 621 359)

139 641 418 729 compluribusque
449 642 522 708 aliia
553 645 600 708 ita
630 643 695 709 lere
725 642 1003 730 redintegrandae:
1034 639 1177 718 ὀξυτόνως
1215 642 1265 707 iuri
1290 645 1333 726 τῷ

142 751 343 827 καταιβαταὶ
380 750 525 835 (θύραν
563 749 629 813 ε’τὶ
667 750 704 814 δὲ
739 753 788 830 τῷ
826 747 1100 827 Καταιβοὶτιες
1137 749 1233 822 Ζεὺς
1264 749 1332 814 καῖ

142 858 334 936 κεραυνὸς
359 857 426 921 καὶ
451 863 535 928 τοῖς
559 857 762 927 τοιούτοις
781 853 1099 942 ταροξυτόνως)ῖ
1124 860 1167 922 De
1191 857 1240 920 ἐπὶ
1260 877 1333 921 cum

142 965 269 1040 dativo,
294 965 352 1029 ubi
375 965 563 1051 genetivum
587 971 844 1048 expectaremus,
869 965 953 1048 apud
977 963 1205 1050 grammaticos
1230 965 1333 1048 posito

142 1071 316 1137 satisfaciet
339 1069 461 1137 Lebrsii
488 1070 662 1157 disputatio
683 1073 752 1136 eine
773 1069 953 1135 Herodiano
972 1071 1098 1148 addita,
1119 1090 1150 1157 p.
1165 1071 1230 1134 449
1247 1075 1331 1154 ec'qq.

60 1275 65 1282 ¹
188 1307 221 1360 ν,
256 1281 329 1347 174.
378 1282 427 1347 Ad
459 1285 575 1358 τομτοῖ
611 1283 768 1359 οῖτιὶμονες
798 1283 1005 1348 adscribitur:
1038 1280 1083 1348 ire
1116 1283 1166 1346 καῖ
1201 1289 1260 1347 τοῖν
1290 1283 1334 1360 μὴ

143 1386 275 1462 &suffice
298 1389 473 1474 ἀπήμονες,
498 1389 542 1465 μὴ
567 1389 673 1462 ἐῶντες
694 1389 805 1460 αὐτοὺς
825 1390 1041 1466 πημαίνεοθαι.
1059 1390 1112 1477 (Q)
1130 1389 1215 1454 Nota
1226 1386 1336 1475 procul

144 1494 242 1560 dubio
274 1497 446 1561 Aristonici
477 1503 525 1562 eet
555 1503 738 1581 spectatque
760 1496 920 1581 duplicem
945 1497 1032 1562 vocis
1055 1497 1190 1573 ιῖτήμων
1214 1493 1335 1581 signifi-

143 1605 319 1686 cationem,
343 1609 375 1667 et
397 1605 556 1688 passivam
580 1618 612 1667 ec
637 1639 677 1657 «-
702 1623 782 1688 quac
806 1603 857 1668 bic
881 1604 1004 1668 obtinet
1028 1639 1070 1652 -
1096 1605 1254 1679 activam,
1280 1604 1347 1666 τοῦ.

143 1712 187 1787 μὴ
219 1711 422 1785 πνρμαῖνοντος
455 1710 527 1786 μηδ’
561 1710 666 1781 ἐῶντδς
691 1733 760 1773 τινα
785 1711 1004 1784 enucleandas.
1042 1708 1104 1776 Sed
1128 1713 1199 1796 quis
1227 1730 1265 1774 cx
1289 1709 1334 1787 μὶν

147 1814 280 1891 ἀναξίων
304 1815 364 1880 boc
388 1813 562 1880 extundet?
597 1814 643 1881 Ut
666 1819 760 1900 insit,
786 1817 1007 1904 corrigendum
1033 1818 1192 1902 suspicor:
1218 1812 1263 1881 ῖτι
1284 1817 1337 1881 καῖ

145 1923 238 2009 (ἐπὶ)
270 1930 328 1987 τῶν
360 1925 404 1998 μὴ
438 1920 636 1988 strenua
660 1927 826 1999 ἀπήμονες.
864 1921 1031 1988 Caeterum
1056 1932 1165 1989 uocem
1190 1924 1249 1990 boc
1272 1926 1337 2008 sig·

143 2027 275 2094 nificatu
299 2032 424 2114 saepius
448 2035 663 2094 occurrentem
687 2030 747 2097 boc
770 2051 834 2095 unc
858 2028 943 2113 loco,
962 2032 1001 2094 ni
1025 2028 1128 2113 fallor,
1153 2050 1192 2095 ex
1215 2029 1338 2095 Aristo·

145 2135 216 2200 uico
240 2139 382 2200 notatam
406 2135 571 2200 habemus.

192 2371 225 2422 ν,
250 2343 327 2410 214.
374 2345 521 2410 Τι’νοταιε
548 2343 641 2419 οὕτως
663 2346 801 2431 τίνυται,
822 2355 961 2428 τιμωρεῖ,
985 2343 1119 2426 κολάζει.
1134 2345 1193 2432 (Η)
1205 2345 1339 2433 Oportet

150 2455 269 2517 usitata
299 2451 420 2518 forme:
444 2461 710 2530 τιμωρεῖται,
735 2461 772 2518 ut
794 2455 877 2519 inira
899 2453 928 2541 (ν
951 2451 1049 2538 soti:
1073 2451 1123 2518 ἵνἰι
1146 2455 1217 2536 δοκῇ
1241 2477 1339 2532 τιμω-

147 2561 260 2640 ρεῖσθαι
286 2558 356 2632 τοὺς
381 2560 562 2638 ὶτοττερεῖν
586 2559 680 2624 αὐτὸν
703 2561 935 2641 ἐπιχειροῦντας
961 2566 993 2626 et
1015 2585 1031 2624 ν
1054 2559 1139 2628 387:
1169 2562 1238 2634 τοὺς
1263 2585 1337 2640 μνη·

147 2674 267 2744 ττιῖρας
286 2665 505 2748 τιμωρήσεται.
531 2665 571 2732 Et
595 2669 641 2732 lta
663 2665 869 2752 Apollonius:
895 2667 1121 2734 Τῖννιινται
1143 2669 1224 2755 (sici
1246 2691 1340 2746 τιμα·

145 2777 266 2854 ροῦνται
292 2768 330 2859 ¹).

192 3009 228 3060 ν,
253 2982 329 3049 966.
377 2984 493 3052 Narrat
520 2983 631 3050 Ulixes
654 3005 687 3050 se
711 2983 913 3051 Orsilochum
939 2985 1100 3054 Idomenei
1125 2985 1227 3051 filium
1251 3007 1342 3076 neco·⁴

147 3093 251 3168 visse,
273 3093 329 3176 qui
353 3111 385 3156 se
408 3091 525 3176 praeda
548 3091 683 3176 spoliare
708 3090 862 3176 voluerit,

328 3195 422 3263 οὕνεκ’
447 3195 495 3276 ἄρ’
519 3199 580 3278 οὐχ
603 3192 624 3280 ᾧ
649 3197 744 3276 πατρὶ
769 3197 968 3279 χαριζόμενος
993 3199 1155 3278 θεράπευον

328 3305 413 3386 δήμῳ
437 3304 477 3368 ἐνὶ
502 3309 625 3388 Τρώων,
653 3301 727 3369 ἄλλ’
751 3302 855 3370 ἄλλων
880 3301 971 3386 ἦρχον
993 3306 1129 3386 ἑταίρων.

148 3409 230 3479 (lum
263 3411 432 3478 lemmate:
464 3411 569 3476 ἄλλων
602 3408 673 3492 ‘loit-
705 3411 749 3476 ἔτ.
780 3419 827 3477 cst
858 3414 892 3477 in
916 3413 967 3478 H:
992 3414 1137 3479 durinci
1162 3416 1339 3494 βασιλεύων

146 3520 187 3598 τῷ
223 3519 380 3595 Ἰδομενεῖ.
418 3515 564 3585 Scribam
596 3517 712 3584 calami
741 3517 833 3604 lapsu
866 3519 942 3585 baec
966 3521 1089 3588 dedisse
1112 3521 1240 3588 credam
1263 3543 1337 3608 pro:

146 3625 214 3690 clari
238 3628 291 3688 τοῦ
316 3625 558 3704 θεραπεύειν
582 3627 625 3707 τῷ
649 3627 806 3704 Ἰδομενεῖ.

191 3865 221 3916 ν,
248 3835 439 3914 320-2-321.
486 3837 682 3904 Νιῖειῖονται.
708 3841 761 3902 οὐκ
785 3837 823 3904 ἂν
847 3841 1000 3920 παρούσης
1025 3851 1080 3917 τῆς
1106 3845 1235 3917 Ἀθηναῖο
1262 3845 1337 3918 θεοῖς

144 3946 289 4020 ἀναθήσει
313 3947 368 4021 τὴν
393 3945 553 4022 σωτηρίαν.
578 3945 636 4031 (Η)
661 3943 795 4030 Oportet
819 3949 872 4010 οὐκ
892 3945 931 4012 ῖον
947 3983 967 3997 -
982 3951 1191 4024 -οῖναῖιὶεῖν.
1217 3950 1334 4039 Negle·

144 4058 256 4142 genter
278 4053 355 4118 baec
377 4057 525 4139 excerpta
547 4073 586 4117 ex
606 4051 814 4137 amplioribus
835 4074 914 4138 quae
934 4055 1142 4139 praecedunt.
1164 4060 1211 4122 ita
1223 4064 1342 4126 teman.

145 4164 182 4224 ut
216 4161 323 4225 aerius
364 4157 496 4225 fortasse
537 4159 710 4224 Aristonici
752 4157 908 4223 dictionem
944 4159 1080 4227 referent
1118 4183 1215 4248 quam
1253 4185 1332 4250 quae

151 4329 323 4340 ....-.--..-.-.

178 4423 203 4484 l)
223 4419 250 4467 bi
268 4419 392 4479 (Venetus)
409 4420 433 4466 ct
452 4417 471 4464 V
490 4415 653 4480 (Monacensis
670 4418 727 4478 2333
744 4417 846 4466 ubertas.
865 4433 921 4478 accc.
943 4419 999 4482 XV)
1018 4419 1080 4484 apud
1096 4419 1259 4469 Ludwicbiuru
1270 4425 1333 4470 uter·

143 4526 189 4574 que
206 4509 302 4575 praebet
321 4502 471 4570 τιμωρεῖται.
