3318 5138
874 359 939 428 110

313 548 360 628 „ol
383 552 414 616 δὲ
438 549 526 628 μένος
550 554 659 630 χειρῶν
683 550 746 624 ἰθὺς
770 551 957 634 φέρον”’(Ε,
984 550 1075 640 506).
1099 548 1145 616 ότι
1169 549 1201 616 δέ
1226 550 1260 616 τό
1285 553 1374 631 μένος
1400 551 1502 626 σθένος
1540 631 1545 642 q

313 658 391 743 (iam
426 663 555 745 apparet
592 679 648 724 cur
681 659 759 726 haec
794 659 940 726 attulerit
971 659 1185 748 Porphyrius,
1217 661 1301 746 quod
1331 663 1366 726 in
1395 667 1503 730 nostre

311 767 449 851 epitome
478 765 648 832 obscurum
680 769 761 852 erat)
794 767 939 846 ,πάντως
968 768 1001 833 σί
1027 767 1142 853 (immo
1165 761 1257 850 οίον)
1283 766 1356 846 ἐμόν
1379 770 1437 854 (γε
1463 791 1504 835 ax

311 871 452 938 Homero
485 872 679 959 addendum)
702 873 791 952 μένος
815 875 866 940 cci
892 881 995 956 χεῖρες
1018 871 1153 940 dcccc?
1176 871 1363 947 είπόντος
1389 873 1501 953 Διός,

313 973 368 1058 ,εὖ
400 977 451 1044 νν”
486 977 587 1058 φησί
623 983 776 1065 (praestat
795 983 924 1069 ,Φοιση
961 982 1032 1065 „ccl
1065 985 1153 1060 ῆμεῖς
1184 980 1272 1060 ίθμεν
1292 977 1313 1048 ό
1332 1006 1376 1048 τοι
1402 983 1502 1056 σθένος

310 1085 563 1174 concessero?
588 1087 633 1159 ὥς
659 1083 790 1156 οὖντὸ
818 1087 976 1164 σθένος,
1002 1085 1191 1154 οὕτωκαὶ
1217 1086 1341 1168 χόλος
1374 1088 1503 1166 μένων

310 1192 429 1271 μένος
473 1192 540 1257 κοί
577 1199 706 1271 μῆνις.
753 1193 843 1261 Haec
876 1193 993 1261 ultima
1027 1196 1115 1261 omni
1149 1177 1242 1260 seusu
1276 1195 1430 1262 destituta
1464 1217 1506 1260 ex

310 1301 485 1388 fragmenti
508 1302 626 1376 nostri,
660 1299 736 1366 licet
767 1307 800 1368 et
830 1305 899 1388 ipsa
931 1305 1078 1387 corrupta
1109 1301 1164 1378 sit,
1194 1301 1328 1368 lectione
1357 1304 1404 1368 ita
1435 1301 1505 1368 red·

310 1405 500 1494 integranda
528 1414 619 1472 sunt:
649 1409 696 1480 ὥς
730 1402 795 1472 οὖν
828 1407 960 1496 (ποιρόι)
988 1407 1030 1472 τό
1055 1408 1202 1494 (σθένω)
1228 1407 1378 1486 σθένος,
1403 1405 1503 1474 οὕτω

310 1515 376 1580 καὶ
420 1514 546 1595 χόλος
588 1513 714 1592 μένων
759 1514 849 1593 μένος
892 1516 943 1580 νισι)
987 1523 1086 1593 μῆνις.
1142 1515 1263 1582 lladem
1297 1515 1393 1581 habet
1424 1514 1505 1604 llty·

309 1620 505 1710 mologlcum
540 1621 695 1709 Magnum
723 1624 746 1687 i.
764 1644 796 1689 v.
828 1621 945 1695 Μένοςτ
979 1623 1065 1703 παρὰ
1089 1622 1123 1688 τό
1146 1621 1225 1702 μένω
1250 1621 1286 1687 τό
1318 1621 1503 1704 ποιροιμένω,

311 1727 416 1814 μένος,
439 1731 485 1800 cic
511 1730 619 1808 ποιρόι
648 1729 691 1794 τό
715 1727 853 1806 σθένω,
878 1728 1020 1802 σθένος.
1058 1726 1224 1796 Consentit
1247 1729 1445 1816 Porphyrius
1469 1732 1504 1794 in

309 1857 456 1922 perverso
497 1835 646 1903 vocabuli
686 1843 775 1910 μῆνις
818 1835 1016 1924 etymologia
1057 1857 1132 1901 cum
1167 1836 1394 1913 Aristarchus,
1432 1835 1502 1923 (cfr.

309 1944 419 2010 Lehrs.
443 1943 585 2024 Quaestt.
610 1942 689 2028 Epp.
715 1964 754 2028 p·
772 1941 838 2026 38.)
864 1949 901 2007 ut
928 1948 1058 2029 apparet¹
1084 1948 1116 2008 et
1145 1963 1184 2008 ex
1203 1941 1368 2028 Apollonii
1386 1941 1503 2009 Laxieo

308 2049 385 2116 licet
402 2035 528 2116 'manco
555 2049 578 2134 1)
612 2055 644 2115 et
673 2069 713 2114 ex
744 2047 880 2115 Scholiis
912 2048 1043 2115 Venetis
1066 2049 1106 2115 ad
1129 2051 1272 2135 primum
1296 2047 1406 2115 Iliadis
1429 2070 1503 2116 vcr-

308 2159 396 2224 bum.
445 2155 584 2222 Venetus
619 2157 705 2220 enim
740 2155 785 2220 A:
824 2163 925 2232 μῆνινι
958 2157 1046 2236 τορός
1076 2156 1110 2221 τό
1143 2155 1222 2232 μένω
1248 2161 1336 2232 μῆνις
1367 2159 1406 2229 ὡς
1439 2153 1501 2228 ένσς

308 2261 381 2340 ῆνις.
425 2263 530 2329 Immo
573 2279 665 2330 vero:
705 2265 792 2343 ποιρόι
826 2264 862 2339 τό
897 2263 976 2341 μένω
1012 2262 1188 2348 (μένος),
1224 2271 1331 2340 μῆνις,
1366 2265 1404 2334 ιίς
1440 2260 1502 2334 ένις

307 2369 387 2450 ῆνις,
424 2369 693 2456 quemadmodum
728 2373 761 2434 et
795 2369 876 2434 ratio
911 2369 1023 2435 suadet
1057 2376 1090 2435 et
1124 2372 1280 2455 scriptura
1311 2369 1425 2436 Veneti
1455 2369 1501 2435 B:

307 2487 395 2558 μῆνις
439 2477 526 2558 πιιρόι
567 2477 602 2542 τό
642 2473 720 2552 μένω
765 2475 802 2538 ἐν
846 2473 1013 2541 ἐντοίσει
1057 2486 1146 2554 μῆνις
1182 2477 1220 2550 τίς
1256 2474 1318 2548 ένος
1354 2471 1432 2553 ἤνις,
1470 2483 1503 2541 et

307 2583 496 2671 explicatius
524 2581 784 2669 Etpmologicum
819 2579 1023 2648 Gudiauum:
1060 2590 1195 2660 μῆνιςε
1230 2581 1294 2648 ἔστι
1327 2583 1414 2661 παρὰ
1446 2583 1502 2656 τῆν

307 2691 500 2770 έμμένοιισοιν
531 2690 621 2768 θρχῆν
653 2690 738 2765 μένις
764 2689 816 2753 xci
841 2691 912 2752 νοντ’
937 2687 1103 2754 ἐπέκτοισιν
1125 2695 1179 2754 τοῦ
1204 2714 1218 2753 ε
1242 2691 1284 2762 είς
1309 2715 1325 2764 n
1349 2696 1448 2766 μῆνις.
1475 2689 1499 2773 ²)

307 2797 376 2864 Iam
400 2797 580 2864 accedimus
603 2795 643 2861 ad
666 2798 765 2861 totius
788 2795 929 2880 prolixae
953 2795 1178 2881 disputationis
1200 2798 1291 2881 quasi
1317 2795 1499 2884 epilogum:

308 2902 375 2969 κοιί
408 2903 522 2969 έστιν
554 2905 571 2978 ῆ
602 2903 658 2981 μέν
691 2901 798 2966 κοιτόι
827 2901 986 2976 κίνησιν
1009 2903 1187 2982 πρόσκαιρος
1213 2905 1286 2981 όργῆ
1310 2902 1427 2982 χόλος,
1452 2905 1501 2967 θν-

307 3011 383 3090 μός·
406 3013 422 3086 ῆ
446 3009 477 3075 δέ
503 3009 664 3083 κίνησις
687 3007 773 3087 μετόι
795 3009 1042 3085 ἀγανακτήσεως
1067 3009 1129 3074 acl
1155 3010 1318 3087 δραστικῆς
1346 3009 1501 3086 ἐνεργείας

307 3116 442 3200 χέεσθαι
474 3114 606 3195 λέχετιιι
637 3115 688 3179 κοί
722 3113 896 3196 σκύζεσθαι.
930 3112 1031 3180 ὥστε
1057 3115 1257 3187 ιἰπόθετος
1282 3114 1353 3194 μὲν
1377 3114 1500 3195 χόλος

307 3223 444 3302 μένος,
469 3223 537 3288 xci
561 3230 681 3302 μῆνις
706 3222 737 3288 δὲ
761 3223 795 3287 τό
821 3221 1054 3300 σέμιίνεσθοιι
1080 3222 1335 3302 ἐπιτηροῦσα
1367 3221 1499 3287 κότον·

307 3331 374 3398 κοί
398 3327 500 3402 όπως
526 3331 621 3410 όρμῆ
645 3327 901 3409 ἐπηρτημένον
926 3329 1034 3406 μετόι
1059 3330 1191 3402 λύπης
1215 3327 1382 3408 ὀρέξεως
1408 3330 1425 3402 ῆ
1449 3329 1500 3407 ip-

307 3438 377 3518 γῆ,
404 3436 472 3502 cccl
497 3431 598 3509 ὅπως
622 3436 728 3501 κοιτόι
753 3432 921 3511 οιιίξῆσιν
945 3440 1013 3500 τοῦ
1037 3436 1161 3514 θυμοῦ
1185 3434 1364 3514 χίνετονι.
1389 3432 1425 3498 In
1449 3434 1502 3500 his

305 3545 540 3621 Buttmannue,
581 3563 775 3628 quamquam
814 3548 871 3608 aut
913 3545 1044 3630 ignarus
1087 3547 1144 3636 aut
1179 3545 1351 3608 immemor
1385 3561 1422 3608 ea
1461 3562 1502 3606 ex

306 3651 551 3735 Quaesticnibus
570 3649 752 3716 Homericis
771 3653 930 3716 contracta
951 3669 1030 3728 esee,
1052 3649 1147 3715 solita
1166 3652 1340 3737 sagacitate
1360 3647 1502 3735 plurima

341 3907 365 3968 1)
387 3905 485 3954 Editor:
515 3905 622 3964 μῆνιςε
652 3899 665 3948 ό
692 3899 738 3962 μέν
765 3893 855 3950 ’λπίων
879 3896 963 3960 μόιις·
991 3900 1015 3948 σί
1036 3899 1086 3963 pap
1113 3894 1263 3964 θργιζθμσνοί
1282 3915 1332 3956 ποις
1358 3898 1501 3960 μαίνονται·

305 3990 474 4060 Ἀρίσταρχος
503 3990 528 4042 δέ
557 3993 628 4048 κότος
656 3992 815 4055 πολυχρόνιος
843 3987 892 4040 ἀπὸ
918 3991 964 4038 τοῦ
989 3983 1121 4050 ἐγνιῒσθοιι.
1155 3991 1251 4056 Sprcvlt
1274 3990 1399 4040 Belleros
1421 3990 1502 4040 nescio

305 4087 422 4152 quomodo
440 4085 502 4149 quod
519 4081 641 4133 Albertiua
658 4083 706 4133 iam
724 4083 857 4133 Villoisono
874 4084 934 4132 teste
954 4082 1112 4132 certissimum
1129 4081 1347 4132 commendaveram
1368 4075 1502 4144 Ἀρίσταρ-

305 4191 352 4240 χος
375 4173 402 4225 δέ
421 4175 474 4224 atr.
497 4181 605 4236 πολυχρ.
625 4170 674 4222 ἀπό
694 4166 763 4235 (τοῦ
782 4168 902 4236 μένειν)
922 4174 968 4220 τοῦ
986 4167 1118 4233 ἐγκεῖσθαι.

338 4259 366 4322 2)
384 4259 444 4308 Cum
462 4257 571 4307 (ludisne
589 4255 731 4306 conferenda
749 4257 784 4304 eat
802 4255 895 4321 prolixa
912 4255 989 4321 glossa
1006 4255 1110 4320 Epimm.
1129 4255 1227 4304 Homm.
1239 4257 1275 4314 .(t.
1289 4254 1308 4302 1.
1324 4270 1347 4318 p.
1364 4253 1421 4313 282,
1431 4254 1501 4316 283),

303 4365 331 4398 οι
348 4363 396 4414 qua
412 4347 470 4396 hacc
487 4363 622 4412 excerpam:
652 4345 718 4408 παρόν
745 4347 806 4406 γοῦν
824 4344 855 4395 τό
874 4349 935 4406 μένοι
955 4343 1018 4406 μίνις
1037 4342 1086 4393 aas
1098 4348 1182 4404 μῆνις,
1201 4342 1243 4392 net
1261 4338 1361 4393 ἐκτάσει
1376 4345 1422 4392 τοῦ
1437 4360 1449 4393 ε
1465 4345 1501 4401 είς

303 4457 334 4497 νς,
353 4437 383 4494 ές
401 4433 453 4493 ένος
470 4436 593 4494 ἐνιαυτός,
614 4432 658 4493 ένις
677 4433 720 4485 καί
738 4431 804 4495 ῆνις,
822 4431 905 4494 ίίνιθσς.
932 4433 1080 4502 lugendum:
1099 4431 1260 4496 --μένις,
1279 4433 1321 4482 acci
1339 4437 1408 4496 μῆνις
1426 4428 1501 4484 κατ’

305 4523 444 4580 ίιιτιισιν
462 4528 508 4576 τοῦ
527 4541 539 4575 ι
558 4525 591 4586 τίς
609 4544 633 4588 η.
