3330 5144
839 331 905 400 224

324 549 361 602 ο,
386 523 440 590 64.
477 526 527 591 Ad
556 523 719 600 ξεινοδόκος
752 525 921 591 adnotatur
944 526 978 587 in
1002 523 1053 588 H:
1080 523 1093 587 ό
1117 521 1187 593 τοὺς
1209 520 1311 597 ξένους
1337 519 1473 608 (ξενοδς,

279 631 338 696 hoc
366 635 512 709 accentu,
543 638 574 696 et
607 629 775 697 Cramerus
805 637 837 696 et
859 627 1055 716 Dindorfius)
1079 630 1315 710 ὑποδεχόμενος,
1342 629 1394 694 διδ
1418 633 1472 693 τοῦ

278 761 297 801 ιι
330 737 400 802 cirri
436 741 489 803 τοῖν
525 763 568 820 χ,
607 741 655 810 ὦς’
682 737 850 816 όοτοδόκος,
882 739 929 824 [ἦ]
962 737 1025 801 deri
1056 741 1110 802 τοῦ
1140 737 1298 818 δόχεοόοιι.
1344 737 1469 813 Imm0‚

279 846 396 910 omisso
431 843 448 919 ό
484 883 523 893 -
557 847 646 929 quasi
680 865 762 910 nora
798 845 956 910 accederet
987 847 1076 932 origo
1111 882 1151 891 -
1176 843 1406 930 supplendum:
1432 846 1471 914 dc

278 949 455 1034 ἱοτοδόιιΗ,
491 951 552 1015 clad
588 956 641 1015 τοῦ
679 952 817 1036 (ἱστόν)
855 950 1010 1030 δέχεοόνιι.
1058 949 1187 1015 Etenim
1224 954 1257 1015 et
1290 950 1344 1015 hie
1379 949 1395 1024 ἥ
1433 971 1470 1015 ex

280 1062 419 1122 correcto
449 1055 607 1122 scribendi
639 1078 740 1123 errore
771 1063 893 1122 natum.
930 1055 1087 1121 Similiter
1117 1057 1156 1122 ad
1187 1066 1209 1120 Γ
1236 1055 1319 1121 354:
1343 1057 1392 1122 διοὶ
1417 1061 1471 1121 τοῦ

277 1157 301 1225 κ’
323 1165 362 1233 ὡς
387 1162 562 1228 πανδοκεῖον
589 1163 714 1250 (ABL),
739 1185 801 1249 quo
825 1163 933 1228 eodem
959 1162 1028 1228 loco
1051 1166 1147 1228 etiem
1173 1163 1211 1228 de
1231 1165 1319 1228 vocis
1339 1169 1472 1228 accentu

283 1272 392 1358 agitur
423 1263 477 1336 ex'
492 1262 666 1336 Herodiani
697 1277 872 1356 praecepto.
919 1269 1030 1355 Neque
1060 1269 1153 1334 aliter
1183 1270 1222 1334 ad
1252 1281 1279 1334 A
1305 1267 1388 1347 434,
1414 1271 1471 1335 ubi

279 1375 419 1450 deroldus
455 1380 640 1461 exponitur:
677 1377 711 1440 τό
747 1377 832 1442 κοντοὶ
867 1377 920 1451 τὴν
955 1375 1095 1455 τρύμνοιν
1132 1373 1239 1455 ἕξόχον
1270 1374 1370 1460 ξύλον,
1402 1377 1471 1440 καθ’

277 1478 310 1547 οὗ
346 1483 485 1547 κλόνετοοι
522 1483 535 1547 ό
568 1483 661 1554 ἱστός.
695 1483 738 1548 τόν
769 1483 800 1548 δὲ
831 1483 918 1562 τοιρό
948 1482 984 1546 τό
1016 1481 1098 1563 δέχου
1128 1483 1232 1547 πόντοι
1263 1483 1315 1548 διόι
1345 1487 1399 1547 τοῦ
1432 1486 1468 1559 Ξ,

276 1589 523 1668 ξεινοδόκος,
550 1589 752 1665 torridae.
790 1590 842 1655 Sic
867 1588 1005 1655 Venetus
1029 1591 1078 1666 A,
1103 1595 1135 1655 et
1159 1591 1204 1654 sie
1228 1591 1292 1655 iere
1315 1589 1370 1654 BL
1394 1610 1471 1674 quo-

280 1715 358 1782 que:
391 1697 442 1761 διὰ
473 1701 527 1761 τοῦ
551 1687 571 1761 οξ
594 1697 775 1780 νροόφετοιι,
800 1695 864 1760 ἔστι
888 1697 920 1761 δὲ
945 1696 1030 1773 τοιρόι
1057 1695 1092 1759 τό
1117 1695 1217 1775 δέχου,
1241 1698 1279 1768 ὥς
1304 1694 1468 1772 ξεινοδόκος

188 1843 191 1850 2
278 1802 331 1868 κιο)
357 1803 543 1868 πανδοκεῖον.
577 1803 721 1890 Apparet
744 1824 869 1888 semper
891 1803 969 1868 haec
992 1807 1049 1867 aut
1072 1801 1135 1868 duo
1158 1809 1213 1868 aut
1238 1805 1299 1868 tria
1323 1802 1470 1888 exempla

278 1911 440 1998 coniungi.
488 1909 537 1974 Ex
570 1907 731 1995 Apollonii
763 1908 929 1995 Sophistae
953 1908 1069 1974 herico
1092 1908 1152 1976 hoc
1176 1915 1299 1996 qnoque
1321 1914 1469 1994 apparet,

276 2018 374 2082 fnisse
409 2020 492 2082 inter
525 2022 646 2082 veteres
670 2019 725 2101 qui
749 2022 855 2081 nostro
878 2015 963 2093 loco,
989 2053 1029 2064 -
1055 2014 1265 2081 Telemachus
1288 2016 1472 2102 adloquitur

277 2121 406 2189 Ulixem
443 2143 517 2188 curn
549 2123 600 2188 Iro
628 2125 761 2188 iamiam
790 2123 1044 2205 decertaturum,
1074 2159 1116 2172 -
1145 2120 1375 2197 ξεινοδόκος
1411 2123 1470 2198 μὲν

279 2231 373 2309 ἐγών,
406 2229 456 2294 ἐπὶ
490 2227 516 2293 δ’
548 2230 676 2294 αἰνεῖτον
709 2229 862 2306 βασιλῆες
894 2229 1086 2314 explicarent
1110 2228 1262 2309 μάρτυροι,
1290 2234 1385 2314 atque
1407 2251 1470 2294 non

279 2336 407 2403 aliunde
439 2355 533 2420 quarn
565 2357 604 2399 er
636 2335 693 2401 tali
725 2337 889 2422 opinione,
921 2333 1000 2400 falsa
1032 2337 1101 2399 sine
1132 2335 1245 2411 dubio,
1277 2335 1355 2400 alios
1385 2335 1471 2400 inter

277 2448 417 2526 veteres,
449 2442 625 2506 Pindarum
658 2449 690 2507 et
721 2441 934 2518 Simonidem,
960 2440 1152 2506 vocabulum
1176 2441 1286 2507 eadem
1311 2440 1470 2530 significa·

279 2549 365 2616 tione
396 2548 577 2615 adhibuisse
602 2549 737 2614 credam.
785 2548 888 2613 Locus
912 2555 1020 2613 autem
1045 2546 1205 2632 Apollonii
1228 2547 1281 2612 hic
1304 2553 1369 2612 eet:
1393 2545 1470 2623 ξει-

277 2656 452 2725 νυδόιιοςτ
483 2653 657 2738 ξενοδόχος,
688 2655 701 2719 ό
727 2656 796 2725 τοὺς
819 2653 919 2730 ξένους
945 2653 1178 2735 ὑποδεχόμενος.
1206 2655 1220 2717 ό
1245 2654 1275 2719 δὲ
1300 2654 1466 2732 Πόνδοορος·

279 2758 485 2840 ,ξεινοδόκνσέ
531 2761 604 2825 -οὲν
634 2761 750 2842 Beki.)
782 2786 816 2825 rr
842 2759 989 2840 δυόμυν”,
1012 2762 1080 2825 cirri
1107 2765 1159 2824 τοῦ
1185 2761 1387 2842 ἐμαρτύρησε.
1414 2761 1467 2825 arri

276 2871 307 2934 ἐν
336 2877 375 2950 τῇ
406 2868 576 2951 Ὀδυοτεόρι
611 2866 792 2946 ,ξεινοδόκος
824 2869 881 2944 μὲν
913 2865 993 2945 ἐνιό”
1024 2868 1182 2953 (nostrum
1210 2867 1316 2933 locum
1345 2866 1469 2934 intelle

275 2975 357 3063 git),
381 2973 462 3052 ἔδοξέ
498 2997 558 3039 τιτι
594 2975 699 3052 λέγειν
735 2973 915 3061 (μάρτυροι).
950 2972 1028 3054 Φησὶ
1054 2979 1128 3052 γοῦν
1154 2973 1253 3060 (nal)
1278 2973 1467 3051 Σιροιονόδνρς·

278 3079 469 3159 ,ξεινοδόκον
501 3080 527 3145 δ’
558 3080 677 3160 ἄριστος
710 3082 724 3147 ό
756 3083 869 3161 χρυσός
903 3081 933 3144 ἐν
964 3079 1056 3156 attin
1087 3079 1277 3160 λοιμτρός”,
1301 3080 1369 3145 ἀντὶ
1395 3085 1466 3158 τοῦ,

276 3187 445 3268 μοιρτόρων.
477 3187 511 3252 In
537 3187 704 3273 Apollonio
728 3193 798 3274 post
820 3187 924 3264 λέγειν
946 3186 1095 3252 lacnnula
1119 3207 1185 3252 esse
1208 3188 1336 3252 videtur
1359 3207 1468 3273 quum,

276 3299 314 3359 ut
339 3316 376 3359 ex
401 3293 540 3380 Bergkio
565 3295 679 3370 didici,
705 3297 809 3359 nescio
833 3297 904 3378 quis
924 3296 1043 3378 optimc
1066 3292 1208 3379 explevit
1227 3315 1282 3378 per
1306 3295 1468 3373 ροοόρτυροο,

277 3403 473 3486 turpiterque
505 3421 571 3465 sese
603 3401 689 3466 dedit
717 3399 929 3484 Villoisonus‚
954 3420 1016 3465 non
1039 3400 1143 3466 solum
1167 3404 1200 3465 in
1225 3400 1274 3465 his
1298 3401 1467 3474 dubitans,

276 3508 329 3574 sed
362 3510 459 3573 etiam
492 3528 572 3591 quae
603 3527 621 3573 a
651 3505 840 3572 Telemacho
873 3506 958 3572 dicte
989 3528 1055 3573 esse
1086 3511 1216 3592 apparet
1247 3529 1321 3572 cum
1351 3529 1470 3596 magna

279 3615 453 3680 sententiae
478 3613 658 3679 confusione
683 3615 826 3679 tribuens
849 3614 1000 3679 Antinoo.
1025 3611 1086 3679 Sed
1107 3617 1158 3679 hie
1177 3634 1235 3678 sua
1254 3615 1317 3679 sibi
1336 3615 1468 3692 habeat,

278 3721 360 3786 mihi
385 3727 491 3784 autem
516 3723 548 3783 in
575 3719 734 3804 Apollonii
758 3719 864 3786 verbis
887 3727 958 3804 post
982 3720 1059 3800 φησι
1084 3725 1173 3797 γοῦν,
1189 3757 1229 3768 -
1245 3721 1329 3804 quod
1351 3724 1469 3786 iterum

275 3829 452 3892 rectissime
482 3847 538 3911 pro
563 3826 656 3906 φνοδν
680 3821 729 3890 οὖν
752 3833 800 3891 est
823 3829 1016 3911 repositum,
1043 3865 1085 3874 -
1111 3825 1162 3890 κοοδ
1187 3830 1397 3892 necessarium
1422 3829 1470 3892 ri·

279 3934 382 4018 detur,
406 3932 489 4018 qnod
514 3935 661 4018 quamvis
684 3935 821 4017 pessime
845 3933 962 3997 scribat
983 3931 1182 4018 Apollonius,
1204 3931 1312 3996 abesse
1335 3933 1470 3998 minime

279 4046 396 4127 potest.
407 4039 535 4104 Etenim
549 4038 631 4124 apud
644 4038 823 4104 Homerum
838 4059 971 4124 qnoque,
980 4041 1094 4123 inquit,
1104 4037 1267 4113 ξεινοδόκος
1280 4038 1466 4122 quibusdam

276 4156 376 4212 testem
401 4145 577 4232 significare
599 4147 703 4210 visum
725 4149 787 4222 est,
811 4167 884 4210 cum
906 4151 994 4210 etiam
1014 4145 1193 4210 Simonides
1215 4146 1275 4211 hoc
1298 4165 1392 4210 senen
1415 4165 1469 4211 vo-

279 4251 429 4318 cabulum
465 4253 672 4336 usurpaverit.
722 4250 891 4317 Ca'etemm
926 4252 1086 4340 Bergkius
1121 4253 1167 4335 (in
1202 4255 1297 4318 tertia
1331 4252 1470 4318 editione

276 4361 443 4424 Poetarum
462 4357 651 4442 Lyricorum
665 4354 873 4434 Graecorum)
887 4359 1017 4423 Pindari
1028 4361 1243 4444 fragmentum
1258 4377 1390 4424 numero
1403 4357 1470 4422 304

274 4466 401 4553 posuit,
432 4462 633 4541 ξεινοδόκνοὲν
664 4489 698 4532 τε
724 4465 840 4543 δρόμον
866 4465 1022 4542 scribens,
1048 4484 1105 4529 nec
1129 4483 1242 4528 curans
1264 4463 1469 4551 Etymologi·
