3220 5144
713 357 779 424 523

149 543 305 634 tingerent
332 544 617 634 significetionem,
647 557 688 612 ut
716 554 799 614 meet
827 547 1182 636 madefaciendum
1207 587 1248 604 κ
1273 553 1343 617 sire

148 655 191 718 ad
209 654 444 737 prepetemdere
467 684 513 706 -ο-
534 645 858 740 &parmenidem
882 655 1035 740 dispicere
1058 676 1121 724 non
1143 674 1285 741 possum.

196 889 236 942 υ,
262 863 340 932 528.
388 865 452 930 Καί
473 865 507 930 sd
527 888 561 929 κε
581 865 616 938 tt
641 863 764 936 ταυτας
788 865 819 929 τ’
843 863 956 930 όλεοαν
979 866 1034 930 stt
1053 863 1166 941 όότααν
1183 866 1341 939 όεόττουτ.

150 971 314 1038 Ultimum
346 971 538 1038 vocabulum
571 974 617 1037 eic
639 971 797 1037 redditur:
825 971 971 1038 ἐπανόδου
993 973 1038 1051 μὴ
1062 972 1276 1055 τυγχάνοντα.
1301 971 1341 1056 (V

151 1083 183 1143 et
211 1077 305 1144 Vind.
340 1077 408 1164 56.)
446 1071 580 1144 Imrrro:¹
605 1079 862 1159 τυγχάνοντας,
896 1085 934 1144 ut
965 1085 1050 1148 recte
1073 1083 1113 1146 'et
1143 1080 1227 1166 spud
1249 1079 1344 1149 Butt-

65 1231 75 1247 .
148 1205 304 1252 mennum
327 1193 377 1254 est
400 1192 432 1251 et
456 1187 490 1250 in
514 1191 621 1252 vetere
643 1185 857 1273 Vulgsturem
880 1185 1029 1254 editione.

195 1425 233 1477 ον,
260 1399 336 1466 539.
384 1399 528 1486 Torquet
548 1399 669 1486 Iupiter
692 1401 847 1478 ψολόεντα
867 1399 1020 1482 κεραυνόν.
1043 1401 1112 1470 Vox
1132 1402 1184 1468 bis
1199 1401 1342 1468 Homero

149 1513 302 1593 usurpete
332 1513 364 1574 et
396 1507 449 1572 hic
472 1511 505 1572 et
527 1511 554 1585 ψ
580 1505 657 1592 830,
682 1511 786 1573 verice
808 1511 931 1595 peperit
952 1517 985 1574 et
1004 1509 1218 1578 ¹derivetiencs
1239 1515 1273 1575 et
1294 1513 1343 1576 in·

149 1617 407 1700 imputationes,
448 1613 532 1678 unde
566 1617 601 1679 in
638 1614 832 1680 scholiorum
860 1623 1040 1680 nostrornm
1070 1615 1230 1705 ferrugine
1258 1615 1341 1681 nihil

149 1726 257 1787 temen
279 1725 416 1786 netetem
442 1719 539 1796 tulit,
563 1723 626 1785 nisi
651 1721 761 1788 breves
783 1721 940 1805 quaedem
964 1729 998 1786 et
1020 1721 1120 1788 exiles
1149 1725 1280 1792 notulae
1309 1724 1343 1788 in

147 1827 192 1894 V:
215 1825 390 1907 ψολόεντα·
413 1825 600 1903 reverende,
627 1825 766 1904 αοβόλνν
791 1831 949 1894 πονοῦντα.
971 1829 1067 1907 ψόλον
1085 1827 1150 1909 χᾶν
1171 1829 1226 1904 τὴν
1245 1828 1343 1908 ἀσβό-

149 1949 204 2008 λην
237 1934 336 2012 λέγει.
367 1937 497 2000 τοιοῦτον
529 1931 562 1998 di
593 1933 723 2014 όψόναεν
747 1933 762 1996 ό
786 1936 863 2004 Ζεὺς
886 1939 946 2013 rep
970 1934 1005 1998 re
1029 1939 1082 2000 τοῦ
1107 1937 1241 2017 οὐρανοῦ.
1286 1935 1340 2002 flio

150 2041 188 2107 sd
220 2045 365 2106 nostrum
399 2059 537 2108 versum.
564 2039 616 2104 Ad
640 2046 666 2120 ψ
691 2037 759 2104 830
782 2046 816 2105 et
837 2038 902 2106 elie
925 2041 1079 2126 quaedem
1104 2063 1143 2108 ex
1164 2041 1227 2124 HQ
1250 2049 1284 2108 ct
1302 2063 1342 2108 ex

149 2145 176 2212 V
199 2147 253 2213 vel
275 2149 418 2214 breuius:
445 2147 605 2226 ψολόεντι·
630 2149 796 2228 καυστεαῷ.
818 2149 914 2226 ψόλον
934 2150 998 2228 γὰρ
1015 2148 1051 2212 τό
1069 2147 1208 2227 sopores
1229 2155 1340 2215 τοοοῦν.

148 2253 197 2320 At
223 2273 326 2340 neque
350 2254 469 2320 dicitur
491 2256 527 2320 τὸ
548 2253 663 2335 esrae,
687 2273 789 2339 neque
813 2253 827 2318 ὁ
851 2256 946 2333 ψὸλος
970 2255 1070 2320 simul
1094 2273 1163 2322 esse
1184 2263 1289 2342 potest
1311 2263 1344 2322 et

149 2361 302 2439 ἄοβολος,
325 2395 368 2409 —-
392 2361 461 2428 eive
489 2366 527 2424 nt
557 2362 746 2428 recentiores
778 2359 911 2426 efferunt
935 2363 1079 2440 ανβόλν,
1106 2399 1148 2414 -
1172 2369 1205 2428 et
1228 2366 1262 2428 τὸ
1285 2360 1342 2428 ἄο-

147 2469 242 2546 βολυν
273 2471 384 2532 xerses
409 2465 608 2553 Quapropter
629 2471 755 2532 nostroe
778 2474 871 2534 notee
894 2485 953 2554 ops
975 2469 1016 2535 sd
1039 2475 1067 2548 ψ
1091 2467 1157 2534 380
1181 2473 1340 2558 corrigen-

149 2574 379 2654 deneuvre
391 2597 431 2638 εν
453 2573 515 2653 γὰρ
538 2571 573 2638 rt
592 2569 729 2650 ἅτβνλον
754 2579 864 2639 τανῦν.
890 2572 953 2640 Sed
977 2583 1085 2644 nostre
1108 2597 1233 2663 quoque
1254 2577 1342 2645 lebo-

147 2690 236 2761 rent,
273 2699 349 2749 cum
384 2688 417 2746 et
450 2680 546 2762 ψόλοο
581 2697 739 2765 nusqusm
769 2681 856 2766 epud
887 2681 1065 2749 Homerum
1098 2689 1279 2770 compereet
1308 2691 1342 2750 et

148 2795 279 2856 resource
314 2785 346 2854 u
379 2788 509 2870 ἀφίησεν
538 2791 553 2852 d
584 2789 661 2861 Ζεὺς
693 2791 753 2868 rep
782 2807 880 2872 prere
909 2790 949 2854 ed
979 2794 1123 2875 proxime
1154 2791 1340 2858 antecedens

146 2897 242 2977 ψόλον
272 2899 350 2976 γὰρ.
367 2910 438 2962 κτλ.
462 2895 625 2961 referetur.
657 2891 867 2962 Emendatiue
890 2901 924 2960 et
946 2898 1130 2964 concinnius
1153 2899 1199 2964 sic
1222 2899 1338 2968 rcribe-

147 3009 217 3069 tur:
242 3004 412 3086 ψολόεντα·
438 3001 620 3076 ναυττναόν,
645 3000 787 3079 ότβόλην
809 3007 975 3067 πονοῦντα·
1002 3003 1101 3084 ψόλον
1122 3008 1184 3086 γὰρ
1207 3007 1263 3080 τὴν
1284 3007 1339 3072 όν·
1427 3021 1430 3028 ·

147 3108 246 3188 βόλην
265 3109 450 3189 λέγουσι·
471 3115 601 3175 τοιοῦτον
621 3109 648 3173 δ’
664 3108 708 3172 Ὃ
729 3107 859 3190 ἀφίησεν
879 3109 892 3173 ό
913 3107 990 3182 Ζεὺς
1012 3116 1072 3192 rep
1090 3112 1125 3176 ds
1137 3115 1190 3177 τοῦ
1202 3113 1337 3193 οὐρανοῦ.

191 3325 270 3403 Sed,
294 3361 334 3376 -
359 3332 397 3392 ut
426 3343 501 3390 cum
533 3320 699 3390 Athenaeo
733 3317 791 3409 (IV
815 3324 837 3386 i.
863 3323 901 3406 f.)
935 3323 1048 3409 loquer
1081 3363 1112 3374 -
1137 3325 1187 3390 Ιτὶ
1221 3325 1338 3399 τούτοις

146 3432 235 3503 τέλος
263 3433 364 3516 ἐχέτω
395 3431 447 3508 ἥδε
480 3433 498 3505 ἧ
529 3430 661 3510 βίβλος,
689 3429 792 3495 ἱκανὸν
822 3431 973 3511 εἶλνψυϊα
1005 3439 1126 3508 pasce·
1144 3432 1274 3499 Etenim
1303 3455 1342 3500 ex

146 3538 291 3624 Epistola
313 3537 433 3607 Oritice
455 3541 539 3605 inter
562 3535 766 3602 scribendum
789 3538 868 3600 setis
890 3540 1028 3622 spissum
1056 3541 1175 3604 eeneim
1201 3543 1342 3607 exerevit

146 3643 309 3711 volumen.
344 3645 392 3712 Ar
413 3665 454 3710 ne
476 3647 523 3709 eie
545 3641 678 3730 quidem
702 3642 796 3708 mihi.
811 3643 880 3728 ipse
902 3644 1084 3712 viseerum
1107 3633 1232 3724 omniu,
1254 3667 1337 3733 quse

63 3808 68 3822 .
147 3753 180 3816 in
203 3749 405 3818 scholiorum
427 3757 611 3818 nostrornm
635 3769 764 3835 corpore
787 3767 883 3838 segre
902 3757 935 3816 et
953 3769 1102 3837 perverse
1119 3753 1254 3840 edeunt,
1275 3775 1343 3821 cor·

146 3859 278 3945 rigendo
308 3865 341 3925 et
370 3858 521 3925 rentendo
554 3856 769 3942 expedicione,
794 3875 959 3940 nequest
981 3877 1055 3922 sum
1079 3863 1279 3948 moguntie,
1304 3869 1342 3926 ut
1424 3837 1432 3854 ’

145 3964 219 4031 eliis
242 3965 301 4032 hoc
324 3965 462 4032 effecisse
484 3963 589 4030 videri
614 3967 806 4048 exspectem.
839 3962 947 4028 iitiem
969 3983 1054 4045 nunc
1076 3965 1218 4051 plurime
1240 3985 1340 4034 remu

145 4079 237 4150 nent,
260 4077 438 4139 inveterate
465 4069 616 4145 vnlnere,
643 4069 759 4156 quibus
786 4071 843 4135 diu
863 4069 1069 4156 multumque
1087 4073 1241 4140 vomendo
1259 4072 1345 4140 nihil

145 4180 337 4245 substituere
367 4177 476 4264 potui,
506 4195 570 4262 qno
601 4173 772 4242 menifeeto
800 4181 949 4261 corrupte
978 4183 1010 4242 et
1042 4177 1179 4246 sbrurde
1201 4180 1342 4246 evidenti

144 4287 265 4352 retione
287 4291 398 4351 senete
420 4282 613 4350 viderentur.
661 4281 733 4349 Non
756 4287 842 4348 recte
864 4281 999 4358 hebent,
1014 4321 1067 4354 ¹--
1090 4283 1220 4352 efferum
1241 4307 1341 4372 peuce

146 4398 271 4457 tuntum
307 4393 483 4479 specimine
517 4385 651 4455 fortuito
684 4387 837 4466 collecte,
865 4422 906 4438 -
932 4407 1012 4474 quse
1047 4393 1082 4454 in
1111 4390 1230 4458 ultimo
1259 4392 1342 4460 libro

146 4498 307 4586 leguntur,
340 4500 379 4564 ed
410 4525 431 4563 ω
460 4495 522 4562 28τ
555 4499 588 4561 οὐ
620 4498 685 4576 yet
717 4519 745 4561 rr
779 4498 809 4560 ἐν
830 4493 937 4562 Ἅιδου
960 4497 1025 4562 ἔστι
1049 4497 1243 4577 διασκοπεῖν,
1268 4497 1345 4564 ἀλλ’
