3220 5144
702 336 767 410 leo

138 531 226 605 varie
250 553 286 600 aa
309 529 466 622 flagih'ose
489 535 638 616 corrupta
660 530 918 608 circumferetur,
944 533 976 598 ct
1000 551 1096 616 quam
1121 529 1209 598 lucili
1235 553 1317 622 nego

139 639 185 706 tio
208 638 337 726 singula
358 641 502 706 monstri
525 659 606 725 quae
629 637 779 705 videntur
802 639 962 722 procurari
985 641 1116 724 possint.
1166 639 1236 706 Iam
1259 643 1326 726 pri·

138 767 231 814 mum
262 747 340 814 heco
370 745 450 817 falsa
479 751 570 812 sunt:
600 751 693 812 κυνῶν
719 743 892 826 ὖπέζωσται
917 745 1091 826 προτομάς,
1116 746 1247 830 ιίρπαγῆ
1273 781 1294 800 -
1307 781 1326 798 -

139 853 380 936 πεφραγμένας.
404 854 471 920 Ain
493 849 589 920 reno?
611 851 771 918 Haeccine
793 871 906 920 canem
931 853 1037 936 efficies·
1061 851 1162 920 vitiat
1184 853 1329 920 Debebat

136 959 253 1028 sultsm
278 958 524 1043 πεφραγμένων,
549 959 604 1028 sed
627 980 668 1030 uc
690 958 751 1026 hoc
773 957 903 1044 quidem
926 965 1060 1025 rectum.
1092 959 1214 1030 Verum
1238 969 1329 1028 acute
1448 1037 1452 1047 Δ

139 1066 223 1134 vidit
251 1064 414 1154 Heyniua:
448 1065 686 1148 πεφραγμένη,
717 1065 800 1151 quod
832 1065 1090 1146 adsumendum,
1122 1089 1186 1136 una
1215 1069 1330 1136 rocula

139 1173 275 1240 inserta:
300 1173 343 1238 διδ
367 1173 404 1248 δίη
428 1173 481 1238 καί
501 1173 594 1240 κυνῶν
618 1205 638 1222 -
651 1205 672 1222 ·
685 1171 859 1254 ιἰπέζωπτοιι
880 1173 1064 1253 προτομαο,
1089 1174 1162 1262 (ὡς)
1182 1175 1328 1258 ἁρπαγῇ,

139 1280 242 1360 τίλμη
265 1279 318 1345 καί
342 1278 504 1364 πλεονεξία
531 1277 763 1359 πεφραγμένΗ.
787 1279 880 1345 Nunc
899 1280 1133 1346 consideremus
1153 1286 1331 1368 sequeutia:

141 1385 174 1452 αἱ
206 1385 234 1451 δ’
265 1387 352 1463 ἡλίου
383 1384 455 1464 βίες
480 1384 651 1466 έγκριίτεια
675 1388 927 1466 perspecere·
953 1389 978 1451 εί
1003 1389 1079 1464 μηδὲ
1104 1390 1195 1465 λιμδν
1217 1386 1329 1472 ἔσχεν,

141 1491 263 1563 ἀδικίαν
287 1493 453 1572 ανάγκην.
501 1493 580 1573 Quis
616 1491 706 1569 λιμὸν
740 1489 856 1573 ίσχενί
880 1489 963 1560 Oum
996 1491 1125 1560 difficile
1157 1495 1245 1560 dictu
1269 1498 1331 1581 sit,

140 1597 290 1688 Hepuius
331 1599 482 1680 ακριίτεια
518 1605 552 1665 et
582 1597 675 1678 ἔσχεν
707 1598 916 1683 proponebat,
948 1599 987 1665 de
1017 1601 1134 1686 quibus
1168 1600 1332 1668 Mehlerus

141 1709 188 1773 ita
224 1706 363 1774 iudicat:
406 1707 513 1792 „prius
554 1704 632 1770 bene
669 1704 801 1771 fortasse
837 1725 870 1770 se
904 1704 1017 1788 habet,
1054 1709 1210 1792 posterius
1246 1706 1331 1773 haud

142 1813 238 1882 dubie
268 1819 316 1880 eat
347 1811 493 1880 falsum.''
539 1811 698 1897 Equidem
727 1819 899 1896 utrumque
922 1810 1040 1878 falsum
1064 1813 1250 1889 habuerim,
1274 1835 1331 1880 uec

142 1917 288 1990 Mehlero
317 1921 473 1986 assentiar
502 1916 680 2006 profitenti:
715 1917 811 2003 „quid
842 1919 1004 2002 scripserit
1026 1916 1226 1996 Heraclitus,
1251 1919 1333 1984 mihi

142 2047 206 2095 uon
247 2025 380 2110 liquet.”
426 2027 471 2092 At
505 2025 588 2094 mihi
624 2023 747 2108 liquere
779 2026 972 2108 putaverim.
1017 2021 1152 2110 Scripsit
1187 2024 1332 2092 Heracli·

143 2139 213 2198 tuse
245 2133 271 2196 εί
304 2131 381 2206 μηδὲ
413 2131 512 2209 arete
543 2129 636 2210 ἔσχεν
667 2128 788 2199 ἀδικίας
820 2128 981 2213 οίνιίγιιην,
1005 2130 1205 2198 substantivo
1230 2136 1335 2199 activa

144 2235 375 2327 significatione
397 2243 567 2323 usurpato,
593 2235 860 2322 quemadmodum
886 2235 993 2302 Numa
1015 2237 1099 2322 apud
1122 2237 1332 2326 Plutarchum

147 2354 188 2430 (c.
216 2343 271 2431 16)
295 2345 414 2412 dieitur
435 2343 579 2422 ἀνάγκην
604 2351 659 2418 τῆς
681 2341 803 2415 ἀδικίας
823 2344 964 2424 ὶφαιριῖιν
983 2345 1039 2416 την
1057 2345 1197 2423 ἀπορίαν.
1222 2344 1332 2430 Neque

144 2455 253 2520 minus
290 2452 454 2538 sequentia
494 2449 653 2516 laborant:
689 2441 712 2514 ἃ
747 2447 782 2523 δίη
822 2449 954 2525 μυθικῶς
984 2449 1042 2526 μέν
1074 2451 1154 2514 έστιν
1190 2451 1331 2530 είρημένα

146 2561 231 2641 παρὰ
262 2559 332 2630 τοὺς
365 2558 546 2633 οίκοιίοντας,
578 2558 611 2620 in
642 2556 758 2640 quibus
781 2575 883 2640 neque
905 2558 987 2620 ἐστιν
1012 2556 1091 2623 bene
1114 2557 1210 2624 habet
1232 2579 1333 2644 neque

145 2665 233 2746 παριί
262 2665 314 2732 vel
345 2662 570 2730 Schowianum
604 2664 681 2742 περί.
729 2660 792 2726 Ρτο
819 2663 1051 2749 praepositione
1074 2665 1208 2730 verbum
1232 2669 1335 2752 requi·

145 2774 247 2848 ritur,
270 2771 354 2838 unde
378 2769 514 2856 pendeat
537 2769 739 2834 accusativus
763 2767 833 2839 τοὺς
857 2767 1036 2841 ιίκοιίοντας.
1084 2767 1175 2849 Quod
1198 2773 1331 2838 verbum

145 2899 185 2944 ex
217 2878 268 2943 his
299 2877 480 2944 elicuerim:
514 2877 548 2942 οιί
578 2876 642 2954 γοδρ
674 2874 844 2950 πλιίσμασι
876 2883 1041 2950 ποιητικοῖς
1072 2877 1141 2946 τοὺς
1168 2878 1332 2950 ιδκούοντας

145 2985 261 3064 τέρπων
291 2984 394 3065 χωλὸν
427 2984 500 3058 ἡμῖν
525 2979 740 3062 παραδέδωκεν
761 2977 950 3059 Ἥφαιστον.
977 2982 1020 3066 (p.
1046 2981 1103 3067 56)
1126 2981 1211 3050 Hinc
1235 2986 1334 3052 eiecto

147 3093 228 3156 έττιν
251 3098 357 3156 nostro
380 3108 505 3175 quoqne
528 3087 598 3154 loco
621 3087 840 3154 scribendum:
865 3083 942 3160 ἃδη
962 3089 1093 3165 μυθικῶς
1113 3090 1170 3165 μέν
1190 3090 1334 3172 εἰρημένα

146 3197 285 3276 τέρπει
308 3196 379 3270 τοὺς
404 3195 592 3266 ἀκούοντας·
617 3195 642 3259 εί
667 3193 700 3260 δέ
723 3218 770 3266 τις
796 3193 846 3258 ε’πί
871 3194 926 3266 την
948 3195 1197 3275 ἦλληγορημένην
1220 3200 1333 3278 σοφίαν

148 3303 387 3384 καταβέβηκεν,
422 3301 658 3383 ὠφελιμώτατα
682 3307 744 3371 τοῖο
769 3297 966 3378 μιμουμένοις
991 3301 1164 3378 γενήσεται.
1214 3305 1334 3373 Eadem

148 3414 232 3478 cuim
264 3413 347 3476 inest
369 3408 525 3496 oppositio
549 3428 585 3473 ac
608 3407 774 3474 decantato
796 3406 847 3472 illi
870 3405 1045 3473 Horatiano
1069 3408 1171 3476 dioto:
1196 3419 1225 3475 et
1243 3415 1334 3496 prod·

148 3539 209 3584 esec
230 3517 334 3582 colant
357 3523 384 3580 el
408 3515 557 3580 delectare
575 3520 698 3597 poetae,
717 3513 827 3579 eadem
850 3513 949 3578 etism
968 3534 1004 3578 ac
1022 3534 1084 3579 non
1104 3518 1211 3582 minus
1223 3517 1335 3584 decan·

149 3629 215 3691 tato
238 3623 432 3712 Polybiane:
456 3627 657 3702 ψυχαγωγεῖ
678 3619 751 3697 μέν,
778 3621 897 3701 ὠφελεῖ
918 3618 945 3683 δ’
968 3618 1062 3685 οὐδέν.

193 3832 230 3901 O.
243 3831 366 3900 LXXII
385 3835 428 3920 (p.
446 3833 539 3918 laet:
560 3833 718 3901 Mercurio
730 3837 778 3901 est
789 3837 922 3911 γλῶττα
934 3831 1035 3910 ίνσία,
1049 3831 1085 3900 τδ
1104 3831 1221 3912 μόνον
1241 3835 1336 3916 λόγου

148 3940 247 4023 μέρος.
279 3941 390 4026 Neque
420 3941 508 4018 μίνιν
541 3948 652 4027 aptum
680 3961 782 4027 neque
806 3937 1039 4005 liehlerianum
1063 3940 1199 4019 μόνιμον,
1224 3944 1278 4009 sed
1301 3945 1336 4010 τδ

148 4049 319 4129 γίνιμον
341 4049 436 4126 λίγου
459 4048 559 4128 μέρος.
584 4046 662 4134 (cfr.
688 4045 807 4114 Scholl.
831 4053 939 4112 nostra
962 4045 1001 4111 sd
1023 4069 1046 4123 γ
1072 4045 1138 4113 332
1162 4056 1194 4114 ot
1217 4047 1307 4137 341.)

195 4259 231 4330 Ο.
250 4261 361 4328 XXIII
381 4267 425 4345 (p.
441 4257 536 4342 leo:
557 4259 606 4324 De
625 4259 736 4324 inieris
755 4263 788 4323 et
805 4257 869 4324 alia
886 4256 1079 4323 dicuntoret
1090 4258 1182 4324 haec:
1195 4259 1269 4343 ᾅδης
1283 4263 1341 4339 μίν

98 4389 104 4401 ’
150 4366 199 4436 οὖν
223 4370 237 4434 ί
261 4370 386 4450 αφανίρς
411 4367 504 4438 τίπος
528 4363 692 4440 ἐπωνύμως
717 4363 906 4440 ιἰνίμαπται.
954 4361 1128 4443 Φερσεφόνη
1151 4365 1178 4430 δ’
1201 4367 1339 4447 ιίλληγο-
1405 4455 1411 4468 Ι

151 4480 237 4558 praec
269 4473 354 4550 sirei
384 4472 491 4540 πάντα
523 4478 685 4554 πεφυκυῖα
715 4469 915 4550 διαφθείρειν,
947 4471 983 4534 έν
1006 4464 1064 4540 τίς
1088 4471 1141 4536 οὐκ
1164 4470 1265 4555 ὄγχνη
1290 4475 1340 4540 le·
