3220 5144
668 369 733 442 507

105 567 172 638 est,
218 581 279 628 non
325 567 491 653 corrigere.
547 563 582 630 Si
625 565 658 629 in
701 585 733 628 re
774 563 1004 660 incertissima·
1021 561 1173 629 hariolari
1206 561 1298 645 licet,

103 673 314 735 correxerim:
358 671 409 738 διὰ
452 675 505 736 τοῖο
542 681 588 755 Θ,
634 673 687 757 (ού
731 671 796 735 δια
839 674 909 734 τοῦ
946 679 1003 751 Φ),
1039 671 1086 742 ola
1124 667 1297 744 Ζηνύῖοτοο.

149 905 182 962 ο,
208 879 292 980 222..
333 883 480 955 Ἀκύλονς
513 886 696 970 exponitur:
729 879 776 954 cdo
801 884 853 948 ούκ
878 880 916 948 ἄν
939 905 986 954 τις
1011 881 1139 964 κολούση
1167 883 1219 949 διὰ
1242 883 1297 956 την

105 987 309 1070 βραχύτητα.
334 990 417 1077 (BQ)
441 991 483 1056 et
507 993 541 1055 in
565 989 603 1054 P:
631 990 758 1069 ψωμούς
784 985 822 1053 ὧν
845 991 898 1055 ούκ
919 988 958 1054 aa
979 1013 1026 1062 τις
1048 989 1225 1064 κωλύσηται
1246 990 1298 1055 διὰ

106 1097 159 1168 την
184 1095 387 1174 σμικρότητα.
417 1096 614 1163 Buttmanno
637 1097 714 1161 haec
738 1103 813 1160 sunt
838 1097 1028 1174 „manifesta
1049 1099 1163 1183 prioris
1186 1094 1299 1162 seholii

106 1201 318 1287 depravatio.''
348 1203 434 1270 Mihi
458 1202 599 1269 scholion
622 1224 661 1267 ex
681 1203 707 1266 P
726 1207 830 1288 priore
850 1202 970 1269 scholio
994 1203 1047 1269 vel
1065 1203 1161 1289 paulo
1180 1204 1299 1269 rectius

105 1309 239 1384 videtur,
266 1310 322 1374 ubi
343 1311 516 1375 scribarum
538 1329 656 1375 errores
675 1312 808 1374 correcti
829 1317 930 1374 erunt.
975 1309 1057 1376 Nam
1078 1310 1161 1375 unde
1181 1310 1298 1396 pendet

105 1410 165 1479 ὦνῖ
192 1413 234 1478 Et
264 1415 340 1500 quid
364 1415 416 1480 hic
439 1419 507 1482 sive
531 1417 701 1480 κωλύεσύαι
724 1417 792 1480 sire
816 1412 965 1480 κωλύεινῖ
989 1413 1050 1482 Sed
1074 1415 1295 1482 scribendum:

105 1521 232 1599 ψωμούς
256 1516 293 1584 ὦν
318 1513 370 1586 οὐκ
394 1520 431 1585 ἄν
456 1546 502 1594 τις
528 1521 703 1600 κολούση
725 1545 763 1585 τι
788 1520 839 1586 διὰ
864 1523 919 1596 την
943 1521 1145 1603 σμικρύτητα.
1171 1524 1296 1607 Nempe

104 1627 254 1694 videntur
282 1631 407 1712 saepius
439 1629 562 1696 scribae
586 1629 719 1694 κολούειν
742 1630 775 1693 in
799 1630 906 1694 notius
927 1630 990 1694 sibi
1014 1629 1140 1694 κωλύειν
1165 1629 1300 1694 absurde

105 1733 301 1817 depravasse.
326 1732 435 1818 Ipsum
460 1742 603 1800 nostrum
629 1733 738 1805 οῖκολις
763 1735 796 1798 in
816 1733 1042 1823 Etymologioo
1061 1733 1179 1822 Magno
1199 1735 1300 1824 signi·

105 1837 197 1905 fioare
220 1839 355 1905 dicitur:
380 1843 393 1905 d
418 1842 522 1922 μικρὸς
547 1842 670 1920 ψωμύς,
695 1842 709 1905 ύ
730 1839 841 1917 μηκέτι
864 1843 1040 1907 κολούεσθαι
1062 1841 1227 1920 δυνύμενος
1248 1842 1299 1908 διὰ

105 1947 317 2024 σμικρότητα,
362 1968 442 2033 quae
484 1952 628 2035 proxime
663 1948 715 2015 ad*
737 1947 923 2013 Palatinum
959 1946 1097 2014 scholion
1135 1948 1298 2014 accedunt.

105 2051 225 2119 Eadem
258 2059 333 2119 snut
361 2056 394 2120 in
428 2053 575 2120 Gudiano
597 2069 721 2139 praeter
744 2075 858 2120 unum.
907 2053 1015 2120 Habet
1039 2055 1052 2120 t
1078 2055 1188 2132 μηκέτι
1213 2053 1300 2119 διονύ-

106 2184 194 2238 μενος
227 2159 475 2246 κωλύεσθαι,
500 2163 552 2226 cni
576 2161 678 2226 editor
701 2181 795 2225 suum
822 2159 904 2239 „sic”
928 2159 1083 2246 appinxit.
1129 2159 1207 2226 Post
1231 2179 1299 2226 cor·

105 2269 278 2333 rectionem
313 2289 418 2333 meam
450 2273 591 2333 remanet
622 2274 729 2332 tamen
759 2269 792 2332 in
823 2273 958 2352 utroque
990 2265 1110 2333 scholio
1136 2267 1299 2345 „soloeons

106 2393 184 2438 nsns
218 2377 410 2460 conjunctivi
442 2395 499 2460 pro
531 2375 692 2459 optativo’
727 2373 765 2439 do
789 2393 851 2458 quo
876 2377 1001 2440 monuit
1025 2371 1217 2440 Dindorfins.
1241 2373 1300 2440 Vi-

106 2481 188 2545 tium
220 2487 332 2546 sanatu
361 2480 553 2546 facillimum
584 2501 658 2545 cum
689 2480 832 2549 codicum
857 2500 1008 2546 consensu
1032 2479 1239 2558 defendetur,
1266 2479 1299 2544 in

106 2588 289 2654 auctoribus
309 2588 341 2652 id
364 2609 465 2676 genus
490 2587 655 2654 ferendum
678 2589 872 2673 putaverim.

153 2825 185 2886 ρ,
210 2800 285 2867 352.
334 2803 434 2884 Ἀνῖρὶ
467 2805 609 2886 τροῖκτηε
635 2801 721 2878 ῖκτης
745 2801 913 2884 ψιλωτύον,
940 2803 1025 2883 ταρὰ
1049 2805 1113 2883 γὰρ
1137 2802 1172 2869 τύ
1196 2826 1299 2883 ταρα-

106 2907 242 2986 βύλλειν
266 2913 321 2986 τὴν
343 2919 436 2990 χεῖρα
460 2912 511 2978 καὶ
538 2913 635 2977 αῖτεῖν
659 2908 779 2988 aenaea.
804 2909 820 2984 ἢ
842 2909 855 2974 d
876 2910 931 2989 τρὸ
951 2915 1005 2975 τοῦ
1027 2913 1126 2977 αῖτεῖν
1146 2912 1298 2988 ἱκετεύων,

107 3017 134 3082 ei
166 3017 342 3083 δασύνεται.
374 3017 429 3104 (Q)
464 3017 574 3084 Solent
607 3017 746 3084 mendioi
777 3036 911 3082 menum
943 3039 1005 3083 non
1032 3018 1158 3083 obiicere
1184 3020 1301 3105 (ταρα-

105 3121 255 3209 βύλλειν)
277 3125 332 3190 sed
349 3126 547 3209 protendere:
567 3123 797 3202 ΠΡοβύλλειν.
810 3123 942 3201 Noster,
955 3125 1099 3211 quisquis
1111 3131 1177 3202 est,
1190 3145 1299 3191 rocem

106 3251 125 3296 a
145 3233 241 3297 verbo
258 3231 381 3311 τρσῖημι
398 3233 572 3316 derivavit,
587 3231 665 3296 alias
677 3229 890 3318 etymologias
903 3235 1070 3320 porrigunt
1083 3231 1300 3320 litymologus

106 3335 246 3424 Magnus
270 3359 294 3404 e.
317 3359 349 3406 v.
375 3335 649 3417 Κατατοοῖξασύαι
671 3341 715 3423 (p.
738 3335 814 3415 495,
838 3336 893 3424 32)
908 3339 1100 3417 ωύΠροῖκτης
1116 3341 1157 3426 (p.
1174 3337 1250 3416 689,
1267 3339 1301 3424 1)

107 3451 204 3529 atque
238 3445 436 3532 Apollonius.
470 3444 560 3526 Quod
590 3445 629 3511 ad
664 3445 839 3530 scripturae
874 3443 1130 3531 depravationem
1166 3449 1299 3522 attinet,

107 3549 160 3616 vel
190 3553 331 3638 ineptias
355 3552 395 3617 ad
419 3575 438 3615 σ
462 3551 482 3616 5
508 3554 542 3617 in
567 3552 673 3616 oodioe
699 3550 752 3636 (Β)
775 3550 1005 3629 ταραβατύδης
1030 3559 1078 3618 eet
1103 3573 1160 3638 pro
1183 3551 1301 3632 προβα-

107 3657 222 3742 τύῖηο,
254 3657 337 3744 quod
368 3665 548 3724 monstrum
581 3659 766 3742 procuravit
797 3657 1031 3743 Buttmannus,
1055 3661 1123 3746 ipse
1147 3659 1235 3726 alind
1258 3659 1302 3725 le·

107 3763 292 3830 vinsonlnm
317 3765 459 3830 eiusdem
484 3762 597 3830 scholii
620 3765 740 3829 vitium
764 3784 848 3848 nuno
872 3766 1022 3830 eximam.
1053 3767 1173 3852 Agitur
1196 3765 1235 3830 de
1257 3764 1303 3829 Iri

108 3851 235 3937 nomine
269 3875 395 3958 proprio
431 3873 587 3950 ’λρναῖος,
624 3871 714 3934 cuius
748 3876 809 3933 trec
842 3871 1021 3955 antiquitus
1049 3873 1303 3956 proponebantur

107 3981 403 4066 interpretationes:
425 3977 441 4052 ἢ
462 3974 506 4043 ύτι
529 3975 746 4055 τροβατώδης·
767 3979 783 4050 ἢ
803 3977 890 4056 ταρὰ
911 3975 945 4040 τύ
966 3974 1128 4055 ἄρνυσθαι·
1146 3977 1163 4053 ἢ
1185 3979 1301 4057 ἀραῖος,

110 4085 242 4166 ηὔχοντο
266 4087 329 4165 γὰρ
353 4085 448 4149 αύτσῖι
474 4085 498 4149 οῖ
522 4091 622 4161 γονεῖς
646 4082 836 4178 γεννηθῆναι.
868 4081 998 4148 Potius:
1026 4081 1090 4163 ηύχ
1126 4107 1160 4161 y.
1182 4084 1302 4148 αὑτὸν

110 4195 135 4258 οῖ
166 4201 263 4270 γονεῖς
296 4193 492 4274 γεννηθῆναι,
524 4190 546 4255 i.
571 4209 597 4254 e.
631 4190 644 4253 d
669 4189 811 4261 εύκτοιῖος
836 4197 874 4271 τῇ
899 4190 990 4269 μητρὶ
1015 4187 1193 4267 γενύμενος,
1218 4190 1302 4275 quod

108 4303 143 4365 in
168 4298 196 4380 Q
219 4307 281 4376 est,
309 4299 390 4364 unde
414 4298 553 4363 ieiunius
577 4302 720 4360 nostrum
745 4297 779 4360 in
801 4295 828 4359 B
852 4295 994 4362 scholion
1017 4297 1110 4361 duxit
1134 4298 1302 4385 originem.

109 4405 146 4471 ln
181 4416 363 4471 transcursu
394 4423 518 4480 moneo,
552 4423 632 4488 qnae
664 4401 703 4468 de
734 4402 846 4467 eodem
875 4404 1005 4468 nomine
1037 4401 1301 4491 Etymologieum

110 4511 266 4600 Magnum
300 4511 396 4576 habet
428 4513 470 4596 (p.
508 4505 580 4586 146,
616 4508 683 4594 11),
714 4528 751 4573 ea
782 4513 908 4574 tantum
941 4509 1109 4575 abessent
1134 4527 1195 4586 „ex
1221 4513 1303 4575 anti·
1401 4525 1407 4546 ⁸

1155 4769 1166 4800 h
