3318 5138
766 283 767 287 ‘
837 297 903 386 rao

265 495 325 574 libi
358 501 517 574 Homerus
546 501 682 574 Icarium
706 507 837 595 Spartae
861 508 1004 574 habitare
1018 501 1110 572 'dixit
1133 511 1165 571 et
1187 491 1335 575 simultas
1358 493 1460 571 Pane·

267 612 361 699 Iopen
390 616 474 678 inter
504 615 635 701 eiusque
665 621 810 701 parentes
833 616 1045 680 intercessisse
1069 613 1206 680 videtur.
1231 611 1294 675 όόευ
1321 649 1362 660 -
1386 633 1459 678 nam

266 720 358 787 haec
374 724 481 806 aperte
512 741 586 786 cum
618 721 876 788 antecedentibus
909 719 1075 786 cohaerent
1103 754 1145 767 -
1171 718 1223 782 acl
1253 716 1336 791 άλλη
1372 718 1459 790 λύσις

267 826 389 905 γίνεται
422 825 496 906 πρός
527 828 598 899 τοὺς
629 830 818 908 ἀποροῦντας
851 827 902 891 διά
927 826 959 890 τι’
982 827 1053 905 πρός
1079 824 1148 897 τοὺς
1173 824 1282 902 γονέας
1306 825 1361 888 οὐκ
1385 825 1462 890 άποὲ

267 933 393 1000 στόλλει
425 933 495 1006 τοὺς
527 934 639 1010 ἑαυτῆς
670 937 687 1010 ἡ
719 932 882 1009 Πηνελόπη
912 935 955 1006 εἷς
984 932 1145 1010 βοηόειαν,
1170 927 1220 996 όπε
1248 931 1262 996 ό
1287 939 1363 1002 παῖς
1387 933 1463 996 ἐκιν-

219 1124 220 1134 Ὶ
267 1041 426 1119 δόνευσεν,
463 1040 553 1106 άλλοὶ
584 1039 656 1122 πρὸς
686 1039 738 1106 τόν
769 1041 911 1121 Λαέρτην
938 1039 1089 1119 βούλεται
1114 1042 1313 1103 ἀποστεῖλαι.
1338 1037 1461 1123 Nempe

267 1148 416 1230 Φαίνεται
447 1147 671 1228 ἠλλοτριυμὲνη
702 1157 767 1220 τοῖς
796 1153 933 1227 γονεῦσιν
965 1149 1003 1219 ὥς
1034 1143 1248 1224 ἀναγκάζουσι
1284 1143 1461 1222 γήμασθαι.

269 1251 412 1340 Apparet
434 1253 494 1320 hoc
517 1275 591 1322 cum
614 1275 653 1320 ex
671 1253 743 1320 aliis
765 1255 926 1338 versibus,
947 1259 1016 1318 tum
1038 1273 1075 1317 ex
1093 1254 1134 1317 iis
1155 1271 1236 1337 quae
1254 1249 1463 1316 Telemachus

267 1361 308 1428 ad
331 1379 441 1446 procos
464 1360 552 1426 dicit.
577 1359 672 1434 αὐτός
696 1361 753 1438 μὲν
779 1360 841 1440 γάρ
865 1358 1100 1443 (Telemachus)
1124 1356 1303 1433 Πηνελόπην
1326 1359 1369 1434 μη
1388 1356 1462 1434 βου-

268 1460 398 1544 λομόνην
427 1475 615 1533 καταλιπεῖν
640 1469 694 1533 τοῦ
717 1466 821 1548 άνδρὸς
845 1466 896 1531 τόν
919 1461 996 1531 οόκον
1020 1465 1211 1547 άνοιγκάζειν
1236 1467 1289 1530 οὐκ
1311 1465 1460 1544 εὐπρεπὲς

214 1601 219 1611 ·
270 1576 389 1652 ἡγεῖτο.
416 1573 539 1646 πάντας
563 1570 611 1639 οὖν
635 1574 744 1639 κατά
771 1574 827 1646 την
850 1573 1021 1652 προαίρεσιν
1045 1580 1100 1646 τῆς
1125 1569 1304 1646 Πηνελόπης
1330 1572 1462 1648 άυῆψε

268 1685 323 1746 τοῦ
346 1679 454 1760 γάμου
476 1679 512 1745 τό
535 1679 635 1752 τέλος.
666 1663 791 1746 Ultima
814 1701 864 1745 me
888 1680 944 1745 diu
968 1677 1170 1765 multumque
1193 1685 1363 1744 torserunt.
1399 1677 1463 1742 Lu-

269 1805 338 1854 cem
362 1786 474 1853 attulit
493 1785 673 1853 Ludnichii
693 1785 839 1871 collatio,
854 1823 894 1836 —
909 1805 947 1852 ex
968 1785 1034 1852 solo
1054 1787 1138 1850 enim
1158 1783 1185 1849 T
1205 1783 1405 1870 prodierunt,
1419 1821 1461 1833 -

269 1913 351 1980 quae
372 1893 451 1960 duas
475 1892 564 1960 dedit
583 1895 687 1959 varias
705 1892 875 1968 lectiones,
897 1892 1032 1959 altarem
1051 1890 1174 1957 nullius
1194 1894 1306 1978 pretii,
1327 1891 1461 1958 alteram

269 2002 442 2087 quantivis.
476 1997 583 2066 Codex
614 2000 721 2067 habet
740 2003 918 2080 ἀνῆψαν,
950 1999 1035 2086 quod
1059 2001 1153 2064 nauci
1176 2019 1238 2064 non
1263 2005 1327 2076 ast,
1352 2004 1463 2082 estque

269 2127 378 2174 merus
409 2127 495 2173 error
525 2107 646 2172 scribae
676 2105 795 2195 siglam
825 2113 967 2174 veterem
990 2103 1075 2172 male
1096 2104 1265 2192 explentis.
1289 2103 1352 2171 Sed
1375 2104 1461 2170 idem

271 2214 369 2282 codex
404 2234 460 2300 pro
496 2213 581 2280 κατά
612 2213 708 2280 habet
740 2215 801 2285 εἷς.
831 2235 870 2280 ex
900 2233 962 2299 quo
993 2214 1059 2278 iam
1090 2211 1147 2278 lux
1172 2210 1325 2300 affulgere
1348 2213 1463 2296 coepit.

270 2321 394 2393 πάντας
419 2357 461 2370 -
492 2341 568 2386 nam
600 2320 646 2386 ita
669 2326 703 2386 et
731 2320 829 2386 codex
860 2320 915 2386 scd
938 2319 1159 2406 compendiose
1190 2319 1365 2403 scriptum,
1400 2337 1464 2383 non

269 2427 393 2498 πάντα.
418 2434 457 2492 ut
476 2427 667 2512 opinabatur
684 2425 883 2512 Dindoriius,
909 2465 950 2476 -
975 2423 1025 2494 οὖν
1054 2427 1112 2496 εἰς
1137 2426 1192 2500 την
1213 2424 1384 2504 προαίρεσιν
1406 2433 1463 2499 τῆς

269 2534 449 2611 Πηνελόπης
481 2535 612 2613 άυῆψε
640 2537 694 2599 τοῦ
725 2533 833 2612 γάμου
865 2534 901 2600 τό
932 2533 1035 2608 τέλος,
1066 2534 1194 2620 nuptias
1225 2531 1266 2598 ad
1289 2530 1464 2616 Penelopes

271 2641 470 2710 voluntatem
483 2640 718 2727 quodammodo
729 2640 910 2728 suspendit
925 2641 957 2707 id
980 2646 1044 2719 est,
1065 2643 1133 2706 eius
1152 2635 1281 2704 libidini
1298 2639 1463 2724 permisit,

270 2755 381 2816 utrum
410 2749 542 2833 nuptiae
573 2745 683 2814 flerent
709 2769 817 2814 necne.
845 2747 989 2834 Respicit
1011 2746 1097 2814 locos
1122 2741 1328 2829 Homericos,
1354 2745 1465 2890 quales

270 2879 303 2924 v.
329 2877 358 2922 c
382 2851 625 2940 scarpato,
651 2851 749 2935 276):

360 2960 481 3042 μητόρα
506 2960 545 3039 δ
570 2984 602 3025 ει
627 2961 661 3024 οἱ
687 2961 784 3039 iant
792 2985 808 3032 ς
832 2959 1070 3041 ἐφορμαται
1095 2958 1347 3038 γαμέεσθαι,

362 3066 412 3149 aab
435 3065 490 3132 irco
514 3067 544 3140 ἐς
568 3065 705 3147 μέγαρον
727 3067 843 3147 πατρὸς
867 3065 956 3146 μέγα
979 3065 1164 3141 δυναμένοιο.

269 3173 381 3262 Neque
414 3177 449 3240 in
483 3173 741 3242 antecedentibus
776 3159 950 3241 admodum
985 3173 1068 3239 mihi
1098 3173 1203 3261 placet
1234 3173 1396 3253 ἐξήρτηται
1429 3175 1464 3238 in

269 3281 338 3348 hia:
374 3279 594 3362 ἐξήρτηται
625 3281 652 3364 (ὁ
684 3280 821 3367 Ἰκάριος)
854 3281 917 3346 άπό
947 3287 1002 3354 τῆς
1036 3285 1089 3347 τοῦ
1121 3281 1318 3361 Τηλεμάχου
1353 3303 1464 3361 προση-

270 3388 379 3462 κούσης
410 3387 534 3464 κυάμου
561 3391 615 3452 τοῦ
646 3411 681 3452 τε
713 3387 884 3461 Ὀδυσσέας
915 3389 967 3452 καὶ
996 3396 1052 3463 τῆς
1077 3385 1272 3464 Πηνελόπης,
1300 3397 1345 3474 (p.
1377 3387 1460 3464 170,

271 3491 388 3582 t-4);
420 3491 606 3574 ἑξαρτάσόαι
637 3497 724 3560 enim
755 3493 986 3583 significatione
1018 3515 1072 3580 aa,
1103 3500 1140 3559 ut
1171 3496 1214 3560 sit
1237 3495 1341 3579 evelli,
1366 3498 1463 3570 elabi,

269 3600 471 3690 incognitum
506 3600 590 3665 mihi
620 3605 667 3666 est
697 3619 733 3667 ao
764 3603 920 3668 contrario
951 3600 1015 3667 iere
1046 3623 1139 3667 sensu
1163 3604 1309 3686 usurpari
1333 3601 1462 3666 dixeris.

270 3706 468 3794 Quapropter
507 3709 704 3793 scripserim:
742 3708 937 3789 ἐξῄρηται
976 3709 1039 3773 άπό
1078 3716 1132 3783 τῆς
1171 3743 1225 3758 --
1257 3707 1464 3789 προσηκούσης

270 3815 405 3894 avran-

316 4027 350 4106 ὃ,
376 4025 407 4092 9.
439 4025 583 4094 adolii
612 4031 660 4092 eet
689 4027 724 4094 in
748 4027 791 4108 Q:
814 4028 1045 4107 τρισυλλάβως.
1082 4027 1161 4114 „viii
1183 4031 1224 4110 σῷ
1249 4027 1398 4104 ἑπόμην”.
1425 4029 1462 4113 (Γ

225 4179 230 4190 ‹
270 4131 362 4220 174).
394 4132 493 4200 Addit
522 4131 556 4197 H
586 4139 657 4218 post
688 4133 924 4212 τρισυλλάβως,
957 4135 1064 4212 unctae
1087 4135 1202 4220 (Praei.
1230 4158 1261 4220 p.
1286 4133 1352 4223 In),
1378 4141 1463 4200 reete

269 4241 298 4306 ai
320 4240 509 4368 insuperata
534 4237 870 4317 addaurtoum
890 4244 947 4307 sit:
968 4243 1198 4321 τρισυλλάβως,
1227 4265 1369 4320 ομοιυς
1391 4243 1466 4328 (ὥς)

274 4347 353 4429 „alti
374 4347 417 4426 τῷ
443 4345 591 4423 επόμην”.
