<?xml version="1.0" encoding="UTF-8"?>
<!DOCTYPE html PUBLIC "-//W3C//DTD XHTML 1.0 Transitional//EN"
    "http://www.w3.org/TR/xhtml1/DTD/xhtml1-transitional.dtd">
<html xmlns="http://www.w3.org/1999/xhtml" xml:lang="en" lang="en">
 <head>
  <title>
</title>
<meta http-equiv="Content-Type" content="text/html;charset=utf-8" />
  <meta name='ocr-system' content='tesseract 3.04.00' />
  <meta name='ocr-capabilities' content='ocr_page ocr_carea ocr_par ocr_line ocrx_word'/>
</head>
<body>
  <div class='ocr_page' id='page_1' title='image "./adodysseameiusq01polagoog_0049.png"; bbox 0 0 3232 5136; ppageno 0'>
   <div class='ocr_carea' id='block_1_1' title="bbox 850 328 892 402">
    <p class='ocr_par' dir='ltr' id='par_1_1' title="bbox 850 328 892 402">
     <span class='ocr_line' id='line_1_1' title="bbox 850 328 892 402; baseline 0 0"><span class='ocrx_word' id='word_1_1' title='bbox 850 328 892 402; x_wconf 73' lang='lat'>34</span> 
     </span>
    </p>
   </div>
   <div class='ocr_carea' id='block_1_2' title="bbox 276 519 1491 4003">
    <p class='ocr_par' dir='ltr' id='par_1_2' title="bbox 276 519 1491 3788">
     <span class='ocr_line' id='line_1_2' title="bbox 278 519 1484 612; baseline -0.007 -20"><span class='ocrx_word' id='word_1_2' title='bbox 278 519 385 600; x_wconf 79' lang='grc' dir='ltr'><strong><em>Ἐλένκ</em></strong></span> <span class='ocrx_word' id='word_1_3' title='bbox 410 525 548 600; x_wconf 75' lang='grc' dir='ltr'>εἰκότως,</span> <span class='ocrx_word' id='word_1_4' title='bbox 575 545 656 609; x_wconf 89' lang='lat' dir='ltr'>quae</span> <span class='ocrx_word' id='word_1_5' title='bbox 680 525 814 612; x_wconf 83' lang='lat' dir='ltr'><strong>Didymi</strong></span> <span class='ocrx_word' id='word_1_6' title='bbox 838 545 904 590; x_wconf 86' lang='lat' dir='ltr'>esse</span> <span class='ocrx_word' id='word_1_7' title='bbox 928 523 1096 595; x_wconf 86' lang='lat' dir='ltr'>videniur,</span> <span class='ocrx_word' id='word_1_8' title='bbox 1119 541 1177 586; x_wconf 88' lang='lat' dir='ltr'>nec</span> <span class='ocrx_word' id='word_1_9' title='bbox 1202 526 1309 586; x_wconf 89' lang='lat' dir='ltr'>tamen</span> <span class='ocrx_word' id='word_1_10' title='bbox 1332 541 1352 586; x_wconf 91' lang='lat' dir='ltr'>a</span> <span class='ocrx_word' id='word_1_11' title='bbox 1379 519 1484 586; x_wconf 81' lang='lat' dir='ltr'>Mau-</span> 
     </span>
     <span class='ocr_line' id='line_1_3' title="bbox 276 627 1483 715; baseline -0.004 -18"><span class='ocrx_word' id='word_1_12' title='bbox 276 632 353 697; x_wconf 90' lang='lat' dir='ltr'>ricio</span> <span class='ocrx_word' id='word_1_13' title='bbox 377 630 555 696; x_wconf 82' lang='lat' dir='ltr'>Schmidtio</span> <span class='ocrx_word' id='word_1_14' title='bbox 580 633 662 696; x_wconf 88' lang='lat' dir='ltr'>inter</span> <span class='ocrx_word' id='word_1_15' title='bbox 685 627 935 708; x_wconf 72' lang='grc' dir='ltr'>’Ὑπομνημάτων</span> <span class='ocrx_word' id='word_1_16' title='bbox 956 628 1118 708; x_wconf 75' lang='grc' dir='ltr'><strong><em>Εὐριπίδου</em></strong></span> <span class='ocrx_word' id='word_1_17' title='bbox 1141 628 1322 715; x_wconf 86' lang='lat' dir='ltr'>fragmenta</span> <span class='ocrx_word' id='word_1_18' title='bbox 1334 634 1483 712; x_wconf 86' lang='lat' dir='ltr'>recepta,</span> 
     </span>
     <span class='ocr_line' id='line_1_4' title="bbox 278 733 1483 822; baseline -0.004 -19"><span class='ocrx_word' id='word_1_19' title='bbox 278 737 385 816; x_wconf 89' lang='lat' dir='ltr'>cred0,</span> <span class='ocrx_word' id='word_1_20' title='bbox 422 737 505 822; x_wconf 90' lang='lat' dir='ltr'>quod</span> <span class='ocrx_word' id='word_1_21' title='bbox 541 759 642 801; x_wconf 79' lang='lat' dir='ltr'>nomen</span> <span class='ocrx_word' id='word_1_22' title='bbox 683 759 743 802; x_wconf 91' lang='lat' dir='ltr'>non</span> <span class='ocrx_word' id='word_1_23' title='bbox 784 745 831 802; x_wconf 88' lang='lat' dir='ltr'>est</span> <span class='ocrx_word' id='word_1_24' title='bbox 869 736 1074 822; x_wconf 86' lang='lat' dir='ltr'>adscriptum.</span> <span class='ocrx_word' id='word_1_25' title='bbox 1123 733 1205 799; x_wconf 86' lang='lat' dir='ltr'>Item</span> <span class='ocrx_word' id='word_1_26' title='bbox 1245 755 1325 819; x_wconf 88' lang='lat' dir='ltr'>quae</span> <span class='ocrx_word' id='word_1_27' title='bbox 1361 733 1483 798; x_wconf 89' lang='lat' dir='ltr'>locum</span> 
     </span>
     <span class='ocr_line' id='line_1_5' title="bbox 277 840 1484 931; baseline -0.005 -22"><span class='ocrx_word' id='word_1_28' title='bbox 277 866 360 909; x_wconf 85' lang='lat' dir='ltr'>nrmc</span> <span class='ocrx_word' id='word_1_29' title='bbox 391 842 594 910; x_wconf 87' lang='lat' dir='ltr'>emendatum</span> <span class='ocrx_word' id='word_1_30' title='bbox 619 846 652 907; x_wconf 92' lang='lat' dir='ltr'>in</span> <span class='ocrx_word' id='word_1_31' title='bbox 677 843 901 931; x_wconf 82' lang='lat' dir='ltr'>Etymologico</span> <span class='ocrx_word' id='word_1_32' title='bbox 926 843 1106 928; x_wconf 82' lang='lat' dir='ltr'>excipiunt,</span> <span class='ocrx_word' id='word_1_33' title='bbox 1127 843 1172 906; x_wconf 88' lang='lat' dir='ltr'>sic</span> <span class='ocrx_word' id='word_1_34' title='bbox 1192 840 1356 906; x_wconf 87' lang='lat' dir='ltr'>scribenda</span> <span class='ocrx_word' id='word_1_35' title='bbox 1376 847 1484 904; x_wconf 87' lang='lat' dir='ltr'>sunt:</span> 
     </span>
     <span class='ocr_line' id='line_1_6' title="bbox 279 944 1485 1035; baseline -0.004 -21"><span class='ocrx_word' id='word_1_36' title='bbox 279 949 386 1035; x_wconf 71' lang='grc' dir='ltr'><strong><em>[ἀλλ’]</em></strong></span> <span class='ocrx_word' id='word_1_37' title='bbox 411 947 474 1013; x_wconf 75' lang='grc' dir='ltr'>οὐδ’</span> <span class='ocrx_word' id='word_1_38' title='bbox 500 950 514 1012; x_wconf 83' lang='lat' dir='ltr'>o&#39;</span> <span class='ocrx_word' id='word_1_39' title='bbox 540 949 729 1030; x_wconf 72' lang='grc' dir='ltr'><strong><em>Πολύφημος</em></strong></span> <span class='ocrx_word' id='word_1_40' title='bbox 754 951 973 1028; x_wconf 68' lang='grc' dir='ltr'>μονόφθαλμος</span> <span class='ocrx_word' id='word_1_41' title='bbox 998 948 1035 1011; x_wconf 77' lang='grc' dir='ltr'>ὢν</span> <span class='ocrx_word' id='word_1_42' title='bbox 1060 947 1297 1027; x_wconf 77' lang='grc' dir='ltr'>σκροὶτοτον</span> <span class='ocrx_word' id='word_1_43' title='bbox 1322 944 1389 1026; x_wconf 78' lang='grc' dir='ltr'>ἔχει</span> <span class='ocrx_word' id='word_1_44' title='bbox 1418 947 1485 1019; x_wconf 69' lang='grc' dir='ltr'>τὴν</span> 
     </span>
     <span class='ocr_line' id='line_1_7' title="bbox 279 1053 1483 1140; baseline -0.003 -19"><span class='ocrx_word' id='word_1_45' title='bbox 279 1057 357 1122; x_wconf 75' lang='grc' dir='ltr'>οέσνν</span> <span class='ocrx_word' id='word_1_46' title='bbox 380 1062 433 1121; x_wconf 84' lang='grc' dir='ltr'>τοῦ</span> <span class='ocrx_word' id='word_1_47' title='bbox 457 1056 629 1136; x_wconf 72' lang='grc' dir='ltr'>ὀφθαλμοῦ.</span> <span class='ocrx_word' id='word_1_48' title='bbox 656 1055 795 1122; x_wconf 81' lang='lat' dir='ltr'>Tandem</span> <span class='ocrx_word' id='word_1_49' title='bbox 820 1063 976 1132; x_wconf 85' lang='lat' dir='ltr'>extrema,</span> <span class='ocrx_word' id='word_1_50' title='bbox 1002 1055 1119 1140; x_wconf 89' lang='lat' dir='ltr'>quibua</span> <span class='ocrx_word' id='word_1_51' title='bbox 1142 1053 1346 1118; x_wconf 79' lang='lat' dir='ltr'><strong>emendandis</strong></span> <span class='ocrx_word' id='word_1_52' title='bbox 1367 1055 1483 1138; x_wconf 85' lang='lat' dir='ltr'>praei·</span> 
     </span>
     <span class='ocr_line' id='line_1_8' title="bbox 278 1157 1486 1245; baseline -0.005 -18"><span class='ocrx_word' id='word_1_53' title='bbox 278 1167 327 1228; x_wconf 88' lang='lat' dir='ltr'>vit</span> <span class='ocrx_word' id='word_1_54' title='bbox 350 1159 499 1245; x_wconf 79' lang='lat' dir='ltr'>Cobetus,</span> <span class='ocrx_word' id='word_1_55' title='bbox 524 1170 607 1226; x_wconf 88' lang='lat' dir='ltr'>recte</span> <span class='ocrx_word' id='word_1_56' title='bbox 631 1165 677 1227; x_wconf 89' lang='lat' dir='ltr'>ita</span> <span class='ocrx_word' id='word_1_57' title='bbox 696 1166 945 1228; x_wconf 74' lang='lat' dir='ltr'>constituentur:</span> <span class='ocrx_word' id='word_1_58' title='bbox 967 1159 1024 1226; x_wconf 74' lang='grc' dir='ltr'>ἔδει</span> <span class='ocrx_word' id='word_1_59' title='bbox 1047 1163 1109 1240; x_wconf 70' lang='grc' dir='ltr'>γὰρ</span> <span class='ocrx_word' id='word_1_60' title='bbox 1120 1157 1275 1239; x_wconf 79' lang='grc' dir='ltr'>Ὅμηρον</span> <span class='ocrx_word' id='word_1_61' title='bbox 1299 1158 1486 1223; x_wconf 66' lang='grc' dir='ltr'>εἰσάντα</span> 
     </span>
     <span class='ocr_line' id='line_1_9' title="bbox 283 1265 1487 1348; baseline -0.002 -16"><span class='ocrx_word' id='word_1_62' title='bbox 283 1271 377 1346; x_wconf 54' lang='lat' dir='ltr'>‚circio</span> <span class='ocrx_word' id='word_1_63' title='bbox 408 1271 437 1334; x_wconf 77' lang='grc' dir='ltr'>δὲ</span> <span class='ocrx_word' id='word_1_64' title='bbox 465 1304 517 1318; x_wconf 91' lang='grc'>--</span> <span class='ocrx_word' id='word_1_65' title='bbox 532 1304 551 1316; x_wconf 95' lang='grc'>-</span> <span class='ocrx_word' id='word_1_66' title='bbox 577 1269 669 1332; x_wconf 70' lang='grc' dir='ltr'>αὐτόν</span> <span class='ocrx_word' id='word_1_67' title='bbox 697 1294 733 1332; x_wconf 87' lang='grc' dir='ltr'>τε</span> <span class='ocrx_word' id='word_1_68' title='bbox 757 1268 925 1348; x_wconf 80' lang='grc' dir='ltr'>σέλῳμον,”</span> <span class='ocrx_word' id='word_1_69' title='bbox 946 1266 1183 1348; x_wconf 80' lang='grc' dir='ltr'>τμοσεντνζεῦξονν</span> <span class='ocrx_word' id='word_1_70' title='bbox 1204 1265 1392 1331; x_wconf 80' lang='grc' dir='ltr'>τοιοῦτόν</span> <span class='ocrx_word' id='word_1_71' title='bbox 1419 1289 1487 1330; x_wconf 83' lang='grc' dir='ltr'>το·</span> 
     </span>
     <span class='ocr_line' id='line_1_10' title="bbox 284 1371 1488 1458; baseline 0 -20"><span class='ocrx_word' id='word_1_72' title='bbox 284 1375 418 1452; x_wconf 69' lang='grc' dir='ltr'>ημοῦνόν</span> <span class='ocrx_word' id='word_1_73' title='bbox 442 1377 472 1438; x_wconf 90' lang='grc' dir='ltr'>τ’</span> <span class='ocrx_word' id='word_1_74' title='bbox 497 1375 681 1454; x_wconf 75' lang='grc' dir='ltr'>ὀφθολμὸν</span> <span class='ocrx_word' id='word_1_75' title='bbox 708 1375 883 1458; x_wconf 81' lang='grc' dir='ltr'>(μέσσῳ)</span> <span class='ocrx_word' id='word_1_76' title='bbox 907 1375 1072 1438; x_wconf 72' lang='grc' dir='ltr'>ἐνεόντα</span> <span class='ocrx_word' id='word_1_77' title='bbox 1095 1371 1258 1452; x_wconf 74' lang='grc' dir='ltr'>μετώπῳ,”</span> <span class='ocrx_word' id='word_1_78' title='bbox 1282 1372 1338 1457; x_wconf 88' lang='lat' dir='ltr'>qui</span> <span class='ocrx_word' id='word_1_79' title='bbox 1361 1393 1488 1438; x_wconf 78' lang='lat' dir='ltr'>versus</span> 
     </span>
     <span class='ocr_line' id='line_1_11' title="bbox 280 1473 1486 1565; baseline -0.002 -19"><span class='ocrx_word' id='word_1_80' title='bbox 280 1479 373 1546; x_wconf 83' lang='lat' dir='ltr'>fictus</span> <span class='ocrx_word' id='word_1_81' title='bbox 396 1487 444 1546; x_wconf 84' lang='lat' dir='ltr'>est</span> <span class='ocrx_word' id='word_1_82' title='bbox 468 1481 506 1545; x_wconf 87' lang='lat' dir='ltr'>ad</span> <span class='ocrx_word' id='word_1_83' title='bbox 530 1480 776 1545; x_wconf 87' lang='lat' dir='ltr'>similitudinem</span> <span class='ocrx_word' id='word_1_84' title='bbox 799 1481 885 1564; x_wconf 83' lang='lat' dir='ltr'>eius,</span> <span class='ocrx_word' id='word_1_85' title='bbox 909 1481 965 1565; x_wconf 93' lang='lat' dir='ltr'>qui</span> <span class='ocrx_word' id='word_1_86' title='bbox 989 1479 1132 1548; x_wconf 85' lang='lat' dir='ltr'>versibus</span> <span class='ocrx_word' id='word_1_87' title='bbox 1155 1500 1194 1543; x_wconf 81' lang='lat' dir='ltr'>ax</span> <span class='ocrx_word' id='word_1_88' title='bbox 1218 1476 1351 1542; x_wconf 81' lang='lat' dir='ltr'><strong>Hesiodi</strong></span> <span class='ocrx_word' id='word_1_89' title='bbox 1371 1473 1486 1544; x_wconf 83' lang='lat' dir='ltr'>Theo·</span> 
     </span>
     <span class='ocr_line' id='line_1_12' title="bbox 279 1585 927 1675; baseline 0 -23"><span class='ocrx_word' id='word_1_90' title='bbox 279 1589 376 1675; x_wconf 87' lang='lat' dir='ltr'>gonia</span> <span class='ocrx_word' id='word_1_91' title='bbox 399 1588 506 1652; x_wconf 87' lang='lat' dir='ltr'>citatis</span> <span class='ocrx_word' id='word_1_92' title='bbox 532 1585 622 1667; x_wconf 81' lang='lat'>(144,</span> <span class='ocrx_word' id='word_1_93' title='bbox 650 1585 726 1670; x_wconf 83' lang='lat'>145)</span> <span class='ocrx_word' id='word_1_94' title='bbox 751 1587 927 1652; x_wconf 83' lang='lat' dir='ltr'>antecedit:</span> 
     </span>
     <span class='ocr_line' id='line_1_13' title="bbox 462 1691 1255 1772; baseline -0.001 -17"><span class='ocrx_word' id='word_1_95' title='bbox 462 1697 568 1768; x_wconf 81' lang='grc' dir='ltr'>μοῦνος</span> <span class='ocrx_word' id='word_1_96' title='bbox 593 1694 618 1757; x_wconf 76' lang='grc' dir='ltr'>δ’</span> <span class='ocrx_word' id='word_1_97' title='bbox 643 1695 805 1771; x_wconf 48' lang='lat' dir='ltr'>dedamis</span> <span class='ocrx_word' id='word_1_98' title='bbox 831 1693 935 1772; x_wconf 78' lang='grc' dir='ltr'>μέσσῳ</span> <span class='ocrx_word' id='word_1_99' title='bbox 959 1691 1087 1757; x_wconf 76' lang='grc' dir='ltr'>ἐνέκειτο</span> <span class='ocrx_word' id='word_1_100' title='bbox 1111 1692 1255 1770; x_wconf 76' lang='grc' dir='ltr'>μετώπῳ.</span> 
     </span>
     <span class='ocr_line' id='line_1_14' title="bbox 281 1796 1489 1886; baseline -0.001 -22"><span class='ocrx_word' id='word_1_101' title='bbox 281 1798 343 1864; x_wconf 86' lang='lat' dir='ltr'>Sed</span> <span class='ocrx_word' id='word_1_102' title='bbox 375 1799 451 1883; x_wconf 91' lang='lat' dir='ltr'>quid</span> <span class='ocrx_word' id='word_1_103' title='bbox 481 1799 532 1862; x_wconf 91' lang='lat' dir='ltr'>his</span> <span class='ocrx_word' id='word_1_104' title='bbox 556 1799 750 1886; x_wconf 80' lang='lat' dir='ltr'>corrigendis</span> <span class='ocrx_word' id='word_1_105' title='bbox 772 1796 985 1884; x_wconf 80' lang='lat' dir='ltr'>profecimus?</span> <span class='ocrx_word' id='word_1_106' title='bbox 1008 1796 1149 1866; x_wconf 81' lang='lat' dir='ltr'>Candide</span> <span class='ocrx_word' id='word_1_107' title='bbox 1172 1799 1291 1880; x_wconf 88' lang='lat' dir='ltr'>fateor,</span> <span class='ocrx_word' id='word_1_108' title='bbox 1316 1817 1370 1862; x_wconf 90' lang='lat' dir='ltr'>me</span> <span class='ocrx_word' id='word_1_109' title='bbox 1394 1819 1489 1863; x_wconf 92' lang='lat' dir='ltr'>nun-</span> 
     </span>
     <span class='ocr_line' id='line_1_15' title="bbox 282 1903 1488 1990; baseline 0 -20"><span class='ocrx_word' id='word_1_110' title='bbox 282 1926 378 1990; x_wconf 88' lang='lat' dir='ltr'>quam</span> <span class='ocrx_word' id='word_1_111' title='bbox 403 1927 441 1971; x_wconf 85' lang='lat' dir='ltr'>ex</span> <span class='ocrx_word' id='word_1_112' title='bbox 464 1905 523 1972; x_wconf 90' lang='lat' dir='ltr'>hoc</span> <span class='ocrx_word' id='word_1_113' title='bbox 546 1905 635 1970; x_wconf 89' lang='lat' dir='ltr'>fumo</span> <span class='ocrx_word' id='word_1_114' title='bbox 653 1904 757 1970; x_wconf 87' lang='lat' dir='ltr'>lucem</span> <span class='ocrx_word' id='word_1_115' title='bbox 778 1905 852 1970; x_wconf 87' lang='lat' dir='ltr'>dare</span> <span class='ocrx_word' id='word_1_116' title='bbox 872 1904 1029 1989; x_wconf 82' lang='lat' dir='ltr'>potuisse,</span> <span class='ocrx_word' id='word_1_117' title='bbox 1050 1905 1110 1970; x_wconf 89' lang='lat' dir='ltr'>nisi</span> <span class='ocrx_word' id='word_1_118' title='bbox 1129 1904 1210 1970; x_wconf 86' lang='lat' dir='ltr'>forte</span> <span class='ocrx_word' id='word_1_119' title='bbox 1223 1903 1349 1970; x_wconf 85' lang='lat' dir='ltr'>fortuna</span> <span class='ocrx_word' id='word_1_120' title='bbox 1361 1903 1488 1970; x_wconf 84' lang='lat' dir='ltr'>eadem</span> 
     </span>
     <span class='ocr_line' id='line_1_16' title="bbox 281 2009 1487 2098; baseline 0 -22"><span class='ocrx_word' id='word_1_121' title='bbox 281 2019 388 2076; x_wconf 85' lang='lat' dir='ltr'>nostra</span> <span class='ocrx_word' id='word_1_122' title='bbox 413 2010 629 2098; x_wconf 83' lang='lat' dir='ltr'>iitymoiogici</span> <span class='ocrx_word' id='word_1_123' title='bbox 650 2010 789 2076; x_wconf 71' lang='lat' dir='ltr'>Gratiani</span> <span class='ocrx_word' id='word_1_124' title='bbox 810 2011 983 2095; x_wconf 88' lang='lat' dir='ltr'>disputatio</span> <span class='ocrx_word' id='word_1_125' title='bbox 1003 2011 1099 2076; x_wconf 76' lang='lat' dir='ltr'>tribue</span> <span class='ocrx_word' id='word_1_126' title='bbox 1119 2010 1191 2076; x_wconf 84' lang='lat' dir='ltr'>eliis</span> <span class='ocrx_word' id='word_1_127' title='bbox 1209 2010 1287 2076; x_wconf 86' lang='lat' dir='ltr'>locis</span> <span class='ocrx_word' id='word_1_128' title='bbox 1299 2009 1487 2097; x_wconf 88' lang='lat' dir='ltr'>legeretur,</span> 
     </span>
     <span class='ocr_line' id='line_1_17' title="bbox 282 2115 1489 2202; baseline 0.001 -21"><span class='ocrx_word' id='word_1_129' title='bbox 282 2137 417 2202; x_wconf 87' lang='lat' dir='ltr'>quorum</span> <span class='ocrx_word' id='word_1_130' title='bbox 450 2119 666 2201; x_wconf 85' lang='lat' dir='ltr'>unusquisque</span> <span class='ocrx_word' id='word_1_131' title='bbox 698 2122 729 2180; x_wconf 92' lang='lat' dir='ltr'>et</span> <span class='ocrx_word' id='word_1_132' title='bbox 760 2136 817 2180; x_wconf 90' lang='lat' dir='ltr'>sua</span> <span class='ocrx_word' id='word_1_133' title='bbox 849 2119 1002 2181; x_wconf 89' lang='lat' dir='ltr'>vitiorum</span> <span class='ocrx_word' id='word_1_134' title='bbox 1032 2117 1173 2182; x_wconf 88' lang='lat' dir='ltr'>remedia</span> <span class='ocrx_word' id='word_1_135' title='bbox 1204 2123 1237 2182; x_wconf 93' lang='lat' dir='ltr'>et</span> <span class='ocrx_word' id='word_1_136' title='bbox 1268 2135 1343 2180; x_wconf 85' lang='lat' dir='ltr'>vero</span> <span class='ocrx_word' id='word_1_137' title='bbox 1375 2115 1489 2182; x_wconf 86' lang='lat' dir='ltr'>etiam</span> 
     </span>
     <span class='ocr_line' id='line_1_18' title="bbox 282 2220 1490 2311; baseline 0.001 -24"><span class='ocrx_word' id='word_1_138' title='bbox 282 2222 380 2288; x_wconf 88' lang='lat' dir='ltr'>altera</span> <span class='ocrx_word' id='word_1_139' title='bbox 412 2225 538 2308; x_wconf 89' lang='lat' dir='ltr'>propria</span> <span class='ocrx_word' id='word_1_140' title='bbox 570 2223 649 2287; x_wconf 90' lang='lat' dir='ltr'>vitia</span> <span class='ocrx_word' id='word_1_141' title='bbox 678 2222 815 2287; x_wconf 87' lang='lat' dir='ltr'>exhibet.</span> <span class='ocrx_word' id='word_1_142' title='bbox 864 2223 898 2288; x_wconf 87' lang='lat' dir='ltr'>In</span> <span class='ocrx_word' id='word_1_143' title='bbox 923 2222 1147 2311; x_wconf 82' lang='lat' dir='ltr'>Etymologioo</span> <span class='ocrx_word' id='word_1_144' title='bbox 1172 2222 1293 2310; x_wconf 89' lang='lat' dir='ltr'>Magno</span> <span class='ocrx_word' id='word_1_145' title='bbox 1316 2220 1402 2286; x_wconf 87' lang='lat' dir='ltr'>nihil</span> <span class='ocrx_word' id='word_1_146' title='bbox 1433 2232 1490 2288; x_wconf 87' lang='lat' dir='ltr'>est</span> 
     </span>
     <span class='ocr_line' id='line_1_19' title="bbox 283 2327 1491 2415; baseline 0.002 -22"><span class='ocrx_word' id='word_1_147' title='bbox 283 2329 442 2414; x_wconf 85' lang='lat' dir='ltr'>praesidii.</span> <span class='ocrx_word' id='word_1_148' title='bbox 491 2328 599 2393; x_wconf 82' lang='lat' dir='ltr'>Habet</span> <span class='ocrx_word' id='word_1_149' title='bbox 631 2335 754 2392; x_wconf 86' lang='lat' dir='ltr'>tantum</span> <span class='ocrx_word' id='word_1_150' title='bbox 789 2329 832 2414; x_wconf 90' lang='lat' dir='ltr'>(p.</span> <span class='ocrx_word' id='word_1_151' title='bbox 860 2328 935 2405; x_wconf 80' lang='lat'>544,</span> <span class='ocrx_word' id='word_1_152' title='bbox 962 2327 1012 2412; x_wconf 81' lang='lat'>7):</span> <span class='ocrx_word' id='word_1_153' title='bbox 1039 2328 1256 2400; x_wconf 76' lang='grc' dir='ltr'><strong><em>Κύκλωπες</em></strong></span> <span class='ocrx_word' id='word_1_154' title='bbox 1284 2327 1491 2415; x_wconf 88' lang='lat' dir='ltr'>(sequuntur</span> 
     </span>
     <span class='ocr_line' id='line_1_20' title="bbox 281 2433 1489 2516; baseline -0.002 -16"><span class='ocrx_word' id='word_1_155' title='bbox 281 2457 390 2502; x_wconf 83' lang='lat' dir='ltr'>vorsus</span> <span class='ocrx_word' id='word_1_156' title='bbox 422 2433 583 2516; x_wconf 71' lang='lat' dir='ltr'>Hesiodit:</span> <span class='ocrx_word' id='word_1_157' title='bbox 616 2433 798 2507; x_wconf 77' lang='grc' dir='ltr'><strong><em>Κυκλδοτεο</em></strong></span> <span class='ocrx_word' id='word_1_158' title='bbox 832 2436 882 2498; x_wconf 74' lang='grc' dir='ltr'>κον)</span> <span class='ocrx_word' id='word_1_159' title='bbox 916 2436 1000 2499; x_wconf 77' lang='grc' dir='ltr'>κοντοὶ</span> <span class='ocrx_word' id='word_1_160' title='bbox 1030 2437 1189 2513; x_wconf 69' lang='grc' dir='ltr'>συγκοσῖνν</span> <span class='ocrx_word' id='word_1_161' title='bbox 1221 2434 1395 2501; x_wconf 72' lang='grc' dir='ltr'><strong><em>κύκλωπες.</em></strong></span> <span class='ocrx_word' id='word_1_162' title='bbox 1425 2435 1489 2498; x_wconf 77' lang='grc' dir='ltr'>καὶ</span> 
     </span>
     <span class='ocr_line' id='line_1_21' title="bbox 283 2539 1488 2623; baseline 0.002 -18"><span class='ocrx_word' id='word_1_163' title='bbox 283 2542 475 2607; x_wconf 80' lang='grc' dir='ltr'>Κυκλώτενον</span> <span class='ocrx_word' id='word_1_164' title='bbox 506 2540 566 2620; x_wconf 79' lang='grc' dir='ltr'><strong><em>ὅρος</em></strong></span> <span class='ocrx_word' id='word_1_165' title='bbox 595 2543 625 2604; x_wconf 81' lang='grc' dir='ltr'>ἐν</span> <span class='ocrx_word' id='word_1_166' title='bbox 658 2541 772 2621; x_wconf 65' lang='grc' dir='ltr'><strong><em>Λιβύν.</em></strong></span> <span class='ocrx_word' id='word_1_167' title='bbox 806 2543 892 2622; x_wconf 70' lang='grc' dir='ltr'>τυροὶ</span> <span class='ocrx_word' id='word_1_168' title='bbox 916 2543 950 2606; x_wconf 82' lang='grc' dir='ltr'>τὸ</span> <span class='ocrx_word' id='word_1_169' title='bbox 975 2542 1085 2614; x_wconf 78' lang='grc' dir='ltr'>κύκλος</span> <span class='ocrx_word' id='word_1_170' title='bbox 1110 2542 1163 2606; x_wconf 74' lang='lat' dir='ltr'>sui</span> <span class='ocrx_word' id='word_1_171' title='bbox 1187 2540 1223 2606; x_wconf 81' lang='grc' dir='ltr'>τὸ</span> <span class='ocrx_word' id='word_1_172' title='bbox 1248 2541 1314 2618; x_wconf 64' lang='lat' dir='ltr'>cido·</span> <span class='ocrx_word' id='word_1_173' title='bbox 1340 2539 1357 2616; x_wconf 74' lang='grc' dir='ltr'><strong><em>ἢ</em></strong></span> <span class='ocrx_word' id='word_1_174' title='bbox 1387 2544 1488 2623; x_wconf 67' lang='grc' dir='ltr'>παρὰ</span> 
     </span>
     <span class='ocr_line' id='line_1_22' title="bbox 281 2645 1490 2731; baseline 0.003 -20"><span class='ocrx_word' id='word_1_175' title='bbox 281 2647 315 2711; x_wconf 83' lang='grc' dir='ltr'>τὸ</span> <span class='ocrx_word' id='word_1_176' title='bbox 340 2657 504 2726; x_wconf 76' lang='grc' dir='ltr'><strong><em>κυκλοτερῆ</em></strong></span> <span class='ocrx_word' id='word_1_177' title='bbox 529 2645 598 2711; x_wconf 80' lang='grc' dir='ltr'>ὦσον</span> <span class='ocrx_word' id='word_1_178' title='bbox 623 2645 720 2728; x_wconf 76' lang='grc' dir='ltr'><strong><em>ἔχειν.</em></strong></span> <span class='ocrx_word' id='word_1_179' title='bbox 747 2645 808 2712; x_wconf 80' lang='lat' dir='ltr'>Sed</span> <span class='ocrx_word' id='word_1_180' title='bbox 833 2647 1039 2713; x_wconf 91' lang='lat' dir='ltr'>inveniuntur</span> <span class='ocrx_word' id='word_1_181' title='bbox 1062 2649 1224 2713; x_wconf 79' lang='lat' dir='ltr'>nostruin</span> <span class='ocrx_word' id='word_1_182' title='bbox 1249 2645 1490 2731; x_wconf 81' lang='lat' dir='ltr'>Epimerisrnis</span> 
     </span>
     <span class='ocr_line' id='line_1_23' title="bbox 280 2751 1489 2838; baseline 0.002 -20"><span class='ocrx_word' id='word_1_183' title='bbox 280 2753 462 2819; x_wconf 80' lang='lat' dir='ltr'>Homericis</span> <span class='ocrx_word' id='word_1_184' title='bbox 503 2755 537 2818; x_wconf 88' lang='lat' dir='ltr'>in</span> <span class='ocrx_word' id='word_1_185' title='bbox 576 2751 718 2818; x_wconf 83' lang='lat' dir='ltr'>Cramcri</span> <span class='ocrx_word' id='word_1_186' title='bbox 753 2752 894 2818; x_wconf 85' lang='lat' dir='ltr'>Anecdd.</span> <span class='ocrx_word' id='word_1_187' title='bbox 930 2751 1177 2836; x_wconf 83' lang='lat' dir='ltr'>Ononieneibus,</span> <span class='ocrx_word' id='word_1_188' title='bbox 1211 2761 1236 2818; x_wconf 91' lang='lat' dir='ltr'>t.</span> <span class='ocrx_word' id='word_1_189' title='bbox 1269 2753 1294 2818; x_wconf 94' lang='grc' dir='ltr'>Ι.</span> <span class='ocrx_word' id='word_1_190' title='bbox 1320 2774 1352 2838; x_wconf 91' lang='lat' dir='ltr'>p.</span> <span class='ocrx_word' id='word_1_191' title='bbox 1389 2754 1489 2834; x_wconf 84' lang='lat'>254;</span> 
     </span>
     <span class='ocr_line' id='line_1_24' title="bbox 281 2856 1490 2946; baseline 0.003 -23"><span class='ocrx_word' id='word_1_192' title='bbox 281 2858 376 2943; x_wconf 79' lang='lat' dir='ltr'>poulo</span> <span class='ocrx_word' id='word_1_193' title='bbox 411 2858 527 2922; x_wconf 86' lang='lat' dir='ltr'>meiius</span> <span class='ocrx_word' id='word_1_194' title='bbox 560 2858 593 2921; x_wconf 90' lang='lat' dir='ltr'>in</span> <span class='ocrx_word' id='word_1_195' title='bbox 628 2858 757 2946; x_wconf 78' lang='lat' dir='ltr'>Eulogis</span> <span class='ocrx_word' id='word_1_196' title='bbox 791 2856 913 2940; x_wconf 83' lang='lat' dir='ltr'>Variis,</span> <span class='ocrx_word' id='word_1_197' title='bbox 951 2879 1029 2943; x_wconf 86' lang='lat' dir='ltr'>quas</span> <span class='ocrx_word' id='word_1_198' title='bbox 1064 2859 1150 2924; x_wconf 91' lang='lat' dir='ltr'>idem</span> <span class='ocrx_word' id='word_1_199' title='bbox 1189 2858 1249 2922; x_wconf 90' lang='lat' dir='ltr'>Vir</span> <span class='ocrx_word' id='word_1_200' title='bbox 1282 2857 1404 2924; x_wconf 78' lang='lat' dir='ltr'>Doctus</span> <span class='ocrx_word' id='word_1_201' title='bbox 1444 2883 1490 2927; x_wconf 88' lang='lat' dir='ltr'>ex</span> 
     </span>
     <span class='ocr_line' id='line_1_25' title="bbox 281 2962 1489 3048; baseline 0.003 -18"><span class='ocrx_word' id='word_1_202' title='bbox 281 2963 396 3030; x_wconf 80' lang='lat' dir='ltr'>Codice</span> <span class='ocrx_word' id='word_1_203' title='bbox 425 2963 615 3028; x_wconf 87' lang='lat' dir='ltr'>Beroociano</span> <span class='ocrx_word' id='word_1_204' title='bbox 645 2962 686 3026; x_wconf 83' lang='lat'>50</span> <span class='ocrx_word' id='word_1_205' title='bbox 711 2971 874 3048; x_wconf 81' lang='lat' dir='ltr'>excerptas</span> <span class='ocrx_word' id='word_1_206' title='bbox 896 2967 929 3028; x_wconf 91' lang='lat' dir='ltr'>in</span> <span class='ocrx_word' id='word_1_207' title='bbox 957 2964 1096 3030; x_wconf 79' lang='lat' dir='ltr'>Anccdd.</span> <span class='ocrx_word' id='word_1_208' title='bbox 1121 2963 1349 3030; x_wconf 84' lang='lat' dir='ltr'>Ononiensium</span> <span class='ocrx_word' id='word_1_209' title='bbox 1378 2964 1489 3034; x_wconf 87' lang='lat' dir='ltr'>Volu-</span> 
     </span>
     <span class='ocr_line' id='line_1_26' title="bbox 280 3068 1488 3158; baseline 0.007 -24"><span class='ocrx_word' id='word_1_210' title='bbox 280 3073 368 3135; x_wconf 89' lang='lat' dir='ltr'>mine</span> <span class='ocrx_word' id='word_1_211' title='bbox 391 3068 433 3136; x_wconf 89' lang='grc' dir='ltr'>ΙΙ.</span> <span class='ocrx_word' id='word_1_212' title='bbox 460 3091 489 3155; x_wconf 86' lang='lat' dir='ltr'>p.</span> <span class='ocrx_word' id='word_1_213' title='bbox 516 3069 580 3136; x_wconf 80' lang='lat'>457</span> <span class='ocrx_word' id='word_1_214' title='bbox 606 3069 720 3147; x_wconf 87' lang='lat' dir='ltr'>edidit;</span> <span class='ocrx_word' id='word_1_215' title='bbox 750 3071 895 3136; x_wconf 90' lang='lat' dir='ltr'>omniurn</span> <span class='ocrx_word' id='word_1_216' title='bbox 919 3073 1142 3158; x_wconf 80' lang='lat' dir='ltr'>integerrime,</span> <span class='ocrx_word' id='word_1_217' title='bbox 1169 3076 1360 3137; x_wconf 85' lang='lat' dir='ltr'>nontamen</span> <span class='ocrx_word' id='word_1_218' title='bbox 1384 3075 1488 3142; x_wconf 81' lang='lat' dir='ltr'>vitiis</span> 
     </span>
     <span class='ocr_line' id='line_1_27' title="bbox 281 3175 1489 3264; baseline 0.007 -23"><span class='ocrx_word' id='word_1_219' title='bbox 281 3179 455 3254; x_wconf 90' lang='lat' dir='ltr'>immunia,</span> <span class='ocrx_word' id='word_1_220' title='bbox 481 3178 513 3240; x_wconf 91' lang='lat' dir='ltr'>in</span> <span class='ocrx_word' id='word_1_221' title='bbox 545 3175 770 3264; x_wconf 80' lang='lat' dir='ltr'>Etymoiogioo</span> <span class='ocrx_word' id='word_1_222' title='bbox 804 3176 974 3242; x_wconf 82' lang='lat' dir='ltr'>Serbonico</span> <span class='ocrx_word' id='word_1_223' title='bbox 1006 3179 1096 3242; x_wconf 85' lang='lat' dir='ltr'>cuius</span> <span class='ocrx_word' id='word_1_224' title='bbox 1121 3185 1246 3242; x_wconf 83' lang='lat' dir='ltr'>textum</span> <span class='ocrx_word' id='word_1_225' title='bbox 1273 3175 1489 3248; x_wconf 83' lang='lat' dir='ltr'>Gaiafordiue</span> 
     </span>
     <span class='ocr_line' id='line_1_28' title="bbox 280 3281 1485 3370; baseline 0.003 -21"><span class='ocrx_word' id='word_1_226' title='bbox 280 3283 319 3348; x_wconf 84' lang='lat' dir='ltr'>ad</span> <span class='ocrx_word' id='word_1_227' title='bbox 339 3281 458 3348; x_wconf 79' lang='lat' dir='ltr'>calcem</span> <span class='ocrx_word' id='word_1_228' title='bbox 479 3282 695 3370; x_wconf 81' lang='lat' dir='ltr'>Etymologici</span> <span class='ocrx_word' id='word_1_229' title='bbox 717 3282 830 3369; x_wconf 82' lang='lat' dir='ltr'>Magni</span> <span class='ocrx_word' id='word_1_230' title='bbox 855 3305 881 3348; x_wconf 89' lang='lat' dir='ltr'>s.</span> <span class='ocrx_word' id='word_1_231' title='bbox 894 3283 925 3346; x_wconf 87' lang='lat' dir='ltr'>h.</span> <span class='ocrx_word' id='word_1_232' title='bbox 942 3305 970 3347; x_wconf 90' lang='lat' dir='ltr'>v.</span> <span class='ocrx_word' id='word_1_233' title='bbox 995 3283 1028 3347; x_wconf 92' lang='lat' dir='ltr'>in</span> <span class='ocrx_word' id='word_1_234' title='bbox 1053 3282 1191 3348; x_wconf 87' lang='lat' dir='ltr'>editione</span> <span class='ocrx_word' id='word_1_235' title='bbox 1215 3305 1273 3348; x_wconf 87' lang='lat' dir='ltr'>sua</span> <span class='ocrx_word' id='word_1_236' title='bbox 1296 3291 1485 3368; x_wconf 85' lang='lat' dir='ltr'>proposuit.</span> 
     </span>
     <span class='ocr_line' id='line_1_29' title="bbox 279 3387 1488 3472; baseline 0.007 -20"><span class='ocrx_word' id='word_1_237' title='bbox 279 3387 341 3452; x_wconf 86' lang='lat' dir='ltr'>His</span> <span class='ocrx_word' id='word_1_238' title='bbox 370 3388 518 3452; x_wconf 87' lang='lat' dir='ltr'>omnibus</span> <span class='ocrx_word' id='word_1_239' title='bbox 548 3388 724 3452; x_wconf 88' lang='lat' dir='ltr'>coniunctis</span> <span class='ocrx_word' id='word_1_240' title='bbox 756 3395 822 3454; x_wconf 88' lang='lat' dir='ltr'>tota</span> <span class='ocrx_word' id='word_1_241' title='bbox 853 3388 1027 3472; x_wconf 87' lang='lat' dir='ltr'>disputatio</span> <span class='ocrx_word' id='word_1_242' title='bbox 1058 3391 1102 3454; x_wconf 90' lang='lat' dir='ltr'>ita</span> <span class='ocrx_word' id='word_1_243' title='bbox 1137 3389 1219 3453; x_wconf 90' lang='lat' dir='ltr'>mihi</span> <span class='ocrx_word' id='word_1_244' title='bbox 1251 3391 1488 3460; x_wconf 87' lang='lat' dir='ltr'>constituenda</span> 
     </span>
     <span class='ocr_line' id='line_1_30' title="bbox 279 3493 1030 3580; baseline -0.004 -20"><span class='ocrx_word' id='word_1_245' title='bbox 279 3494 421 3560; x_wconf 76' lang='lat' dir='ltr'>videtur:</span> <span class='ocrx_word' id='word_1_246' title='bbox 446 3493 682 3564; x_wconf 74' lang='grc' dir='ltr'><strong><em>Κύκλωπεςτ</em></strong></span> <span class='ocrx_word' id='word_1_247' title='bbox 707 3494 808 3580; x_wconf 80' lang='grc' dir='ltr'>(οὐχ)</span> <span class='ocrx_word' id='word_1_248' title='bbox 834 3495 871 3564; x_wconf 79' lang='grc' dir='ltr'>ὡς</span> <span class='ocrx_word' id='word_1_249' title='bbox 896 3493 1030 3564; x_wconf 75' lang='grc' dir='ltr'>Ἠσίοδος</span> 
     </span>
     <span class='ocr_line' id='line_1_31' title="bbox 418 3597 1346 3679; baseline 0 -16"><span class='ocrx_word' id='word_1_250' title='bbox 418 3599 586 3670; x_wconf 80' lang='grc' dir='ltr'><strong><em>Κύκλωπες</em></strong></span> <span class='ocrx_word' id='word_1_251' title='bbox 612 3599 638 3664; x_wconf 78' lang='grc' dir='ltr'>δ’</span> <span class='ocrx_word' id='word_1_252' title='bbox 660 3599 744 3674; x_wconf 77' lang='grc' dir='ltr'>ὄνομ’</span> <span class='ocrx_word' id='word_1_253' title='bbox 769 3599 847 3676; x_wconf 70' lang='grc' dir='ltr'>ἦσαν</span> <span class='ocrx_word' id='word_1_254' title='bbox 871 3601 1026 3674; x_wconf 77' lang='grc' dir='ltr'>ἐπώνυμον</span> <span class='ocrx_word' id='word_1_255' title='bbox 1051 3597 1146 3664; x_wconf 79' lang='grc' dir='ltr'>οὕνεκ’</span> <span class='ocrx_word' id='word_1_256' title='bbox 1169 3602 1217 3679; x_wconf 69' lang='grc' dir='ltr'>ἄρ’</span> <span class='ocrx_word' id='word_1_257' title='bbox 1240 3602 1346 3674; x_wconf 75' lang='grc' dir='ltr'>αὐτοῖς</span> 
     </span>
     <span class='ocr_line' id='line_1_32' title="bbox 416 3703 1188 3788; baseline 0 -17"><span class='ocrx_word' id='word_1_258' title='bbox 416 3711 596 3788; x_wconf 64' lang='grc' dir='ltr'><strong><em>κυκλοτερὴς</em></strong></span> <span class='ocrx_word' id='word_1_259' title='bbox 621 3707 783 3786; x_wconf 57' lang='lat' dir='ltr'>troezenis</span> <span class='ocrx_word' id='word_1_260' title='bbox 807 3703 864 3778; x_wconf 76' lang='grc' dir='ltr'>ἕσις</span> <span class='ocrx_word' id='word_1_261' title='bbox 889 3707 1019 3771; x_wconf 76' lang='grc' dir='ltr'>ἐνέκειτο</span> <span class='ocrx_word' id='word_1_262' title='bbox 1044 3707 1188 3788; x_wconf 77' lang='grc' dir='ltr'>μετώπῳ,</span> 
     </span>
    </p>

    <p class='ocr_par' dir='ltr' id='par_1_3' title="bbox 278 3811 1485 4003">
     <span class='ocr_line' id='line_1_33' title="bbox 278 3811 1485 3899; baseline 0.002 -21"><span class='ocrx_word' id='word_1_263' title='bbox 278 3811 461 3886; x_wconf 79' lang='grc' dir='ltr'>Κυκλόῳτες</span> <span class='ocrx_word' id='word_1_264' title='bbox 493 3815 545 3877; x_wconf 72' lang='grc' dir='ltr'>καὶ</span> <span class='ocrx_word' id='word_1_265' title='bbox 579 3813 662 3876; x_wconf 76' lang='grc' dir='ltr'>κοινοὶ</span> <span class='ocrx_word' id='word_1_266' title='bbox 695 3817 853 3889; x_wconf 73' lang='grc' dir='ltr'>σνγκοπίνν</span> <span class='ocrx_word' id='word_1_267' title='bbox 879 3815 1066 3883; x_wconf 79' lang='grc' dir='ltr'><strong><em>Κύκλωπες·</em></strong></span> <span class='ocrx_word' id='word_1_268' title='bbox 1092 3813 1198 3899; x_wconf 82' lang='grc' dir='ltr'>(οὔτε</span> <span class='ocrx_word' id='word_1_269' title='bbox 1221 3814 1301 3892; x_wconf 71' lang='grc' dir='ltr'>γὰρ</span> <span class='ocrx_word' id='word_1_270' title='bbox 1326 3815 1368 3878; x_wconf 83' lang='grc' dir='ltr'>τὸ</span> <span class='ocrx_word' id='word_1_271' title='bbox 1394 3813 1485 3894; x_wconf 78' lang='grc' dir='ltr'>ἕεις</span> 
     </span>
     <span class='ocr_line' id='line_1_34' title="bbox 280 3917 1484 4003; baseline 0.002 -18"><span class='ocrx_word' id='word_1_272' title='bbox 280 3921 368 3986; x_wconf 80' lang='grc' dir='ltr'>οὔτε</span> <span class='ocrx_word' id='word_1_273' title='bbox 402 3920 444 3984; x_wconf 81' lang='grc' dir='ltr'>τὸ</span> <span class='ocrx_word' id='word_1_274' title='bbox 479 3921 676 4002; x_wconf 79' lang='grc' dir='ltr'>μέτωπον)</span> <span class='ocrx_word' id='word_1_275' title='bbox 711 3919 747 3982; x_wconf 80' lang='grc' dir='ltr'>ἐν</span> <span class='ocrx_word' id='word_1_276' title='bbox 777 3929 824 3999; x_wconf 71' lang='grc' dir='ltr'>τῇ</span> <span class='ocrx_word' id='word_1_277' title='bbox 859 3929 965 3998; x_wconf 74' lang='grc' dir='ltr'><strong><em>φωνῇ</em></strong></span> <span class='ocrx_word' id='word_1_278' title='bbox 998 3917 1163 4001; x_wconf 71' lang='grc' dir='ltr'>εὕρηται</span> <span class='ocrx_word' id='word_1_279' title='bbox 1200 3921 1260 4003; x_wconf 68' lang='grc' dir='ltr'>(τῇ</span> <span class='ocrx_word' id='word_1_280' title='bbox 1289 3920 1379 4000; x_wconf 81' lang='lat' dir='ltr'>add.)</span> <span class='ocrx_word' id='word_1_281' title='bbox 1417 3927 1484 3990; x_wconf 82' lang='grc' dir='ltr'>τῶν</span> 
     </span>
    </p>
   </div>
   <div class='ocr_carea' id='block_1_3' title="bbox 281 4021 1484 4112">
    <p class='ocr_par' dir='ltr' id='par_1_4' title="bbox 281 4021 1484 4112">
     <span class='ocr_line' id='line_1_35' title="bbox 281 4021 1484 4112; baseline 0.002 -21"><span class='ocrx_word' id='word_1_282' title='bbox 281 4030 465 4092; x_wconf 77' lang='grc' dir='ltr'><strong><em>Κυκλώπων.</em></strong></span> <span class='ocrx_word' id='word_1_283' title='bbox 493 4027 660 4096; x_wconf 81' lang='grc' dir='ltr'><strong><em>Κύκλωπες</em></strong></span> <span class='ocrx_word' id='word_1_284' title='bbox 684 4021 732 4090; x_wconf 83' lang='grc' dir='ltr'>οὖν</span> <span class='ocrx_word' id='word_1_285' title='bbox 757 4025 843 4089; x_wconf 76' lang='grc' dir='ltr'>κοντοὶ</span> <span class='ocrx_word' id='word_1_286' title='bbox 868 4025 1027 4103; x_wconf 74' lang='grc' dir='ltr'>συγκοτήν</span> <span class='ocrx_word' id='word_1_287' title='bbox 1053 4026 1145 4112; x_wconf 79' lang='grc' dir='ltr'>(εἱσι</span> <span class='ocrx_word' id='word_1_288' title='bbox 1170 4031 1253 4110; x_wconf 81' lang='grc' dir='ltr'>τοῦ)</span> <span class='ocrx_word' id='word_1_289' title='bbox 1276 4028 1300 4110; x_wconf 88' lang='grc' dir='ltr'>Ι)</span> <span class='ocrx_word' id='word_1_290' title='bbox 1324 4028 1484 4094; x_wconf 74' lang='grc' dir='ltr'><strong><em>Κυκλάω-</em></strong></span> 
     </span>
    </p>
   </div>
   <div class='ocr_carea' id='block_1_4' title="bbox 289 4211 455 4224">
    <p class='ocr_par' dir='ltr' id='par_1_5' title="bbox 289 4211 455 4224">
     <span class='ocr_line' id='line_1_36' title="bbox 289 4211 455 4224; baseline -0.006 -2"><span class='ocrx_word' id='word_1_291' title='bbox 289 4211 455 4224; x_wconf 75' lang='lat'>.—</span> 
     </span>
    </p>
   </div>
   <div class='ocr_carea' id='block_1_5' title="bbox 275 4332 1470 4494">
    <p class='ocr_par' dir='ltr' id='par_1_6' title="bbox 275 4332 1470 4494">
     <span class='ocr_line' id='line_1_37' title="bbox 312 4332 1470 4400; baseline 0.008 -19"><span class='ocrx_word' id='word_1_292' title='bbox 312 4335 335 4393; x_wconf 76' lang='lat'>1)</span> <span class='ocrx_word' id='word_1_293' title='bbox 361 4335 400 4383; x_wconf 78' lang='lat' dir='ltr'>lte</span> <span class='ocrx_word' id='word_1_294' title='bbox 417 4333 487 4384; x_wconf 82' lang='lat' dir='ltr'>habet</span> <span class='ocrx_word' id='word_1_295' title='bbox 502 4332 668 4390; x_wconf 67' lang='lat' dir='ltr'>sorbonicumr</span> <span class='ocrx_word' id='word_1_296' title='bbox 688 4332 714 4381; x_wconf 91' lang='lat' dir='ltr'>in</span> <span class='ocrx_word' id='word_1_297' title='bbox 731 4333 833 4382; x_wconf 79' lang='lat' dir='ltr'>Aneedd.</span> <span class='ocrx_word' id='word_1_298' title='bbox 853 4335 938 4385; x_wconf 86' lang='lat' dir='ltr'>Oxonu</span> <span class='ocrx_word' id='word_1_299' title='bbox 966 4335 993 4383; x_wconf 95' lang='lat'>11</span> <span class='ocrx_word' id='word_1_300' title='bbox 1012 4334 1103 4400; x_wconf 70' lang='lat' dir='ltr'>1».th</span> <span class='ocrx_word' id='word_1_301' title='bbox 1122 4339 1158 4385; x_wconf 81' lang='lat' dir='ltr'>cst</span> <span class='ocrx_word' id='word_1_302' title='bbox 1175 4339 1283 4388; x_wconf 79' lang='lat' dir='ltr'>tantum:</span> <span class='ocrx_word' id='word_1_303' title='bbox 1302 4337 1363 4388; x_wconf 74' lang='grc' dir='ltr'>ον’σὶν</span> <span class='ocrx_word' id='word_1_304' title='bbox 1380 4345 1470 4396; x_wconf 66' lang='lat' dir='ltr'>meari</span> 
     </span>
     <span class='ocr_line' id='line_1_38' title="bbox 275 4423 768 4494; baseline 0 -22"><span class='ocrx_word' id='word_1_305' title='bbox 275 4439 330 4482; x_wconf 75' lang='grc' dir='ltr'>στος</span> <span class='ocrx_word' id='word_1_306' title='bbox 347 4425 409 4485; x_wconf 84' lang='lat' dir='ltr'>(sic);</span> <span class='ocrx_word' id='word_1_307' title='bbox 429 4424 454 4474; x_wconf 89' lang='lat' dir='ltr'>in</span> <span class='ocrx_word' id='word_1_308' title='bbox 471 4425 570 4476; x_wconf 79' lang='lat' dir='ltr'>caeteris</span> <span class='ocrx_word' id='word_1_309' title='bbox 587 4423 657 4494; x_wconf 77' lang='lat' dir='ltr'>plene</span> <span class='ocrx_word' id='word_1_310' title='bbox 674 4423 768 4474; x_wconf 83' lang='lat' dir='ltr'>desunt.</span> 
     </span>
    </p>
   </div>
   <div class='ocr_carea' id='block_1_6' title="bbox 0 0 1628 5136">
    <p class='ocr_par' dir='ltr' id='par_1_7' title="bbox 0 0 1628 5136">
     <span class='ocr_line' id='line_1_39' title="bbox 0 0 1628 5136; baseline 0 0"><span class='ocrx_word' id='word_1_311' title='bbox 0 0 1628 5136; x_wconf 95' lang='lat' dir='ltr'> </span> 
     </span>
    </p>
   </div>
  </div>
 </body>
</html>
