3242 5140
686 371 750 439 429

126 555 251 628 mendis
275 557 535 649 flagitiosissimis
565 573 658 628 omne
693 585 795 652 genus
824 563 982 647 obsitum,
1006 563 1052 630 ita
1075 564 1213 649 primum
1238 558 1312 628 tide·

123 667 198 733 liter
226 669 401 734 describam
432 675 558 754 totum,
582 675 676 755 prout
701 673 784 757 apud
808 667 1008 736 Diudorfium
1032 673 1228 757 propositum
1254 673 1312 734 est.

124 774 185 838 Καὶ
221 781 301 860 πῦς;
337 777 363 840 ei
393 781 456 856 γάρ
484 775 609 858 σώζουσι
641 780 696 851 την
728 778 909 858 ἀνθρωπίνην
941 775 1065 858 γνιθμην
1097 779 1148 842 καὶ
1173 775 1313 861 πιθντες,

122 882 184 952 πῶς
218 865 439 955 ’ὀδυσσεῦε
471 883 645 969 θαυμάζεις
670 883 752 950 οῦδὲν
777 885 839 965 γάρ
863 885 1120 951 πεπθνθασιν
1143 883 1311 966 άλλθτριον.

122 976 225 1067 ῥητέον
254 979 303 1053 οῦν
330 985 378 1054 θ’τι
409 989 422 1053 θ
453 991 509 1066 μὲν
543 989 713 1063 Ὀδυσσεὺς
737 989 789 1055 οῦιι
816 991 946 1071 θθέλχθη
971 991 1032 1056 οὐδ’
1056 987 1174 1068 ἤλλαξε
1198 989 1234 1054 τὸ
1257 997 1312 1063 σῦς

124 1096 248 1171 prosae
284 1095 383 1173 δῖον,
421 1096 446 1160 oi
481 1095 512 1160 di
544 1096 656 1174 ἑταῖροι
687 1097 717 1160 ἐν
748 1099 874 1178 τοιαύτη
907 1097 963 1161 τινὶ
988 1093 1048 1175 ἕξει
1074 1096 1211 1175 ἐγένοντο
1236 1091 1312 1160 ῦστε

123 1197 207 1279 ἔχειν
242 1199 298 1276 μὲν
327 1185 387 1275 σὺν
405 1201 588 1279 ἀνθρωπίνην
610 1204 719 1283 ψυχὴν
731 1249 833 1266 .....
859 1201 962 1280 μέντοι
986 1203 1038 1267 καὶ
1061 1203 1113 1268 τὸν
1136 1205 1200 1268 νοῦν
1224 1203 1311 1282 ἐγρη-

122 1305 246 1385 pectre.
284 1304 354 1379 θσοις
386 1309 438 1373 τθν
468 1309 524 1384 μὲν
552 1312 618 1373 νοῦν
651 1309 714 1372 άπὸ
745 1308 852 1389 μθρους
882 1304 957 1373 θλον
981 1307 1067 1388 elye
1083 1356 1182 1374 .....
1214 1307 1312 1374 oleret

122 1415 174 1478 ιιοά
206 1409 258 1477 τθν
288 1419 354 1480 νοῦν
383 1413 557 1494 τρθτεσθαι.
590 1415 658 1479 ddi
683 1414 851 1488 Ὀδυσσεὺς
880 1414 1003 1496 ,αὐτάρ
1027 1421 1092 1487 νοῦς
1119 1413 1249 1491 ἔμπεδος
1274 1413 1311 1486 ὡς

120 1518 158 1584 τά
184 1519 287 1598 Ιπάρος
319 1545 375 1601 περ
386 1521 416 1560 ·”
450 1521 585 1592 άιιοῦσαι
617 1521 703 1601 παρά
735 1527 793 1586 τῶν
821 1521 947 1601 ἑταίρων
971 1519 1068 1606 Φησθ,
1094 1521 1198 1598 μαθθιν
1222 1516 1267 1586 θτι
1294 1521 1312 1594 ἦ

120 1625 236 1706 ῥάβδος
259 1629 277 1703 sl
300 1632 560 1708 pessumdederat.
586 1627 636 1692 ἐπὶ
661 1631 735 1705 γοῦν
764 1631 817 1694 τοῦ
841 1627 1010 1703 Ὀδυσσέος
1034 1630 1074 1693 οῦ
1097 1627 1185 1707 λέγει
1208 1627 1311 1709 ῥάβδῳ

122 1741 325 1812 πεπληγυῖα,
361 1735 438 1798 άλλ’
474 1731 572 1814 iente
608 1735 674 1799 θστι
705 1737 740 1801 τρ
771 1733 947 1815 λεγθμενον.
981 1738 1021 1801 οῦ
1052 1735 1131 1818 γάρ
1154 1731 1172 1800 θ
1180 1756 1218 1800 τι
1242 1735 1310 1800 οὐκ

120 1839 289 1918 θθελξεν
332 1841 454 1906 αῦτὸν
498 1845 566 1906 τοῦ
608 1837 831 1924 Φαρμάιιον
875 1841 1017 1908 διά“τδ
1052 1841 1232 1923 φάσκειν
1265 1849 1310 1924 τῇ

120 1947 252 2028 ῥάβδῳ
276 1949 481 2024 πλήττειν
500 1950 545 2022 οῦς
566 1952 862 2030 μεταμορφοῦν
883 1949 1004 2030 icere
1027 1949 1094 2014 sai
1115 1952 1310 2029 άλλοιοῦν,

122 2054 188 2119 καθ
223 2053 287 2119 ἐπὶ
319 2062 392 2120 σῦν
416 2055 585 2134 ἑταίρων
608 2052 828 2134 εθληφθνοιι
852 2055 923 2132 μὲν
948 2053 1013 2120 τθν
1036 2059 1216 2120 ιιυιιεῦνα
1240 2055 1310 2121 καὶ

120 2161 373 2242 πεπωκέναι,
409 2163 480 2237 την
515 2161 554 2225 δὲ
590 2161 772 2238 οἰομένην
805 2161 1034 2244 τεθὲλχθαι
1071 2163 1196 2228 οιῦτδν
1231 2162 1311 2228 ἔτι·

120 2267 238 2349 Φθρει
268 2271 337 2344 την
361 2269 513 2352 ῥάβδον
537 2263 598 2333 ῦτι
622 2270 661 2333 οῦ
685 2269 728 2334 τὸ
751 2274 866 2346 σῶμα
891 2263 932 2341 ἦν
955 2267 997 2332 τὸ
1021 2267 1311 2353 μεταβάλλον,

121 2377 214 2442 άλλ’
245 2377 410 2456 ιρψνχθ.
438 2374 504 2441 ἐπεὶ
529 2374 580 2440 διδ
603 2379 691 2440 τοῦτο
715 2377 748 2441 οῦ
775 2373 945 2457 θαυμάζει,
971 2371 1015 2441 θτι
1041 2385 1079 2458 τῇ
1103 2373 1206 2458 ῥάβδῳ
1229 2390 1310 2449 πλη·

120 2482 188 2562 νῦν
220 2484 253 2548 οῦ
283 2482 524 2564 μετεμορφώθη,
546 2482 633 2546 άλλά
657 2487 751 2562 Φησιν
774 2483 814 2554 ῦς
838 2465 871 2547 οῦ
897 2484 981 2547 πιθν.
1029 2479 1116 2549 Haec
1141 2485 1196 2569 qui
1219 2479 1312 2548 iutel-

118 2588 201 2677 legit
224 2592 269 2655 sio
289 2589 392 2668 edita,
420 2588 615 2676 „maguum”
638 2593 676 2653 ut
699 2587 805 2666 aiunt,
830 2587 932 2667 „mihi
956 2591 1017 2655 erit
1036 2585 1182 2675 Apollo.'¹
1207 2587 1311 2654 Veris·

118 2698 200 2761 sime
223 2695 401 2762 Prollerust
427 2697 586 2774 „laborant
609 2697 680 2760 άσεο
703 2701 745 2760 coc
769 2696 1024 2781 corruptionibus,
1046 2703 1078 2761 νθ
1098 2695 1195 2761 omnio
1216 2717 1311 2760 οινειι-

118 2803 192 2868 dorc
211 2803 435 2885 desperaverim.
460 2799 521 2868 Sed
543 2823 605 2888 quo
627 2804 783 2888 pertineat
802 2803 880 2870 haec
897 2803 1058 2869 adnotatio
1077 2805 1109 2868 in
1124 2803 1311 2868 universum

118 2909 247 2995 quidem
279 2909 424 2976 divinare
454 2909 530 2976 licet
563 2930 602 2974 ex
631 2911 914 2996 subsequentibus,
940 2930 1020 2995 quae
1044 2908 1143 2976 velim
1169 2909 1310 2976 coniaras

118 3033 190 3082 cum
215 3015 310 3080 editis
335 3015 374 3081 ad
398 3038 428 3081 ν.
455 3013 530 3092 238,
557 3015 641 3093 318,
667 3014 749 3081 328”
774 3017 886 3102 (immo
911 3013 1002 3103 329).
1049 3013 1160 3102 lisque
1184 3015 1252 3102 ipse
1276 3037 1312 3083 ea

119 3125 301 3210 arrogantia
323 3143 394 3188 sum
421 3125 512 3188 utin
537 3127 604 3189 tem
629 3122 788 3208 perplexis
812 3124 919 3189 omnia
945 3143 998 3188 me
1019 3125 1065 3187 ita
1086 3123 1313 3188 restituturum

120 3225 320 3313 existimem,
345 3236 382 3294 ut
411 3249 568 3316 nusquam
593 3251 611 3294 a
637 3249 711 3295 vero
736 3229 964 3306 aberraverim,
990 3227 1223 3315 Porphyriique
1245 3249 1312 3294 ma-

122 3357 200 3402 num
235 3340 282 3402 ita
316 3339 406 3422 quasi
437 3355 475 3402 ex
507 3337 616 3402 inieris
648 3335 792 3414 eliciam,
818 3341 855 3400 ut
882 3343 1010 3412 „contre
1034 3338 1060 3401 si
1084 3337 1154 3420 quis
1178 3335 1312 3410 sentiat,

121 3442 204 3510 nihil
227 3443 376 3509 sentiet.’'
398 3446 441 3509 At
465 3443 675 3508 adnotationis
699 3442 804 3508 uerbis
827 3441 1001 3528 diligenter
1021 3441 1225 3509 consideratis
1246 3463 1315 3527 per·

120 3552 303 3637 possisque,
330 3550 390 3616 hoc
413 3549 542 3635 quidem
565 3567 690 3634 sperare
713 3547 806 3630 licet,
827 3547 893 3614 iore
913 3551 950 3613 ut
971 3553 1073 3614 totum
1093 3547 1219 3614 felicius
1231 3568 1314 3614 com-

120 3677 236 3744 ponera
262 3655 346 3720 milri
377 3658 561 3743 contingat,
592 3675 687 3740 quem
721 3653 861 3720 Prellero
885 3657 1056 3742 contigisse
1081 3654 1245 3730 videmus.
1272 3689 1313 3703 -·

119 3759 304 3830 Dindorfius
333 3761 450 3828 codicis
481 3769 627 3846 portentu
659 3767 891 3846 repraesentare
924 3763 1002 3826 satis
1032 3759 1165 3838 habuit,
1192 3799 1232 3810 -
1258 3761 1313 3846 qui

116 3871 181 3934 etsi
205 3885 305 3954 pauca
323 3865 477 3954 quaedam
500 3866 577 3932 beno
597 3869 748 3943 currerit,
771 3873 809 3931 ut
830 3867 942 3932 statim
956 3868 1184 3946 indicabimus,
1201 3871 1314 3955 (nequa

122 3977 208 4040 enim
238 3973 333 4042 laude
366 3993 438 4050 sua,
465 3975 492 4038 si
517 3994 579 4058 qua
600 3975 633 4038 iu
658 3973 708 4040 his
734 3972 805 4038 laus
829 3979 896 4052 est,
922 3973 1184 4060 defraudabitur.)
1208 3980 1315 4040 tamen

121 4084 154 4146 in
191 4084 376 4147 universum
410 4078 493 4144 nihil
525 4079 630 4156 dedit,
661 4079 745 4164 quod
776 4078 843 4168 legi
877 4079 1086 4168 intellegique
1109 4082 1218 4166 possit.
1266 4081 1315 4146 Ao

123 4189 285 4273 primum,
306 4187 389 4272 quod
402 4184 561 4250 Prellerus
576 4185 653 4250 bane
666 4187 810 4270 monuit,
824 4186 994 4251 videndum
1009 4179 1158 4271 quorsum
1172 4189 1314 4269 quaestio

122 4315 203 4380 quea
233 4292 285 4358 hio
316 4299 465 4358 moretur
497 4297 632 4375 spectat,
668 4310 731 4376 quo
754 4289 925 4357 dilucidius
949 4291 1077 4378 singula
1099 4293 1314 4360 diiudicentur

122 4408 155 4465 et
188 4400 246 4463 nbi
282 4419 361 4484 opus
391 4399 599 4484 corrigantur.
648 4397 772 4482 Nempe
802 4401 938 4482 pertinet
968 4401 1054 4483 prior
1083 4401 1151 4464 eius
1174 4421 1248 4486 pars
1274 4401 1314 4466 ad

126 4506 282 4572 athetasis
306 4525 418 4572 versus
441 4503 524 4569 329:
548 4503 594 4568 σεδ
619 4504 651 4568 δέ
670 4527 715 4578 τις
736 4507 766 4570 ἐν
786 4506 1114 4580 cressementum
1134 4508 1195 4580 νόος
1217 4508 1311 4580 ἐστίν,
