3318 5138
838 298 903 372 138

273 497 358 566 σλῶς
394 493 458 558 καί
494 492 643 558 σύνθετον.
690 493 817 560 Nullum
852 494 1040 562 adverbium
1072 496 1106 560 in
1131 520 1169 568 ιτς
1191 491 1376 579 compositus
1398 497 1459 574 ατί,

271 601 351 664 καθα
394 599 446 682 fit,
490 607 527 666 ut
568 598 769 676 ἁπαξαπλῶς
801 607 900 664 Υιθίιοιιι
940 607 1127 685 compositum
1168 604 1221 667 sit.
1282 601 1353 668 Iloo
1393 604 1461 668 iam

269 709 428 772 insanum.
482 704 545 772 Sed
579 728 639 772 non
675 717 724 772 est
759 707 817 773 hoo
851 710 938 773 satie.
975 703 1226 790 ’λπαξαπι.ῶ;,“
1248 709 1373 796 pergit,
1413 715 1462 775 est

272 815 430 890 σύνθετον,
475 815 586 878 ἁλλὰ
629 816 714 878 κοιτῶ
756 817 935 892 παράθεσιν.
998 814 1117 902 Igitur,
1156 812 1305 880 Craniero
1339 815 1464 882 scilieet

272 931 415 998 auctore,
447 921 533 985 idem
564 921 755 986 vocabulum
786 921 884 987 simul
920 927 953 986 et
982 925 1067 986 κατα
1090 929 1226 987 σύνθεσιν
1249 934 1298 987 εει
1321 929 1353 986 et
1375 922 1462 986 κατὰ

270 1029 457 1106 παράθεσιν,
492 1047 532 1092 ne
569 1035 697 1114 tongam
736 1027 944 1093 bellissinam
978 1049 1034 1113 per
1066 1031 1186 1092 καί-
1216 1029 1304 1092 θλλῶ
1339 1017 1464 1114 opposi-

271 1136 399 1199 tionem.
439 1132 562 1199 Verum
591 1147 656 1206 est.
687 1136 721 1199 in
745 1135 859 1200 multis
882 1145 1004 1200 setores
1028 1137 1093 1200 iam
1114 1133 1188 1200 illos
1212 1138 1402 1222 magistros,
1427 1138 1461 1199 in

270 1239 415 1325 pluribus
436 1260 504 1308 sero
524 1249 615 1306 natos
631 1261 741 1306 eornm
753 1243 948 1318 imitatores,
962 1240 1066 1327 lapsos
1078 1263 1163 1319 esse,
1177 1261 1312 1325 errasse,
1326 1245 1463 1327 turpiter

271 1367 303 1414 se
328 1347 467 1431 dedisse,
484 1349 539 1413 sed
559 1349 614 1431 qui
635 1349 680 1413 ita
698 1347 880 1414 deliraverit
898 1351 974 1414 novi
996 1352 1167 1414 neminem.
1216 1347 1276 1414 Sed
1299 1369 1349 1413 res
1372 1347 1463 1415 salva

268 1460 335 1528 est.
379 1455 556 1520 scribamus
598 1454 709 1520 modo:
750 1451 813 1519 ὅθεν
850 1456 943 1542 (καί)
978 1456 1014 1518 τὸ
1050 1453 1250 1530 ἁπαξαπλῶς
1288 1457 1357 1541 (οὐ)
1392 1455 1462 1520 σθν-

269 1563 369 1636 θετον,
393 1562 482 1626 ἁλλίι
506 1563 592 1625 κατὰ
616 1563 783 1638 παράθεσιν
796 1556 834 1647 ¹).
869 1559 1026 1626 Redolent
1050 1560 1128 1625 haee
1152 1563 1259 1626 omnia
1283 1561 1461 1626 doctrinam

267 1665 461 1751 Herodiani,
485 1666 569 1752 quod
592 1667 688 1731 huius
712 1666 859 1733 Scholion
883 1667 923 1732 ad
946 1675 972 1732 E
1000 1666 1082 1743 178,
1102 1703 1146 1716 —
1167 1670 1259 1731 ouius
1278 1687 1374 1753 supra
1393 1671 1461 1734 iam

269 1775 464 1838 mentionem
495 1774 606 1857 inieci,
631 1809 673 1822 -
703 1780 793 1837 extre
824 1791 951 1838 omnem
982 1776 1071 1858 ponit
1100 1772 1352 1838 dubitationem:
1385 1799 1461 1854 χοι·

267 1882 373 1954 λεπίς
404 1879 442 1944 δὲ
474 1879 564 1944 θεοῦ
597 1879 660 1944 ἐπι
692 1887 826 1954 piare:
860 1882 1065 1960 ῑΑρίσταρχος
1097 1882 1252 1959 παρολκίρν
1281 1883 1378 1946 οθεται
1404 1889 1460 1958 τῆς

267 1987 336 2066 ἐπί,
362 1987 469 2063 θριοίοοι
493 1989 535 2067 τῷ
562 1986 820 2066 “interponitor''
843 1987 895 2051 καί
922 1987 1021 2064 ,βιῶν
1045 1986 1245 2064 ἐπιβουκόλος
1266 1989 1341 2068 ἁνήρ
1357 1987 1461 2053 ”θταν

268 2093 300 2157 δὲ
332 2097 471 2172 παρὲλκν
505 2095 521 2168 sl
554 2094 709 2172 πρθθεσις,
743 2095 775 2157 οὐ
808 2102 942 2158 ποιεῖται
967 2091 1150 2171 ἐξαλλαγὴν
1174 2096 1270 2160 τθνιν.
1293 2097 1352 2160 eloi
1378 2096 1409 2161 δὲ
1433 2089 1460 2162 οἳ

268 2201 477 2277 ἁνεννῶκασιν
512 2200 619 2276 θμοίιος
655 2201 696 2278 τῷ
733 2200 821 2279 ,ἐπεί
858 2199 892 2265 σθ
925 2223 970 2265 τοι
1006 2199 1056 2264 ἔπι
1087 2200 1170 2272 stod'
1200 2201 1241 2290 (A
1276 2203 1375 2290 515),
1408 2200 1461 2269 ἵνα

266 2308 301 2372 πθ
332 2307 440 2372 ἔπεστι
468 2310 671 2382 σιρααίνκτοιι.
703 2304 794 2372 ἁλλοι
826 2308 857 2372 δὲ
891 2307 1082 2391 ,ἐπίμιρνις”,
1107 2299 1145 2372 ἓν
1175 2310 1293 2388 μέρος
1327 2311 1459 2386 λόγον

267 2418 491 2486 ποιοῦντες.
516 2412 640 2490 ιἰμεινον
663 2415 693 2479 δὲ
718 2417 760 2493 τῷ
785 2416 981 2495 Ἀριστὰρχςο
1004 2417 1299 2492 συγκατατίθεσθαι.
1348 2416 1461 2504 Pergit

266 2520 553 2607 Epimeriemorum
587 2532 714 2588 auctor:
749 2522 784 2587 τί
815 2523 847 2586 δὲ
877 2519 969 2600 ἁπαξ
991 2521 1171 2601 βαρύνεται.
1195 2524 1238 2586 τὰ
1262 2523 1327 2603 reip
1350 2523 1393 2596 είς
1418 2523 1461 2602 αξ

266 2631 463 2710 ἐπιρρήματα
496 2626 654 2706 θξθνεται,
688 2623 745 2692 οἷον
777 2626 893 2706 θκλὰξ,
926 2628 1020 2712 θδοίξ,
1050 2627 1162 2707 ειίροθξ·
1191 2633 1399 2704 σεσημείωται
1424 2632 1461 2694 τί

267 2732 357 2812 ἁπαξ
391 2734 613 2812 βαρυνόμενον·
649 2735 692 2799 διὸ
729 2735 759 2798 ἐν
795 2744 834 2816 τῇ
869 2733 1012 2808 σνντὰξει
1049 2734 1383 2812 μεταλαμβοθνει
1408 2735 1462 2799 τῶν

267 2841 339 2908 ίῶιον
371 2843 475 2919 τθνον,
503 2838 821 2918 ἁπαξάπαντες,
849 2837 1124 2925 ἁπαξαπλῶς,
1149 2842 1265 2927 (immo
1288 2863 1327 2907 ex
1351 2863 1461 2931 gram·

266 2949 377 3016 mallei
422 2959 528 3014 mente
572 2945 897 3024 ἁπαξὰπαντες,
939 2945 1211 3034 sinsterior)
1255 2973 1461 3027 κεκοιμισ-

266 3057 388 3136 μένου
421 3059 489 3119 τοῦ
520 3057 646 3120 τόνον.
693 3052 776 3120 Sunt
805 3054 883 3119 lineo
907 3073 968 3118 non
993 3057 1100 3118 minos
1122 3075 1216 3139 qoam
1242 3058 1462 3141 praecedentia

266 3184 306 3230 ex
337 3159 518 3227 Herodiano
549 3182 713 3247 expressa.
747 3167 783 3225 ut
811 3162 976 3246 apparebit
1015 3160 1110 3225 huius
1149 3165 1356 3248 grammatici
1391 3163 1459 3244 περὶ

266 3271 408 3350 μοιιίρονι
442 3265 553 3343 λέξεως
585 3267 705 3333 librom
738 3267 910 3334 conferenti
934 3288 964 3352 p.
990 3267 1051 3351 25,
1077 3266 1096 3330 6
1121 3287 1203 3354 seqq.
1233 3277 1298 3354 tpp.
1324 3269 1388 3347 86,
1413 3268 1458 3336 87

266 3376 392 3461 Ινείιτε.)
424 3372 553 3451 ἁπαξε
590 3376 633 3440 τὰ
664 3376 707 3446 είς
731 3373 774 3450 αξ
796 3379 935 3453 λήγοντα
961 3373 1157 3454 ἐπιρρήματα
1182 3373 1338 3452 θξθνεοθαι
1363 3378 1458 3454 θέλει,

266 3481 378 3560 θκλὰξ,
409 3480 496 3559 tiss,
529 3481 681 3561 ἕναλλὰξ,
714 3481 819 3561 εθρὰξ,
852 3479 1001 3557 αὐτοδοίξ,
1034 3479 1176 3557 e'aarelE·¹
1197 3484 1285 3548 ιὶλλὰ
1310 3483 1399 3560 μθνον
1421 3486 1458 3548 τὸ

267 3588 358 3664 ἁπαξ
391 3591 574 3670 βαρύνεται,
610 3585 682 3670 ὅπερ
718 3590 748 3653 ἐν
779 3587 923 3664 σνντὰξει
955 3594 1008 3653 τοῦ
1041 3585 1180 3659 ἁπαντες
1214 3593 1230 3664 ἢ
1262 3595 1316 3654 τοῦ
1348 3591 1458 3663 ἁπλῶς

266 3698 452 3764 ἐκκλίνει
494 3698 558 3761 τὸν
594 3697 705 3760 τθνον
739 3697 829 3761 tirel
866 3695 1051 3770 θξιίνοιτο
1085 3699 1130 3758 τί
1166 3691 1290 3774 ἁπαξ.
1328 3695 1460 3774 ἁπαξ-

266 3805 452 3876 ἁπαντες
473 3803 537 3881 reip
557 3801 691 3880 λέγομεν
715 3803 764 3866 καί
786 3801 1041 3883 ἁταξὰοτλῶς
1064 3802 1216 3884 ἐντῇοίνὰ
1230 3809 1323 3882 χεῖρα
1337 3803 1457 3885 θμιλίρι.

265 3915 407 4000 Apparet
430 3911 507 3976 haee
530 3909 630 3974 altera
649 3930 687 3974 ex
707 3907 816 3974 alteris
834 3913 1040 3995 transscripta
1062 3930 1142 3986 esee,
1170 3929 1227 3974 nso
1252 3919 1324 3975 uter
1345 3919 1459 3974 utrum

266 4020 485 4104 exsoripserit,
510 4014 733 4102 intellegentes
756 4013 866 4081 tallere
886 4024 1003 4102 potest,
1028 4019 1214 4100 praesertim
1238 4025 1310 4101 post
1333 4015 1460 4082 Lehrsii

269 4192 437 4206 ...-..---

300 4297 325 4356 1)
346 4296 432 4346 hetae
454 4293 516 4352 vidi.
535 4291 646 4344 similiter
663 4293 712 4342 lere
731 4291 856 4342 lehrsion
873 4293 1004 4344 correxisse
1021 4292 1056 4353 (in
1074 4293 1225 4344 adnotatione
1242 4295 1271 4344 ed
1290 4294 1457 4344 Herodianum

264 4403 289 4452 p.
312 4385 365 4444 etp
389 4385 420 4436 τί
439 4379 593 4445 ἁπαξαπλῶς
613 4379 640 4432 ol
658 4393 665 4438 ι
668 4383 737 4448 salso
753 4381 866 4447 νεπίοινιαι
883 4381 947 4446 καί)
966 4379 1078 4432 σθνθισον
1096 4393 1155 4434 κτλ.
1175 4383 1225 4436 Car
1243 4398 1321 4434 meem
1338 4383 1457 4434 retionem

265 4475 346 4522 umen
363 4471 508 4536 presseram,
526 4483 597 4518 oeosa
614 4466 639 4516 in
656 4464 736 4530 aprino
753 4468 797 4516 est.
