3318 5138
756 303 821 381 lat

194 498 490 576 μετείλειπτοοι.
525 501 673 576 Αίολιιιῶς
702 503 734 568 δέ
759 503 840 567 ἐστιν
866 499 1073 572 ἐπιπίνιος.
1099 503 1251 591 Disputat
1275 503 1313 572 de
1336 497 1387 572 iris

195 603 410 708 Buttmannus
441 608 504 672 ita:
539 606 727 685 „Barnesius
758 611 898 693 reposuit
921 611 1148 686 μετείληπται,
1173 611 1257 696 quod
1280 615 1388 678 notius

195 731 269 777 saue
302 713 457 778 verbum·
472 717 537 792 est,
573 715 627 778 red
656 715 729 778 midi
759 715 873 800 quidem
908 715 956 779 dir
972 717 1101 801 perinde
1123 719 1286 783 οίιοιισαιιο.
1322 719 1386 784 Na·

195 839 257 903 que
292 825 399 884 temen
436 821 587 885 leniorem
621 823 748 885 invenio
779 821 970 886 medicinam
1003 843 1040 888 ea
1075 843 1170 908 quam
1207 822 1387 889 Boecirhius
1496 881 1499 888 .
1617 871 1619 878 ,

193 927 350 1012 porrigit,
384 931 422 990 ut
452 927 609 991 scribatur
640 925 781 1010 scilicet,
806 925 854 990 iri
880 929 915 992 τὸ
940 928 1047 1006 μέτρον
1071 931 1294 1009 παρείληπται.
1331 931 1388 996 Ni-

193 1033 315 1095 mirum
339 1039 517 1118 σμνγερῶς,
540 1031 689 1106 ἐπιπόνως
713 1040 760 1098 est
786 1033 946 1121 glossula,
973 1056 1069 1120 quae,
1094 1042 1131 1102 ut
1155 1058 1246 1122 saepe
1270 1039 1304 1102 in
1327 1037 1386 1102 hac

193 1140 339 1218 congerie
369 1138 504 1213 factum,
540 1138 659 1204 coaluit
690 1125 762 1203 cum
791 1143 878 1224 justo
911 1140 1040 1206 scholio.
1087 1141 1180 1208 Istud
1208 1149 1316 1208 autem
1341 1145 1386 1208 sic

193 1243 326 1308 habuit:
351 1251 528 1324 σμυγερῶςι
553 1247 603 1310 διὰ
628 1245 663 1309 τέ
687 1245 795 1325 μέτρον
817 1247 1039 1325 παρείληπται.
1077 1250 1222 1319 Αίολικῶς
1249 1249 1280 1314 δέ
1304 1250 1387 1314 ἐστιν

193 1349 355 1422 ἐπιπόνως.
386 1352 445 1416 hoc
478 1352 571 1417 dicit:
604 1374 660 1438 pro
690 1354 787 1418 verbo
818 1360 955 1431 μογερῶς
984 1355 1024 1418 ob
1054 1363 1193 1419 metrum
1219 1355 1385 1421 admisisse

192 1462 320 1543 poetam
353 1457 516 1524 Aeolicam
547 1463 614 1545 ejus
645 1460 780 1524 formam
814 1461 1007 1540 σμογερῶο.”
1039 1459 1127 1526 Haec
1158 1461 1383 1526 Buttmannus.

196 1561 395 1630 Sententiam
426 1567 547 1650 optime
578 1568 754 1651 perspexit,
785 1566 839 1631 sed
867 1587 945 1631 num
976 1568 1053 1632 haec
1090 1571 1246 1633 sententia
1280 1569 1385 1634 verbis

195 1669 305 1756 qualia
335 1693 407 1736 cum
437 1671 598 1754 Boeckhio
633 1674 799 1738 constituit
833 1694 941 1738 revera
975 1674 1067 1752 insit,
1100 1695 1137 1740 ea
1168 1675 1206 1740 ds
1236 1696 1270 1740 re
1293 1676 1386 1741 dubi·

192 1781 263 1842 tare
288 1777 407 1843 licebit.
453 1778 545 1843 Istud
578 1783 725 1865 „pettam
754 1781 850 1844 metri
873 1800 966 1844 censa
989 1800 1044 1864 pro
1062 1787 1199 1859 μονερῶς
1221 1779 1383 1847 Aeolicam

191 1883 330 1949 formam
362 1891 522 1962 σμυγερῶς
555 1885 737 1950 admisisse’'
766 1906 844 1950 num
869 1883 988 1952 Graece
1010 1893 1117 1952 sonet:
1143 1887 1193 1952 διὰ
1218 1888 1253 1951 τὸ
1277 1889 1386 1968 μέτρον

192 1989 429 2070 παρείληπταιί
457 1991 499 2056 Et
523 1992 599 2076 quid
624 1997 689 2057 est:
714 1993 914 2064 Αίολικῶς
939 1993 970 2058 δέ
995 1995 1077 2057 ἐστιν
1100 1993 1267 2066 ἐπιπίνονςί
1298 1995 1384 2061 Num
1422 2041 1424 2048 ·

191 2101 297 2186 igitur
327 2098 436 2164 eadem
469 2119 532 2164 vox
567 2099 651 2183 apud
680 2098 858 2164 Homerum
885 2099 972 2164 eliud
997 2101 1075 2186 quid
1097 2099 1277 2189 significat?
1302 2101 1385 2182 Qua·

193 2215 322 2292 propter
344 2209 412 2291 ipse
431 2205 528 2270 verba
548 2204 690 2270 difficilia
710 2208 757 2270 ita
780 2208 1014 2273 constituerim:
1040 2215 1216 2289 σμογερῶςι
1239 2209 1330 2295 (διὰ)
1350 2211 1385 2274 τὸ

191 2313 304 2392 μέτρον
324 2311 606 2389 μετείληπται
629 2313 785 2383 λίολικῶς.
807 2310 903 2398 (quod
924 2313 1057 2378 verbum
1070 2335 1143 2379 cum
1157 2313 1384 2381 Bamesiusre·

191 2421 369 2504 posuisset,
387 2415 587 2483 confirmavit
602 2416 961 2505 nuncHamburgensis.
974 2419 1058 2505 App.
1074 2441 1105 2505 p.
1122 2419 1212 2500 747.)
1232 2419 1318 2485 ἐστι
1344 2422 1383 2487 δὲ

192 2527 264 2612 (pro
296 2524 328 2590 δέ
357 2527 450 2612 ἐστιν)
476 2523 643 2602 ἐπιπόνως,
669 2545 749 2609 quas
774 2525 889 2590 diserte
911 2525 945 2591 id
967 2529 1072 2611 ipsum
1097 2525 1277 2616 significant
1301 2529 1384 2614 quod

192 2633 410 2698 Buttmannus
427 2631 567 2709 volebat,
587 2637 625 2695 ut
643 2633 752 2696 statim
774 2631 1054 2698 demonstrabitur.
1081 2633 1174 2700 Nunc
1187 2641 1312 2700 tantum
1325 2634 1384 2700 hoc

192 2739 290 2824 addo,
315 2739 398 2824 quod
422 2740 517 2803 etiam
541 2737 690 2817 σμογερές
715 2737 879 2822 dicebant,
903 2741 931 2804 si
953 2738 1118 2827 Hesychia
1143 2739 1229 2807 fides.

240 2845 297 2911 Est
328 2852 436 2911 autem
467 2847 743 2930 operaepretium
777 2845 815 2910 de
845 2845 955 2911 eodem
978 2847 1132 2913 vocabulo
1156 2847 1384 2934 Epimerismos

191 2952 381 3018 Homericos
410 2955 564 3037 inspicere
595 2972 614 3016 a
645 2949 795 3017 Cramero
818 2952 938 3030 editos,
964 2953 1048 3018 unde
1072 2975 1153 3040 ques
1178 2955 1216 3019 de
1240 2957 1309 3020 eius
1331 2976 1385 3040 pe-

191 3062 268 3125 ritia
298 3062 332 3122 iu
364 3055 591 3123 Grammaticis
621 3054 751 3122 Graecis
780 3057 925 3145 legendis
952 3060 1231 3146 supradiximus,
1256 3064 1284 3126 si
1309 3063 1385 3146 quid

191 3163 431 3232 confirmatione
465 3183 559 3249 opus,
597 3163 831 3230 confirmentur.
879 3164 981 3230 Locus
1016 3173 1063 3231 eet
1097 3167 1272 3233 eiusmodi:
1296 3170 1384 3233 Ἐπι-

192 3279 370 3351 σμογερῶςτ
395 3271 547 3351 ἐπίρρημα
570 3269 755 3348 μεσότητος·
780 3272 862 3336 οὐδὲν
886 3273 917 3336 δὲ
938 3273 979 3344 είς
1001 3297 1038 3345 ως
1060 3274 1214 3353 ἐπίρρημα
1234 3277 1384 3360 σιίνίετον,

191 3379 384 3458 μοίλιστα
427 3379 466 3444 δὲ
510 3380 618 3456 παρὰ
660 3377 861 3458 πρίίεσιν,
898 3375 977 3444 ὥστε
1012 3380 1048 3444 τὸ
1084 3381 1296 3461 ἐπισμυγερῶς
1334 3382 1384 3447 δύο

193 3493 325 3556 ποιεῖς
356 3483 449 3563 μέρη,
478 3485 689 3564 παρεικούσης
722 3494 777 3559 τῆς
802 3485 871 3550 ἐπί·
902 3485 1009 3562 ὁμοίως
1033 3489 1074 3567 τῷ
1100 3487 1201 3565 »βοῶν
1226 3487 1386 3566 ἐπιβουκό-

192 3609 245 3664 λος
277 3591 380 3669 erip?
411 3587 474 3654 ίίεν
502 3591 536 3654 τὸ
562 3590 760 3668 ἁπαξαπλῶς
786 3592 853 3655 καί
878 3592 1035 3658 σύνίετον·
1061 3594 1149 3658 οίλλοὶ
1175 3595 1260 3658 ιιατοὶ
1284 3594 1385 3674 παροί-

192 3703 282 3764 ίεσιν.
331 3697 417 3778 Quot
447 3705 644 3782 quantaeque
674 3695 829 3783 ineptiae!
861 3681 1017 3776 Nullum,
1047 3703 1172 3785 inquit,
1196 3701 1385 3766 adverbium

192 3811 228 3872 in
260 3831 297 3876 ιος
329 3808 548 3890 componitur,
572 3841 614 3853 -
639 3803 785 3882 μάλιστα
817 3806 848 3870 di
877 3809 962 3884 παρα
994 3804 1150 3884 πρίίεσινί
1183 3807 1255 3872 Νοιι
1286 3808 1385 3895 signi-

192 3913 267 3978 ficat
286 3913 366 3995 hoc,
387 3910 470 3996 quod
494 3930 650 3976 nonnemo
674 3917 782 3996 putet,
810 3914 965 3989 „minime
989 3916 1133 3978 omnium
1160 3935 1234 3978 cum
1254 3934 1386 3999 praepo·

192 4017 339 4112 sitione”,
380 4019 426 4082 ita
468 4019 553 4082 enim
597 4015 746 4093 ἥκιστα
787 4017 818 4082 δὲ
857 4018 967 4096 μετὰ
1008 4019 1226 4098 προίὲσεονο
1261 4021 1384 4085 dictum

192 4108 368 4211 oportebat
403 4123 463 4189 Sed
488 4145 541 4188 me
563 4125 667 4189 iudice
690 4127 920 4212 grammaticus
938 4124 1033 4213 longe
1053 4125 1142 4191 aliud
1166 4129 1240 4212 quid
1264 4126 1384 4193 voluit:

192 4211 275 4297 οὖέἐν
306 4232 336 4295 di
369 4232 410 4302 είς
435 4255 473 4301 ιος
498 4231 650 4310 ἐπίρρημα
674 4232 830 4308 σιίιίετον,
855 4236 1017 4307 μᾶλλον
1053 4232 1092 4296 δὲ
1127 4233 1238 4297 κατὰ
1264 4232 1387 4313 παροί·

193 4342 318 4422 ἐεσιν,
361 4336 440 4401 ὥστε
484 4338 518 4401 τὸ
559 4338 770 4415 ἐπισμυγερῶς
808 4336 859 4402 δύο
894 4347 1006 4404 ποιεῖ
1039 4341 1133 4416 μέρη,
1173 4343 1384 4417 παρελκοιίσης

193 4453 248 4523 τῆς
283 4446 345 4509 ἐπί.
394 4441 457 4508 Sed
492 4443 566 4509 ride
601 4464 680 4529 qnae
716 4446 865 4510 continuo
894 4451 1081 4530 sequentur:
1116 4441 1179 4511 ἐίεν
1202 4447 1236 4518 τὸ
1260 4446 1387 4528 ἄτοξος·
