3278 5148
729 310 794 384 329

209 527 247 582 μ.
264 495 338 571 l81.
363 503 438 571 ἀλλ’
462 499 513 569 dre
536 503 642 571 τθσσον
666 480 879 583 άπῆμενιθσον
903 531 937 571 τε
962 505 1081 584 γέγοινε
1104 505 1243 584 βοήσας,

362 612 467 694 ρ’θραΦοι
481 610 647 684 διώκοντος.
661 613 721 686 τάς
736 611 883 700 (Sirenes)
896 613 922 678 θ’
933 613 967 680 οὐ
979 611 1072 679 λάθεν
1086 612 1222 684 ὠκύαλος
1237 615 1317 685 νηῦς.

166 719 308 785 Fuerunt
331 722 386 805 qui
410 721 485 784 αλλ’
510 717 560 784 ὅτε
584 717 689 784 πθσσον
716 721 797 793 cirri
806 745 820 785 ν
846 717 962 784 θ’σσον
986 743 1021 784 τε
1047 719 1120 799 γέρ.
1141 720 1175 798 β.
1197 717 1358 807 legerent,

167 826 258 892 cuius
289 828 394 892 verine
425 823 569 890 lectionis
603 827 636 890 in
668 824 814 912 pluribus
839 826 1000 892 codicibus
1024 828 1144 892 mentio
1166 824 1220 910 fit,
1242 827 1276 890 in
1298 823 1360 890 BH

168 933 301 998 diserte:
325 934 358 998 οὐ
382 932 445 1009 γάρ
470 929 584 1011 εἵρναεν
609 933 752 1007 άπῆριεν,
777 933 862 1000 uude
886 933 1060 1000 barochius
1083 951 1153 998 eam
1177 932 1211 996 in
1233 935 1360 996 textum

168 1060 263 1104 sunm
288 1039 459 1104 transtulit.
502 1038 550 1104 De
574 1039 632 1104 huc
656 1039 791 1106 lectione
815 1041 861 1106 sie
885 1045 998 1126 argute
1022 1039 1218 1125 disputatur,
1244 1057 1261 1103 e
1285 1037 1361 1103 Por·

168 1145 301 1232 phyrio,
333 1151 429 1230 puto,
459 1151 661 1230 excerptum:
695 1147 777 1217 ἀπῆν
811 1147 828 1219 ῆ
863 1149 955 1218 ναῦς·
986 1148 1037 1209 νῦν
1069 1145 1101 1210 ti
1127 1135 1208 1210 οῖ’ἔν
1232 1153 1271 1225 τῆ
1295 1142 1361 1219 νηΐ·

170 1249 363 1348 προσεπάγει
383 1252 418 1314 τὸ
438 1251 601 1322 διώκοντες.
624 1253 701 1317 άλλ’
721 1251 781 1325 ἔθος
803 1250 871 1334 ἔχει
892 1253 910 1327 si
932 1253 1054 1332 μετοχῆ
1075 1252 1110 1316 τὸ
1123 1252 1200 1317 αὐτὸ
1213 1247 1360 1316 δύνασθαι

172 1359 214 1438 τῷ
242 1361 356 1437 ρ’ῆριασι
380 1357 465 1434 μετὰ
489 1362 543 1422 τοῦ
564 1358 677 1434 ἔπειθῆ.
699 1374 769 1424 κτλ.
788 1357 876 1446 (HQ)
889 1359 969 1423 Sunt
988 1359 1066 1424 haec
1085 1359 1192 1426 verbis
1214 1363 1363 1442 concepta

172 1467 307 1530 minime
330 1464 560 1552 Porphyrionis
583 1472 615 1530 et
634 1473 669 1530 nt
690 1466 723 1530 in
744 1471 889 1551 excerpto
911 1465 1191 1548 brevissimis,sed
1212 1485 1252 1529 nc
1270 1461 1363 1549 plane

172 1592 235 1635 non
265 1571 468 1648 cohaereant,
502 1571 610 1636 eddita
641 1572 797 1657 particula
820 1571 939 1637 causali
963 1574 1009 1636 ita
1032 1571 1212 1636 scribenda:
1237 1571 1361 1645 θπῆνῆ

173 1683 264 1749 ναῦς·
299 1684 349 1744 νῦν
379 1679 411 1744 δὲ
443 1680 468 1742 oi
500 1678 530 1742 ἔν
562 1687 601 1758 τῆ
625 1679 689 1752 ναΐ·
718 1676 910 1758 προσεπάγει
935 1677 1040 1763 (γάρ)
1067 1675 1162 1760 (belle
1187 1676 1230 1757 Q:
1256 1698 1363 1756 προσε-

173 1783 264 1861 esp„
297 1789 328 1852 et
358 1791 429 1870 post
458 1804 557 1869 penca
582 1783 669 1864 ἔχθος
696 1781 763 1864 ἔχει
788 1801 844 1868 pro
868 1781 941 1868 ἔθος)
966 1782 1000 1846 τὸ
1026 1783 1200 1862 διάκοντες,
1227 1801 1363 1868 quorum

173 1891 329 1956 sententia
351 1891 428 1958 haec
454 1897 517 1958 est:
545 1891 668 1958 Dicitur
692 1896 725 1957 in
742 1889 898 1979 singulari
916 1891 1017 1976 άπῆν,
1041 1891 1095 1958 sed
1116 1892 1238 1976 proprie
1250 1894 1364 1956 nautes

172 1996 335 2085 intellegit
363 2003 476 2084 poeta,
507 1998 568 2064 hoo
598 1998 674 2062 cuim
707 1996 845 2062 declarat
875 1999 1019 2081 sequenti
1050 1995 1167 2082 plurali
1200 1995 1363 2070 διώκοντες.

177 2102 224 2170 De
247 2125 280 2170 re
303 2107 372 2190 ipsa
396 2105 586 2179 satisfaciet,
610 2103 649 2170 ad
674 2125 773 2190 quern-
793 2101 921 2191 ablegn,
946 2101 1137 2170 Buttmanni
1162 2103 1334 2170 adnotatio.

220 2339 256 2392 μ.
290 2313 369 2382 220.
402 2315 583 2382 Σκοπέλωνς
614 2315 712 2386 ἔνικῶς
745 2315 909 2392 σκοπέλου,
938 2323 994 2390 τῆς
1020 2315 1176 2390 Σκύλλης.
1202 2313 1260 2402 (H)
1281 2313 1364 2380 Sori-

174 2423 267 2489 bam:
294 2422 415 2509 (ἔνιοι)
440 2424 540 2494 ἑνικῶς
564 2421 733 2500 σκοπέλου,
758 2423 841 2508 quod
864 2421 1005 2509 Didymo
1028 2423 1191 2508 proprium
1216 2428 1274 2486 est.

221 2661 258 2713 μ,
285 2633 361 2702 228.
395 2633 506 2701 Ulixes
536 2633 680 2722 Scyllum
712 2635 913 2720 opperiturus
943 2638 1066 2700 narret:
1102 2634 1201 2714 αὐτὰρ
1226 2631 1287 2710 ἐγὼ
1312 2655 1367 2697 κα·

176 2741 272 2810 ταθὺς
297 2743 399 2807 κλυτά
423 2739 543 2822 τεύχεα
558 2779 598 2791 --
612 2743 655 2814 εἷς
681 2739 761 2820 ἔκρια
785 2740 850 2814 onds
875 2737 998 2817 ἔβαινον
1022 2735 1145 2821 πρῴρης.
1173 2737 1368 2806 Observatur

177 2853 210 2916 in
230 2847 398 2937 Vulgatis:
420 2847 472 2914 xa}
492 2849 556 2928 γάρ
576 2849 602 2912 oi
623 2848 679 2914 θεοὶ
699 2849 915 2927 πιπράσκονται
938 2845 988 2911 καὶ
1010 2845 1132 2914 εθκουσι.
1155 2847 1261 2914 Immo
1274 2867 1367 2913 vero:

177 2957 230 3022 καὶ
265 2957 328 3035 γάρ
360 2954 454 3040 (καὶ)
485 2956 510 3020 οἱ
542 2955 600 3020 θεοὶ
632 2958 847 3032 τιτρώσκονται
879 2955 931 3020 καὶ
959 2952 1084 3030 εέκοιισι,
1112 2955 1173 3020 nisi
1197 2955 1269 3039 quia
1291 2952 1369 3018 haee

177 3065 238 3128 diis
250 3085 328 3147 proc
345 3061 535 3128 mortalibus
554 3060 695 3128 accidere
707 3063 878 3128 existimet.
926 3059 1136 3146 Saepissime,
1151 3066 1187 3126 ut
1201 3060 1370 3145 aliquoties
1463 3115 1467 3124 .

178 3170 305 3252 monui,
330 3167 465 3234 alterum
491 3167 543 3231 sul
568 3187 641 3232 cum
673 3168 847 3234 sententies
874 3166 1064 3233 detrimento
1088 3166 1266 3244 intercidit,
1293 3185 1368 3234 non·

177 3295 340 3360 nunquam
373 3295 389 3340 e
421 3275 583 3341 codicibus
605 3280 797 3352 retractum,
822 3279 860 3340 ut
883 3299 900 3350 ιρ
926 3271 987 3340 83:
1019 3273 1070 3338 acl
1096 3273 1159 3353 γὰρ
1185 3273 1248 3340 άπὸ
1273 3273 1369 3346 οἰκθας

177 3385 231 3448 καὶ
253 3383 375 3455 ἔσθῆτος
397 3381 449 3446 καὶ
471 3381 658 3460 θεραπθντιον
679 3381 743 3448 ἔστι
764 3381 976 3460 τεκμήρασθαι
997 3379 1032 3444 τθ
1054 3377 1114 3451 ἔθος
1137 3385 1194 3446 τῶν
1206 3381 1372 3445 δεσποτῶν.

179 3486 326 3574 (uPQT).
351 3487 423 3554 Non
443 3508 481 3552 ex
497 3487 548 3553 his
569 3489 640 3552 solis
660 3488 861 3554 dominorum
883 3509 986 3552 mores
1007 3493 1247 3575 cognoscuntur,
1263 3489 1371 3572 itaque

178 3600 317 3682 praestet
347 3596 398 3660 καὶ
432 3594 494 3675 γάρ
519 3595 587 3658 καὶ
612 3593 675 3659 άπὸ
703 3595 819 3679 οθκθοος,
845 3595 928 3680 quod
953 3593 1007 3675 EQ
1033 3595 1192 3678 praebent.
1217 3594 1313 3680 (App.
1338 3614 1371 3679 p.

180 3701 271 3788 770.)
296 3739 337 3752 -
364 3702 485 3768 Iterum
518 3700 570 3766 καὶ
601 3700 809 3787 supplendum
841 3706 906 3779 est,
930 3719 1125 3786 quamquem
1149 3699 1239 3766 nullo
1263 3700 1370 3767 codice

179 3830 263 3876 nune
282 3809 464 3892 addicente,
486 3811 519 3874 in
539 3807 714 3875 Herodiaui
734 3813 881 3893 excerpto
901 3807 986 3893 quod
1007 3809 1040 3873 in
1056 3806 1172 3873 vicinis
1184 3806 1318 3894 legitur,
1331 3811 1371 3888 (μ

181 3913 278 4002 284);
307 3915 575 3990 ’Λλαλιρσθαν
608 3914 621 3978 θ
656 3914 885 3990 ’λσκαλιονθτῆς
920 3919 1128 3996 προπερισπᾷ,
1160 3910 1199 3979 ἵν’
1231 3909 1372 3994 θπαροι-

181 4022 317 4100 κειμένοιι
347 4021 456 4104 χρθνον
487 4021 550 4087 άπὸ
579 4025 633 4086 τοῦ
667 4022 751 4095 άλῶ,
783 4023 820 4092 ὡς
845 4021 1039 4094 πεποιῆσθαι.
1067 4019 1196 4085 δύναται
1220 4043 1371 4100 προπαρο-

179 4129 322 4206 ξθνεοθαι
352 4131 391 4201 ὥς
418 4125 575 4214 claustr,
598 4125 636 4194 ἔν’
661 4125 679 4210 ᾖ
701 4125 879 4201 άλάλησθαι
905 4129 1066 4198 ἐνεστῶτος
1090 4124 1208 4207 κρθνου.
1232 4126 1267 4192 πθ
1291 4127 1372 4206 olna

182 4236 282 4315 άλορροι
311 4238 349 4310 olo
380 4235 502 4313 τθθιρμι,
533 4233 653 4314 άλεμαι
686 4236 723 4308 oio
759 4235 900 4313 τίθεμαι,
942 4233 993 4300 καθ
1033 4234 1265 4311 διπλασιασμὸς
1301 4235 1373 4311 μετ’

182 4343 352 4414 ἐπιτάσεοις
402 4343 545 4416 Αἰολικῆς
589 4341 773 4418 άλάλιρμαι,
823 4339 1005 4420 άλάλνρσαι,
1050 4339 1224 4414 α’λάλνται.
1272 4338 1372 4426 (HQ.)

183 4450 331 4540 Oportet,
375 4449 502 4514 δύναται
547 4448 639 4537 (καὶ)
682 4447 960 4528 τροπαροξθιεσθαι
1004 4448 1042 4520 ὥς
1087 4443 1238 4512 Αἷσλικθν.
1293 4444 1370 4514 Mox
