3278 5148
722 363 784 433 291

158 554 292 618 ιιαότοι
324 537 537 622 stanles:
571 559 818 624 ἀπαίδευτα.
844 561 870 624 εἰ
894 561 939 637 μη
963 561 1027 640 γόιρ
1052 570 1199 628 ονννοοῑτο
1222 563 1256 626 τό
1281 561 1351 628 ast-

157 685 222 745 τοι,
253 661 358 731 ἄλλοις
389 663 513 729 οὑιιόιν
545 667 759 741 οὶιιολονόηται.
789 669 806 742 ἣ
831 667 952 746 α’λιτρός
978 669 1046 732 ἀντὶ
1071 673 1124 732 τοῦ
1150 670 1347 750 πολύπειρος,

158 770 263 832 πολλοὶ
288 769 503 850 προσκρούσας.
530 773 646 857 [καίτοι
669 775 714 848 μὴ
738 773 820 845 εἰδὼς
840 775 1032 853 ἀποφώλια,
1053 777 1127 840 ἀλλ’
1146 771 1226 852 daos
1250 779 1349 844 οόπαό-

158 876 252 940 δευτα
275 877 440 962 ἥμαρτες]
464 880 584 956 Φινλεόν
609 879 640 942 δὲ
662 878 792 956 λέγεται
815 880 850 944 τό
870 891 1022 960 τχολεῖον.
1041 882 1055 945 ό
1076 886 1150 959 γοῦν
1170 885 1222 960 μη
1236 891 1347 963 Φοιτῶν

157 983 199 1051 εἰς
224 965 269 1046 τό
283 981 382 1064 ᾠδεῖον
408 983 538 1062 λέγεται
563 986 758 1065 ἀποφώλιος,
783 1007 846 1070 quo
869 989 902 1051 in
926 988 1046 1054 scholio
1066 1008 1202 1073 eaquae
1223 992 1348 1056 unoinis

158 1088 271 1153 inclusi
308 1089 440 1156 delenda
474 1092 556 1156 mihi
591 1092 757 1175 videntur,
794 1099 826 1158 et
862 1097 1009 1177 quoniam
1043 1115 1082 1160 na
1105 1094 1348 1180 loquacissimus

157 1195 286 1279 quidem
327 1199 573 1281 epitomatorem
618 1201 652 1262 in
696 1200 783 1264 brevi
824 1205 926 1284 spatio
967 1209 1012 1265 ter
1055 1201 1140 1267 idem
1177 1202 1346 1268 dicendum

156 1321 223 1367 esse
257 1305 320 1368 sibi
354 1311 459 1369 sumet
486 1313 518 1368 et
548 1305 698 1390 quoniam
729 1327 803 1371 oum
828 1327 864 1371 ee
887 1305 1135 1394 significatione,
1161 1328 1240 1393 quae
1263 1329 1346 1374 nuno

156 1407 328 1475 Homerico
361 1409 484 1490 ιόλιτρός
519 1411 687 1487 subditur,
721 1417 827 1497 sperte
860 1419 1015 1501 pugnant.
1062 1413 1126 1480 eeu
1161 1415 1200 1479 ad
1238 1417 1344 1500 ipsum

155 1514 372 1601 Porphyrium
397 1523 604 1582 revertamur.
649 1516 801 1583 Mendose
825 1521 978 1604 seriptum
1005 1526 1067 1586 est:
1091 1523 1142 1585 τὸν
1166 1522 1229 1599 γόιρ
1250 1521 1346 1586 dral-

155 1621 258 1685 δεντον
281 1623 334 1685 ονίι
357 1622 484 1694 instate
508 1622 524 1686 ό
531 1647 602 1686 ντα
632 1623 853 1701 τΦιόλλεοόαι,
877 1625 928 1689 τὸν
951 1627 982 1691 δὲ
1006 1626 1246 1704 πεπαιδευμένον
1271 1629 1345 1692 όαιι·

155 1727 276 1812 μαστὸν
310 1729 406 1792 όντα
443 1735 616 1806 σφαλῆναι.
662 1729 725 1796 Res
761 1733 847 1796 onim
881 1735 949 1818 ipsa
984 1737 1109 1797 tantum
1142 1755 1204 1800 non
1228 1733 1346 1800 clamat

154 1834 281 1904 οὶπειιιός
315 1833 352 1898 όν
383 1844 415 1900 et
447 1837 626 1912 όαυματτὸν
651 1835 687 1901 ὃν
711 1839 805 1901 scribi
830 1843 981 1922 oportere.
1029 1839 1150 1905 Deinde
1173 1840 1345 1906 articulum

153 1941 279 2022 requiro
310 1941 342 2004 in
374 1941 441 2006 his:
466 1942 500 2005 τὸ
526 1943 708 2022 ἀμφίβολον
734 1944 871 2017 ἐποιήτεν
895 1945 908 2007 ό
934 1949 1126 2020 πλεονασμὸς
1153 1953 1205 2010 τοῦ
1232 1971 1265 2011 τε
1291 1949 1344 2014 καὶ

154 2047 201 2132 (ἡ)
233 2044 372 2124 ἔλλειψις
398 2053 541 2126 τοῦπερ.
590 2049 731 2114 Tandem
756 2069 818 2114 non
843 2051 935 2129 ρήόεόι
961 2053 1024 2132 γόιρ
1048 2049 1123 2116 οὕτω
1150 2049 1189 2129 »ἦ
1213 2055 1248 2128 δη
1271 2055 1344 2118 αλι-

153 2151 222 2231 τρός
255 2154 358 2230 ατλ.”,
390 2151 481 2225 οὕτως
514 2155 553 2220 ἂν
575 2154 620 2229 εἴη
646 2157 659 2218 ό
685 2154 777 2226 αὐτός
802 2162 886 2220 reete
911 2156 1022 2240 habet,
1046 2159 1101 2223 sed
1125 2161 1341 2236 προορηόεός,

153 2265 186 2323 et
221 2261 266 2325 sio
301 2259 341 2324 ad
371 2259 502 2326 alteram
537 2267 658 2346 partem
692 2261 916 2346 disputationis
940 2263 1177 2349 Porphyrianee
1201 2273 1343 2345 transeo,

153 2386 234 2450 quae
267 2373 315 2432 est
347 2367 385 2432 de
418 2387 492 2432 roos
523 2369 657 2445 ἐπητής,
680 2389 781 2453 neque
805 2371 905 2453 ipsam
930 2370 1053 2434 mendis
1077 2377 1246 2436 carentem.
1295 2373 1344 2438 Ao

152 2475 311 2559 primum,
348 2475 431 2559 quod
466 2478 532 2539 iam
569 2476 646 2540 olim
677 2477 801 2550 notavi,
835 2474 1024 2540 alterutrum
1049 2485 1191 2562 superest
1214 2480 1247 2542 in
1272 2478 1340 2544 his:

152 2581 188 2646 τό
223 2581 336 2656 tenet:
374 2583 405 2646 δ’
442 2583 551 2647 ἐστὶν
587 2583 672 2662 ταρόι
707 2583 743 2645 τό
778 2582 849 2652 ἔπος
883 2583 1028 2661 γέγονεν,
1053 2581 1152 2664 ὥσπερ
1181 2586 1266 2665 παρόν
1291 2587 1343 2649 τὸν

151 2686 245 2764 λόγον
269 2687 383 2766 λόγιοι.
431 2688 467 2753 ln
493 2687 671 2754 Observatt.
691 2689 734 2773 (p.
759 2687 815 2777 54)
838 2689 965 2767 γέγονεν
990 2689 1121 2767 seclusi,
1148 2711 1231 2756 nuno
1255 2711 1342 2778 prae·

152 2794 235 2859 fero:
266 2794 300 2859 τό
329 2795 379 2859 ἐπ.
403 2796 419 2860 δ
428 2795 442 2858 l
466 2795 553 2874 παρόν
577 2796 612 2859 τό
636 2793 705 2866 ἔπος
731 2796 875 2872 γέγονεν,
900 2793 998 2874 ὥσπερ
1022 2811 1102 2868 ara..
1127 2798 1266 2862 confusis
1291 2797 1342 2866 vel

151 2903 259 2986 potius
283 2903 440 2966 inunum
464 2904 640 2966 coniunctis
662 2901 756 2990 siglis
780 2907 832 2967 τοῦ
858 2902 889 2967 δέ
913 2909 945 2968 et
969 2908 1021 2968 τοῦ
1047 2903 1129 2968 ἐστίν
1153 2903 1340 2970 simillimis.

150 3006 221 3091 (eir.
245 3005 331 3072 Bast.
356 3029 386 3094 p.
411 3006 476 3073 803
501 3017 533 3073 et
557 3007 646 3093 809).
672 3008 822 3094 Sequitur
844 3016 914 3093 post
937 3029 1054 3095 panea:
1080 3011 1130 3075 ast
1155 3012 1219 3090 γὰρ
1239 3011 1341 3092 ulyxi·

151 3135 217 3177 νοια
245 3113 297 3176 καὶ
325 3114 469 3194 φρόνησις
497 3118 681 3192 συνήρτηται
703 3115 900 3194 λογιότητος·
919 3117 972 3180 καὶ
994 3115 1154 3194 ἐξηγεῖται
1176 3116 1341 3196 τυλλαβόον

151 3217 321 3298 λογιότητα
346 3221 398 3286 καὶ
422 3223 589 3302 ἀγχίνοιαν
613 3223 665 3285 καὶ
690 3220 833 3301 φρόνησιν
859 3217 953 3294 ἐντός
980 3229 1058 3303 Φητι
1082 3229 1154 3302 πρὸς
1175 3224 1226 3288 τόν
1247 3224 1341 3290 αὐτόν

152 3326 241 3404 „lael
270 3313 319 3391 τόν
340 3327 397 3404 μέν
422 3329 486 3392 ἐστι
512 3328 626 3405 βροτῶν
649 3326 702 3408 ὄχ’
726 3325 845 3405 ἄριστος
871 3326 1018 3394 ἁπάντων
1041 3329 1139 3412 βουλῇ
1164 3331 1217 3396 καὶ
1240 3332 1342 3407 μόόοι-

151 3432 215 3498 τιν”
238 3435 266 3518 (ν
287 3431 379 3516 296).
404 3437 418 3499 ό
443 3437 505 3512 γόιρ
529 3433 648 3515 ἄριστος
673 3435 703 3499 όν
727 3435 825 3516 βουλῇ
852 3435 896 3522 [ό]
924 3435 1069 3516 Φρόνιμος
1094 3437 1146 3500 καὶ
1171 3439 1340 3517 ἀγχόναις,

151 3541 166 3605 ό
188 3540 220 3606 tt
244 3539 366 3621 ι’όριοτοο
387 3542 417 3605 όν
439 3543 543 3619 μὺόοις
568 3543 609 3629 [ό]
634 3540 748 3617 leardo
773 3544 825 3606 real
852 3543 966 3619 λόγιος.
991 3549 1121 3615 τοιοῦτον
1146 3544 1173 3609 δ’
1196 3543 1233 3608 ἂν
1258 3547 1302 3618 sla
1325 3546 1339 3610 ό

114 3671 119 3690 ·
150 3649 204 3713 οὐκ
238 3646 407 3729 ἀποφώλια
442 3650 524 3720 erto.
555 3651 655 3726 μόνον.
702 3648 740 3713 In
772 3647 821 3713 his
853 3651 992 3734 primum
1018 3651 1171 3736 seriptum
1196 3659 1338 3736 oportet:

149 3754 302 3834 ἆγχόνοιοι
332 3781 361 3820 ιι.
393 3754 535 3834 Φρόνησιν
566 3756 749 3834 συνήρτηται
782 3757 977 3834 λογιότητι,
1007 3763 1077 3821 tum
1107 3758 1194 3823 dedet
1216 3757 1339 3844 aliquid

150 3861 184 3926 in
206 3861 264 3938 iis,
289 3881 369 3947 quae
391 3863 469 3928 haee
491 3861 665 3946 excipiunt.
713 3861 872 3926 Homerus
895 3865 981 3928 enim
1006 3868 1071 3940 est,
1093 3866 1149 3948 qui
1170 3865 1337 3944 συλλαβὼν

150 3963 328 4050 ἐξηγεῖται,
354 3970 491 4053 -quis
522 3970 608 4033 enirn
638 3969 738 4034 nescit
769 3968 874 4046 δόγμα
898 3967 1156 4055 Porphyrianum
1180 3973 1219 4042 ss
1243 3973 1336 4043 αὐτὸς

150 4071 258 4137 ἑαυτόν
281 4075 324 4137 τόν
348 4075 454 4138 πολλοὶ
475 4069 613 4151 Ὅμηρος
635 4071 817 4151 ἐξηγεῖταιό
839 4111 879 4124 --
900 4095 961 4141 non
985 4076 1036 4140 hio
1060 4082 1167 4140 autem
1192 4083 1256 4154 est,
1282 4081 1338 4164 qui

150 4181 212 4246 iste
244 4179 331 4258 „trel
364 4181 402 4244 σὺ
436 4178 493 4256 μέν
528 4181 595 4244 ἐστι
631 4180 723 4246 κτλ.”
759 4180 798 4245 ad
833 4179 962 4246 Ulixem
997 4180 1089 4258 dicit,
1127 4203 1239 4248 verum
1274 4183 1337 4248 lili-

150 4307 261 4362 nerva,
288 4291 478 4372 quapropter
500 4286 702 4352 scribendum
725 4289 882 4372 suspicor:
909 4287 961 4351 ιιιιι
987 4285 1147 4364 ἐξηγεῖται
1169 4289 1337 4367 συλλαβὼν

151 4390 322 4470 λογιότητα
359 4426 412 4442 --
448 4393 477 4456 ἐν
513 4388 552 4464 οἷς
584 4397 663 4472 Φηοι
695 4391 767 4470 πρός
799 4392 849 4456 τόν
874 4393 967 4458 αὐτόν
992 4395 1160 4481 (Alanoi)
1187 4394 1274 4474 ,sset
1300 4396 1338 4461 οὺ

152 4498 207 4575 μέν
239 4499 302 4563 ἐστι
336 4499 426 4564 κτλ.”
451 4499 593 4564 Tandem
618 4500 650 4564 in
675 4499 791 4565 ultima
814 4499 1038 4583 disputationis
1062 4502 1188 4586 periodo
1212 4502 1261 4567 bis
1284 4502 1339 4570 de·
