3278 5148
748 353 813 422 287

180 541 279 612 fieret.
327 543 411 624 Quid
443 547 529 611 enim
561 549 626 611 est:
655 538 706 610 dre
731 545 788 622 μέν
812 541 906 620 aaa„
929 543 964 610 τδ
989 567 998 609 ν
1022 543 1154 624 βραχύέ
1178 542 1283 622 „alin
1308 563 1376 610 eor·

179 650 348 736 ruptum.”
381 649 564 718 Diudorlius
594 651 769 738 respondet.
806 651 951 730 »δέξηται
976 651 1029 720 vel
1053 651 1123 732 δέξρ
1144 651 1373 717 Buttmannus.

179 756 296 824 Sensus
331 758 471 843 postulat
503 758 600 839 ἕχει.”
647 757 718 826 Ηοο
749 757 818 825 loco
848 759 1067 826 Buttmannus
1098 758 1220 844 aliquid
1241 758 1375 824 humani

179 883 291 948 passus
321 870 386 942 est,
419 865 514 950 adeo,
540 903 581 916 -
607 866 691 950 quod
713 865 887 932 admodum
911 885 981 931 raro
1005 867 1035 931 ei
1059 864 1189 941 accidit,
1217 901 1260 914 -
1285 865 1374 930 ahso-

179 991 259 1036 num
282 975 330 1036 ost
353 977 527 1058 utrumque
551 973 635 1058 quod
659 975 833 1058 proposuit.
869 970 1052 1038 Dindorlius
1072 973 1112 1038 ad
1130 969 1193 1036 alia
1204 991 1374 1056 properans

179 1097 307 1142 sensum
343 1079 531 1146 restituendi
560 1078 708 1146 vocabuli
732 1080 871 1146 indicare
895 1081 973 1146 satis
997 1079 1128 1163 habuit,
1154 1079 1374 1144 emendatione

180 1183 367 1269 supersedit.
391 1186 437 1250 At
459 1223 499 1236 -
522 1189 642 1252 mirum
663 1186 751 1252 dictu
766 1223 806 1234 -
821 1186 1042 1252 emendatione
1061 1185 1125 1251 fere
1144 1205 1184 1250 ne
1204 1205 1282 1270 opus
1302 1187 1374 1270 qui·

181 1289 254 1354 dem
266 1295 325 1355 est.
338 1290 429 1356 Nihil
441 1294 526 1358 enim
539 1292 693 1360 vocabulo
706 1299 852 1377 corrupto
865 1293 905 1358 ad
917 1295 1138 1382 integritatem
1151 1292 1239 1357 deest
1251 1295 1375 1377 praeter

181 1395 377 1482 adscriptum
408 1401 475 1464 sive
502 1399 719 1485 subscriptum
744 1424 771 1484 ν,
795 1400 977 1486 quodcum
1001 1401 1213 1466 recentiorum
1237 1419 1375 1484 pronun·

181 1504 316 1570 ciatione
349 1525 411 1571 non
447 1505 609 1572 efferretur
642 1509 817 1572 sexcenties
848 1513 904 1574 aut
934 1527 1099 1594 perperam
1131 1507 1294 1571 omittitur
1317 1511 1374 1571 aut

181 1609 356 1675 infercitur.
404 1611 528 1698 Nempe
551 1613 647 1678 homo
671 1613 776 1679 dedit:
802 1608 853 1678 dre
877 1613 934 1691 μέν
959 1611 1051 1693 teas
1074 1614 1109 1699 (i.
1137 1633 1165 1678 e.
1193 1612 1315 1698 δέξει)
1339 1616 1374 1678 τὸ

182 1738 192 1778 ο
222 1715 350 1797 βραχύ,
379 1717 659 1806 προπαροξύνεται,
685 1715 734 1784 ὅτε
760 1719 791 1784 δέ
815 1717 951 1805 μακρόν,
977 1717 1192 1800 παροξύνεται.
1240 1717 1374 1804 Aliquo·

177 1824 240 1888 ties
270 1826 335 1888 iam
368 1824 461 1907 attigi
485 1830 769 1914 grammaticorum
793 1826 1056 1892 cousuetudinem
1081 1825 1218 1892 seeundo
1243 1845 1377 1912 persona

171 1931 206 1994 in
242 1929 518 2015 disquisitionibus
554 1953 589 1998 ae
622 1936 798 2018 praeceptis
829 1933 941 1999 utendi
974 1939 1006 1999 et
1038 1935 1128 2019 quasi
1161 1953 1234 1998 cum
1258 1932 1377 1999 lectore

158 2032 407 2104 loonfabulandi.
453 2037 502 2106 Ne
533 2039 751 2126 Porphyrium
787 2047 947 2108 cantorem
974 2040 1161 2123 adhibeam,
1188 2060 1283 2125 quem
1308 2060 1377 2105 sas·

173 2144 306 2228 pissime
341 2153 466 2210 constat
501 2146 546 2212 sic
577 2167 644 2212 esse
676 2146 841 2222 locutum,
868 2185 910 2198 -
933 2145 1010 2212 οὕτω
1034 2145 1138 2219 λύσεις
1164 2149 1201 2232 (ο.
1228 2147 1276 2233 1),
1300 2143 1376 2210 οὕτω

176 2249 233 2314 νόει
259 2251 312 2312 καὶ
338 2250 372 2314 τὸ
396 2265 466 2314 κτλ.
495 2253 536 2332 (o.
562 2251 640 2337 IX),
666 2289 707 2302 -
727 2258 839 2337 utpote
863 2255 918 2338 qui
942 2253 1141 2338 quaestiones
1166 2271 1239 2318 suas
1263 2254 1379 2319 Home·

177 2357 259 2420 rioas
291 2358 346 2420 uni
383 2359 450 2424 viro
482 2359 645 2444 scripsisse
667 2360 770 2425 videri
794 2359 942 2438 volebat,
967 2362 1008 2426 iis
1032 2357 1186 2444 exemplis
1210 2379 1290 2444 quae
1312 2360 1376 2425 iam

176 2467 212 2530 in
244 2465 461 2549 superioribus
495 2466 592 2532 huius
624 2468 723 2532 moris
755 2467 871 2542 attuli,
902 2466 964 2534 alia
987 2489 1072 2532 nuno
1096 2466 1250 2552 quaedam
1274 2487 1378 2532 none

178 2569 410 2658 Porphyrionis
434 2573 537 2658 petita
560 2573 786 2662 adiungentur.
834 2573 970 2662 Legitur
992 2596 1025 2640 v.
1049 2595 1076 2639 o.
1101 2573 1287 2639 huiusmodi
1307 2593 1378 2639 con·

178 2678 313 2745 structio
348 2680 364 2744 δ
402 2677 485 2756 456,
523 2680 578 2744 ubi
615 2679 653 2746 de
688 2681 803 2747 Proteo
835 2701 937 2746 sermo
970 2687 1033 2748 est:
1066 2679 1186 2746 δτνοέεν
1212 2679 1273 2766 (vs.
1298 2677 1379 2765 418)

177 2785 294 2862 ἑρπετὰ
331 2780 398 2850 εἷπε
431 2785 539 2865 μένον,
574 2787 627 2852 καὶ
658 2791 707 2852 νῦν
741 2789 851 2854 λέοντα
885 2787 938 2852 καὶ
963 2787 1116 2866 πάρδαλιν
1141 2786 1175 2873 (l.
1201 2786 1301 2874 τδρδ.)
1324 2785 1376 2852 καὶ

179 2893 245 2954 οὖν.
271 2889 324 2954 καὶ
347 2892 410 2969 μὴν
434 2892 519 2958 αὐτοὶ
544 2891 672 2977 (malim
697 2896 833 2982 ταῦτα)
861 2895 976 2974 έρττετοδ
1000 2895 1163 2981 οὑκζεὶοέν.
1188 2896 1264 2960 ἀλλ’
1288 2895 1379 2960 εἰπὼν

180 2993 267 3076 „doo'
299 2997 350 3062 έτδ
382 2998 499 3076 parad
526 2999 586 3086 (vs.
609 2999 689 3081 417)
713 3001 801 3077 δηλοῖ
822 3003 884 3068 ἀπὸ
908 3003 1016 3081 μέρους
1040 3003 1075 3068 τὸ
1099 3005 1172 3068 πᾶν.
1198 3003 1228 3066 έν
1251 3001 1316 3083 γὰρ
1338 3011 1377 3084 τῇ

179 3113 222 3185 γῇ
254 3103 306 3168 καὶ
340 3104 475 3184 ἑρπετά,
510 3101 569 3170 οἷον
592 3105 772 3187 δράκοντες.
796 3109 848 3174 καὶ
872 3107 984 3174 ἄλλα
1009 3105 1082 3176 ὅσα
1106 3108 1152 3175 ἄν
1177 3108 1304 3190 elnac.
1330 3107 1377 3196 [τὸ

178 3210 242 3291 γὰρ
268 3207 354 3290 „dcc’
378 3212 429 3276 ἐπὶ
456 3213 572 3291 parad
597 3212 704 3280 adera
737 3215 826 3290 δηλοῖ
847 3216 900 3282 καὶ
923 3217 1039 3296 &prece
1063 3216 1115 3282 aul
1140 3217 1284 3302 ἀλλοῖα]
1309 3215 1377 3301 (ll),

178 3339 241 3405 quo
276 3321 311 3384 in
341 3319 460 3386 scholio
492 3327 525 3385 et
556 3323 848 3407 interpunctionem
879 3326 1001 3390 correxi
1022 3323 1169 3410 pluribus
1192 3323 1271 3390 locis
1294 3322 1379 3408 apud

179 3425 315 3492 editores
350 3445 549 3512 perversam,
582 3433 614 3494 et
645 3429 942 3495 manifestissimam
975 3429 1227 3517 dittographiam
1260 3432 1295 3496 in
1318 3429 1379 3496 line

180 3531 424 3620 expungendam
459 3553 576 3600 censeo.
626 3533 784 3602 Similiter
811 3536 851 3600 ad
874 3551 894 3600 λ
921 3533 983 3602 311
1011 3536 1049 3603 de
1073 3535 1133 3602 Oto
1158 3542 1190 3602 et
1212 3534 1378 3622 Ephialte:

180 3637 366 3720 έννεοέχρονον
390 3640 452 3717 γὰρ
478 3639 635 3718 γενόμενον
660 3677 713 3692 --
739 3636 817 3716 ἦσαν
949 3643 1161 3723 έννεαορνννοέ.
1193 3644 1381 3719 ἐννόησον

181 3741 246 3812 οὖν
282 3746 321 3810 ἐκ
356 3747 515 3820 τούτου,
551 3746 635 3827 εἴπερ
668 3747 706 3816 ἂν
739 3751 782 3822 εἷς
807 3750 917 3830 μέτρον
940 3750 1065 3827 ἡλιαίας
1089 3747 1187 3816 ἵκοντο
1213 3751 1256 3838 (v.
1282 3748 1379 3836 317),

181 3855 274 3919 ὁποῖον
299 3851 431 3928 ἔμελλον
455 3853 587 3920 locotus.
614 3855 807 3935 ὑπερέβαλον
831 3856 955 3930 πάντας
982 3856 1020 3925 ἂν
1045 3860 1097 3924 τδν
1119 3857 1233 3924 Τιτυὸν
1252 3893 1272 3908 -
1288 3893 1307 3907 -
1326 3857 1379 3922 καὶ

181 3960 233 4025 τὸν
256 3959 405 4040 Ὠρίωνα.
431 3960 502 4046 (Β),
527 3961 611 4027 unde
634 3965 668 4028 in
693 3965 871 4048 antiquiore
896 3963 1015 4030 scholio
1040 3985 1079 4030 ex
1099 3963 1133 4030 Η
1155 3985 1250 4051 super
1269 3964 1381 4032 eadem

180 4087 215 4134 re
245 4068 351 4134 versui
384 4065 449 4132 309
483 4067 642 4154 adscripto
678 4069 806 4136 omnino
841 4069 1024 4148 αὐξηθέντες
1057 4066 1106 4136 οὖν
1139 4070 1381 4152 ὑπερέβαλον

182 4172 220 4239 δν
256 4174 309 4237 καὶ
343 4175 438 4259 (τὸν)
461 4173 574 4240 Τντνέν
599 4175 644 4260 (p.
669 4173 753 4259 502,
779 4175 838 4257 24)
860 4177 1097 4243 rescribendum
1122 4181 1179 4244 est.
1227 4176 1276 4244 iix
1300 4179 1382 4242 anti-

181 4279 346 4367 quioribus
380 4281 601 4369 grammaticis
633 4301 861 4368 nonnunquam
893 4285 939 4350 sio
968 4282 1153 4369 loquentem
1187 4281 1378 4372 deprehendi

182 4387 390 4464 Nicanorem,
414 4409 448 4453 v.
472 4409 499 4454 o.
523 4387 563 4452 ad
587 4385 608 4470 ζ
630 4387 715 4474 302,
740 4391 796 4455 ubi
821 4389 979 4458 Nausicaa
1003 4389 1111 4456 Ulixi:

409 4495 443 4560 od
466 4495 522 4572 μέν
546 4493 609 4580 γάρ
631 4519 662 4562 τι
688 4495 808 4564 έοννιέτα
832 4505 910 4564 τοῖον
935 4495 1082 4564 τέτυκται
