3220 5144
714 339 780 408 493

150 527 226 612 ipsa.
261 527 346 616 App.
371 551 403 617 p.
428 529 529 618 celi,
553 531 643 598 οἰλλοί
668 533 826 614 ιίορίστυς.
850 534 885 600 τί
910 530 1152 609 πεπιστευμένον
1175 535 1217 612 τῷ
1242 533 1343 617 οἰκέτη
1411 582 1413 590 .

134 635 192 706 ἐἰς
218 624 413 714 πλεονασμὸν
437 639 490 702 καί
516 638 648 704 έπιίοσιν
674 637 760 718 cirri.
807 639 941 706 Lemma
964 639 1071 710 deici.
1097 639 1151 705 sed
1174 640 1344 708 manifesto

150 741 293 808 scholion
327 743 386 810 hoc
418 745 457 812 ad
493 746 733 830 praecedentem
763 768 891 812 versum
925 745 1124 814 referendum
1149 753 1234 824 erat;
1260 747 1344 832 quod

151 868 213 932 quo
237 849 354 916 clarius
374 859 542 937 appareat.
564 850 734 918 Homerica
747 873 915 938 epponem.
938 851 1113 918 Dominum
1127 851 1287 937 desidere,
1301 889 1343 902 -

149 957 255 1040 inquit
279 994 320 1004 —
346 959 453 1042 quisi
478 957 601 1024 adesset
625 959 706 1024 mihi
729 957 892 1044 peculium
917 960 1130 1044 permisisset,

312 1061 364 1127 63.
413 1058 462 1128 oiri
487 1087 522 1128 τε
548 1059 569 1145 ᾧ
594 1066 669 1137 οἰκῆι
695 1063 775 1140 οἰναΕ
799 1064 927 1142 εὔθυμος
952 1064 1079 1142 ἔδακεν,
1095 1101 1135 1116 --

310 1168 361 1236 65.
411 1167 441 1240 ὅς
466 1172 491 1236 οἰ
516 1174 623 1236 πολλοὶ
649 1171 784 1252 κοίμησι,
810 1172 874 1242 θεὸς
899 1171 924 1236 δ’
948 1171 998 1236 es>
1025 1170 1110 1251 ἔργον
1131 1169 1215 1252 οἰέξη.

149 1272 217 1338 lam
242 1275 320 1340 satis
343 1282 466 1342 cerium
491 1297 558 1342 esse
582 1276 704 1344 confido
727 1277 869 1344 scholion
892 1277 971 1344 haec
990 1285 1148 1363 spectare:
1170 1279 1233 1349 iric
1254 1277 1341 1344 δ’ἰτί

149 1378 235 1458 ἔργον
269 1379 363 1462 ιίέξη,
395 1385 504 1468 itaque
535 1405 602 1450 cese
625 1385 865 1473 corrigendum:
891 1386 924 1450 οιί
948 1388 1242 1463 παρατατικῶς
1266 1383 1342 1450 ἀλλ’.

149 1487 314 1565 οἰορίπτους,
349 1489 480 1556 fortusse
513 1492 630 1558 etiem:
659 1493 695 1555 τί
719 1489 962 1567 πεπιστευμένον
987 1493 1028 1571 τῷ
1051 1492 1153 1574 οἰκέτη
1178 1493 1221 1566 εἰς
1247 1507 1342 1558 πλεο·

149 1595 266 1672 vaccis
286 1595 339 1659 καί
365 1597 496 1662 iridem
520 1596 683 1676 ιίγοίνη,
708 1617 789 1682 quae
813 1597 1012 1683 paraphrasis
1036 1601 1140 1665 vicem
1165 1600 1340 1666 obtineant.

148 1701 375 1790 Imperfectum
399 1723 463 1770 non
486 1706 595 1770 minue
613 1705 728 1772 festivo
747 1703 989 1783 παραποιητικέν
1010 1705 1129 1771 dicitur
1147 1726 1242 1791 quem
1256 1720 1340 1772 τλα-

148 1810 252 1886 τικόν,
284 1811 385 1906 εριιοιί1
399 1830 494 1897 supra
525 1810 653 1878 sustuli.
698 1811 771 1878 Non
796 1811 963 1878 dissimulo
986 1812 1218 1898 suspicionem,
1243 1833 1340 1897 quam

148 1916 201 1982 hic
221 1918 359 1984 strictim
385 1937 484 2000 pono,
508 1937 566 1982 nos
590 1917 809 1984 Aristonicum
834 1919 961 2002 audire,
982 1919 1016 1983 id
1036 1925 1084 1984 esi
1103 1919 1340 1988 Aristarchum.

193 2127 229 2204 ξ,
256 2125 308 2192 68.
356 2127 518 2194 Eumaeus
541 2129 650 2194 omnia
671 2128 757 2194 mala
776 2131 971 2214 imprecatur
990 2127 1147 2196 Helenes:
1169 2130 1208 2201 εἰς
1220 2129 1340 2210 ὤφελλ’

149 2235 274 2310 Ἑλένης
309 2236 371 2300 ere
406 2239 506 2314 Φῑιλον
540 2235 674 2299 cnecon.
709 2234 909 2302 Adnotatur:
947 2243 1009 2307 πῶς
1045 2234 1083 2299 ἂν
1115 2237 1129 2300 ἰ
1159 2237 1339 2310 Πηνελόπης

149 2342 253 2420 πατὴρ
278 2339 404 2422 Ἰκιίριος
430 2341 543 2408 Λιίκυν
564 2341 610 2416 εἰη
634 2344 669 2408 τί
693 2343 797 2422 γένοςς
827 2341 915 2429 (HQ)
936 2341 1143 2409 inseruerim:
1167 2349 1230 2416 πῶς
1251 2339 1339 2431 (οὖν)
1426 2361 1438 2386 ⁹

149 2446 187 2514 ἃν
212 2462 282 2514 κτλ.

192 2660 212 2738 ἔ
221 2709 228 2738 ,
256 2660 332 2727 132.
357 2658 629 2742 cicerculae,
644 2662 769 2743 γεραιέ,
784 2660 854 2736 ἔπος
869 2667 1128 2744 παρατεκτήναιο.

351 2769 395 2856 [εἰ
405 2771 452 2843 πίς
466 2793 510 2836 τοι
523 2769 663 2851 χλαῖνοίν
676 2795 710 2834 τε
722 2770 842 2851 χιτῶνοί
854 2795 890 2835 τε
902 2768 1020 2848 εἵματα
1034 2771 1125 2858 daim]

47 2888 49 2892 ’
147 2874 296 2942 Alterum
331 2896 460 2942 versum
496 2883 629 2950 Διοκλῆς
662 2878 776 2944 οἰέετεί.
810 2877 881 2943 οὔτε
913 2881 977 2958 rea
1001 2880 1018 2954 εἰ
1044 2879 1206 2953 Πηνελόπη
1231 2879 1338 2945 ποίνπα

147 2981 369 3066 ἀμφιέννυσιν,
394 2983 454 3048 οιίἰ·
479 2983 572 3056 οὕτως
596 2983 705 3048 ποίντα
730 2985 781 3049 διὰ
804 2989 894 3050 τοῦτο
918 2985 1090 3068 ψεύδεται,
1111 2986 1200 3051 οἰλλοί
1221 2985 1273 3052 καί
1288 2985 1339 3052 eci

148 3090 241 3164 μόνην
270 3089 423 3154 πολλάκις
454 3091 581 3170 τροφήν.
607 3089 694 3177 (HQ)
718 3088 850 3158 Codices
874 3091 956 3156 nihil
980 3091 1146 3158 dissentire
1170 3093 1338 3171 videntur,

148 3197 210 3260 nisi
234 3196 317 3280 quod
341 3216 398 3281 pro
423 3196 523 3262 altero
547 3196 653 3261 πάντα
678 3200 710 3261 in
734 3195 767 3262 H
788 3203 836 3262 est
856 3197 979 3288 τιίντιις
997 3197 1083 3264 haud
1104 3196 1340 3285 puulorectius.

151 3300 268 3367 'Potum
300 3303 345 3368 sio
373 3303 580 3368 ordinandum
611 3303 754 3370 videtur:
779 3303 849 3370 οὔτε
872 3329 907 3382 y.
932 3307 949 3378 ἡ
975 3315 1049 3379 nnc.
1074 3305 1182 3371 πάντα
1206 3306 1340 3386 ἀμφιέν-

151 3431 247 3486 νυσιν,
271 3409 332 3475 οὔθ’
355 3404 470 3483 οὗτος
495 3410 655 3481 πιίντοις
680 3411 730 3475 ere
754 3416 842 3476 τοῦτο
862 3412 1088 3490 ψεύσεται,
1110 3413 1197 3478 οἰλλοί
1217 3412 1269 3476 καί
1289 3411 1339 3477 ere

148 3513 242 3592 μόνην
267 3514 420 3590 πολλάκις
446 3516 571 3598 τροφήν.
597 3517 680 3598 Quid
697 3519 740 3582 eit
760 3516 915 3588 πολλάκις
935 3517 1012 3584 olim
1033 3517 1340 3585 dixiinOhservaii.

195 3726 229 3805 ξ,
254 3715 354 3793 248.’
379 3729 429 3794 Ad
454 3729 538 3794 έννέα
563 3738 636 3802 νῆας
661 3735 792 3815 στεῖλα,
815 3730 884 3801 θοῶς
911 3730 937 3795 δ’
962 3731 1139 3810 έσαγείρετο
1161 3731 1235 3804 λαός
1258 3730 1343 3822 glos·

149 3833 219 3900 eula
242 3837 275 3898 in
300 3833 353 3902 H:
379 3833 393 3900 ὅ
418 3837 558 3907 ναυτικὸς
584 3835 672 3910 λαός.
697 3839 765 3902 An:
790 3837 832 3901 τὸ
862 3837 1050 3902 ναυτικὸν
1075 3833 1171 3909 hadri
1269 3843 1273 3854 '

195 4042 228 4122 ξ,
254 4043 331 4111 352.
379 4043 491 4112 Ulixes
508 4046 634 4112 insidiis
654 4047 776 4132 petitus
799 4067 832 4113 ec
855 4048 890 4112 iu
915 4067 1003 4112 mars
1024 4047 1224 4132 praecipitat,
1248 4043 1342 4121 μοίλα

151 4152 177 4215 δ’
203 4147 268 4215 ὦκα
296 4153 393 4231 θύρηθ’
422 4149 460 4215 έοι
483 4153 588 4232 cineis
615 4155 740 4218 ἰκείνυν.
778 4151 861 4220 (lum
886 4173 1033 4238 perverso
1057 4153 1209 4218 lemmate
1232 4153 1342 4233 ου’ρηΦι

149 4256 203 4322 V:
229 4255 284 4333 έξυ
309 4259 472 4337 ἀγόμενος.
504 4257 558 4324 eie
578 4259 748 4326 Ramesius
768 4277 809 4325 ex
833 4259 940 4325 codice
964 4281 996 4325 se
1021 4261 1196 4345 reposuisse
1221 4258 1341 4326 fatetur

149 4385 206 4454 pro
230 4364 379 4442 εἰσμειος.
417 4365 534 4432 Leuius
560 4369 745 4434 correxeris:
772 4364 828 4442 ε’ξυ
854 4367 1040 4446 ἠρμένος.
