3330 5144
743 369 809 441 257

181 555 339 641 τριπλόος,
367 557 498 640 ιὶπλέος,
522 563 557 627 τὸ
578 562 608 627 δέ
631 563 824 643 πρωτόπλοον
847 564 899 628 καὶ
920 563 1070 639 οὶλέπλοος
1090 561 1369 646 προπαροξύνεται,

182 664 242 733 ὅτι
267 671 320 743 μὴ
345 669 458 735 cers
490 666 525 752 ¹).
574 669 663 735 Haeo
685 677 769 735 certe
792 667 967 734 Herodiani
991 676 1080 748 sunt,
1101 693 1158 738 nec
1178 694 1370 760 quemquam

182 775 241 840 hoc
276 773 375 840 latere
411 781 525 862 potest.
574 775 664 856 Quod
698 773 855 840 Arcadius
891 775 1027 860 οἱπλιόι,
1062 777 1199 856 διπλόος,
1229 781 1370 860 τριπλόος

182 880 261 946 dicit
289 881 398 956 οὶπλῖι,
431 883 465 947 id
488 903 550 948 non
574 883 793 968 accipiendum
818 889 866 946 ost
889 885 979 968 quasi
1002 903 1075 950 vere
1098 883 1259 970 simplicia
1281 895 1372 972 puta
1413 897 1416 904 ’

182 989 284 1066 verit,
319 989 373 1054 sed
401 989 566 1054 sciendum
590 989 675 1053 hunc
699 1007 803 1054 crassa
826 987 975 1056 Minerva
998 989 1176 1074 antiquiora
1199 993 1373 1080 compilan-

181 1100 247 1159 tem
277 1097 403 1168 omnia.
437 1115 516 1181 qnae
548 1115 610 1160 non
634 1098 697 1160 sint
721 1095 870 1180 σύνθετα,
895 1103 927 1160 et
950 1115 1023 1161 vere
1045 1096 1206 1182 simplicia
1229 1108 1261 1165 et
1284 1121 1372 1186 paru·

181 1203 318 1289 gogioa,
344 1201 436 1266 οὶπλᾶ
461 1200 621 1288 appellare
635 1203 670 1286 ²).
707 1200 819 1287 Itaque
837 1195 1011 1280 Arcadium
1031 1203 1065 1267 id
1086 1213 1133 1268 est
1152 1203 1372 1282 Herodianus,
1453 1200 1454 1208 '

182 1308 331 1380 ἁλίπλοοι
361 1309 577 1392 compositum
606 1308 721 1392 hehet,
753 1308 836 1392 quod
867 1315 973 1374 tamen
1004 1331 1213 1396 nonnunquam
1244 1333 1375 1402 perago

181 1417 288 1502 gioam
309 1413 575 1502 significationem
596 1415 764 1506 admittat,
785 1413 907 1486 διπλόος
928 1424 961 1480 et
978 1435 1058 1499 quae
1077 1425 1152 1482 sunt
1164 1417 1240 1484 huic
1252 1423 1374 1487 similia

181 1523 222 1586 iis
251 1543 364 1604 semper
392 1525 585 1610 paragogica
608 1527 693 1586 sunt.
741 1520 832 1601 Quod
855 1525 883 1588 si
905 1524 953 1587 ita
976 1531 1042 1606 est,
1070 1525 1167 1590 verba
1190 1525 1267 1604 illa,
1292 1549 1373 1614 quse

182 1629 256 1693 vitii
291 1626 463 1712 insimulo,
495 1630 616 1712 sincera
647 1628 775 1713 qnidam
805 1648 869 1693 non
898 1627 994 1707 hunt,
1026 1629 1080 1696 sed
1112 1638 1171 1696 τῶν
1194 1635 1227 1698 οὐ
1252 1658 1373 1714 παραγ.
1480 1692 1482 1700 ,

180 1733 263 1799 nihii
292 1735 398 1822 magis
428 1739 552 1800 rectum
582 1734 658 1809 erit,
691 1739 724 1799 et
755 1737 851 1800 etiam
880 1743 1068 1802 accentuum
1107 1743 1227 1806 ratione
1262 1741 1373 1808 eodem

178 1839 326 1908 tendente
357 1841 474 1928 corrigi
505 1841 679 1926 oportebit:
714 1843 767 1904 sai
795 1841 883 1913 δῆλον
907 1837 952 1906 ἔτι
977 1845 1020 1914 cic
1044 1847 1214 1924 ἀποφυγὴν
1237 1853 1296 1912 τῶν
1318 1847 1372 1914 έν·

177 1969 249 2018 τοι
279 1947 518 2024 παραγομένων,
543 1947 686 2024 διπλόοι,
709 1949 862 2026 τριπλόος.
895 1949 997 2015 Penes
1029 1952 1190 2018 eruditum
1219 1951 1371 2020 lectorem

177 2073 261 2118 nunc
280 2055 340 2137 sit,
359 2060 433 2118 utra
453 2053 543 2120 verbi
562 2053 630 2119 sine
650 2053 747 2118 dubio
767 2057 907 2139 corrupti
927 2059 1078 2122 correctio
1097 2061 1202 2124 verior
1225 2059 1373 2127 videatur

179 2157 367 2230 diiudicare.

226 2369 349 2439 Certior
378 2391 429 2438 res
459 2377 506 2438 est
536 2373 571 2435 in
599 2375 717 2438 nostris
748 2371 894 2450 scholiis,
931 2394 963 2439 v.
988 2395 1014 2438 c.
1047 2375 1086 2439 ad
1110 2398 1133 2451 μ
1160 2375 1239 2441 149:
1264 2375 1302 2452 cir
1326 2383 1368 2445 τὼ

180 2479 237 2556 μέν
268 2485 458 2560 χαλεποῖσιν
488 2478 686 2555 ἀμειβομένω
711 2477 1046 2557 ἐπέεσσινΙΙέστασαν,
1073 2481 1130 2546 uhi
1152 2483 1192 2547 ad
1215 2483 1369 2553 ultimum

180 2585 372 2654 vocobulum
409 2587 486 2651 haec
515 2585 620 2652 brevis
643 2591 718 2650 note
739 2593 788 2651 est
810 2589 843 2650 in
867 2585 916 2650 M.
941 2583 1097 2652 ἕστασανε
1122 2588 1306 2656 δασύνεται·
1331 2597 1371 2658 οὑ

180 2693 243 2773 γὰρ
268 2691 336 2757 cirri
360 2697 414 2756 τοῦ
439 2691 619 2768 ἑστήκεισαν
644 2691 716 2757 ἐκεῖ.
764 2691 869 2757 Immo
892 2713 984 2758 vero:
1009 2693 1110 2760 οὕτω
1136 2697 1198 2776 γαρ
1221 2700 1291 2762 ἀντὶ
1315 2703 1369 2764 τοῦ

181 2801 363 2875 irrisurus
394 2801 474 2876 ἐκεῖ,
507 2819 587 2884 qnae
619 2819 657 2864 en
688 2797 864 2870 Herodiuni
892 2797 1038 2866 hoctrina
1072 2801 1249 2880 fluxerunt,
1286 2808 1370 2890 quod

181 2907 232 2974 vel
264 2929 303 2973 ex
326 2907 423 2971 huius
446 2913 521 2972 nota
545 2905 585 2972 ad
609 2915 630 2970 B
656 2903 720 2972 777
745 2905 869 2971 olerum
894 2904 941 2970 ht.
991 2905 1149 2973 Similiter
1171 2907 1370 2996 Hesychius,

179 3013 334 3091 ἕσταμεντ
360 3014 553 3096 ἑστήκαμεν,
575 3019 607 3078 et
627 3013 769 3078 ἑστᾶσινε
789 3011 963 3088 ἑστήκασιν.
997 3012 1089 3079 Nunc
1108 3022 1215 3080 temen
1240 3019 1372 3084 fortasse

180 3133 212 3187 et
224 3119 288 3186 aliu
298 3139 393 3186 causa
405 3121 468 3184 fuit
480 3117 660 3185 adnotandi.
691 3119 775 3184 Nam
787 3165 795 3196 ,
808 3127 846 3184 ut
857 3139 896 3184 ex
907 3117 1043 3184 Scholiis
1057 3119 1209 3209 Vulgatis
1221 3123 1372 3209 conficio,

179 3227 232 3293 hic
263 3233 300 3292 ut
331 3225 410 3291 alibi
438 3247 501 3291 non
525 3245 595 3290 raro
618 3245 783 3310 perperam
809 3223 1013 3291 aDindorfio
1036 3227 1181 3304 omissis,
1205 3227 1293 3295 fuere
1316 3233 1373 3316 qni

180 3333 317 3400 ἔστασαν
338 3334 511 3398 scriberent
530 3353 586 3418 pro
599 3333 733 3406 ἔστησαν
745 3345 925 3417 correptum
939 3331 1071 3400 scilicet.
1085 3331 1282 3401 έστασοινε
1302 3339 1371 3401 αντὶ

167 3446 233 3514 ,τοῦ
254 3439 428 3514 διέστησαν.
443 3477 484 3488 -
498 3439 620 3505 Eadem
642 3440 800 3505 medicine
818 3438 996 3504 adhibenda
1008 3463 1022 3504 ε
1036 3439 1091 3518 29,
1105 3442 1160 3506 ubi
1173 3444 1212 3508 ed
1225 3445 1371 3522 Ἑρμιέα·

181 3550 219 3614 σὺ
252 3550 315 3628 γὰρ
346 3543 423 3613 αὖτε
446 3545 489 3611 τοὶ
512 3545 540 3610 τ’
564 3543 653 3611 ἄλλα
676 3569 732 3626 περ
757 3545 900 3625 ἄγγελός
924 3547 989 3612 έσσι
1015 3547 1197 3613 adnotatur:
1223 3551 1292 3614 cirri
1316 3559 1371 3618 τοῦ

182 3657 265 3722 tersi·
291 3657 333 3721 οὐ
357 3655 421 3735 γὰρ
446 3651 620 3732 ποοτέθεται
646 3654 755 3734 ὄναρ.
775 3652 828 3738 (hi)
849 3655 913 3718 Ain
933 3649 1029 3720 vero?
1048 3655 1269 3722 Aristarchum
1290 3669 1374 3726 certe

182 3809 364 3821 *-

214 3889 242 3960 1)
269 3909 291 3958 p.
318 3891 365 3948 42,
390 3891 422 3940 10
446 3905 509 3954 seqq.
528 3889 641 3954 Sequitur
658 3891 712 3954 post
730 3903 758 3938 su
775 3903 835 3952 quas
853 3903 925 3954 supro
942 3889 1140 3956 demriptssunt:
1160 3893 1191 3942 πο
1209 3891 1236 3943 tt
1254 3893 1372 3959 ἄθρους

180 3977 340 4047 παροξέτσνσν
367 3979 399 4030 τὸ
428 3979 483 4042 ἅμα
510 3980 633 4042 apertu·
662 3978 692 4026 τὸ
717 3975 744 4027 δέ
771 3973 923 4038 ὀξύτατον
942 3978 973 4027 πο
990 3975 1091 4042 ἄφυσον.
1126 3984 1155 4031 ln
1172 3986 1280 4049 margins
1296 4001 1373 4038 uem·

178 4075 253 4143 pluris
279 4088 326 4137 quo
352 4075 409 4122 ntor
434 4070 580 4136 adscriptum
605 4066 698 4134 reperio
721 4067 825 4128 (lehrsii
843 4073 902 4134 puto
920 4051 1008 4134 manui
1020 4087 1066 4136 pro
1081 4069 1181 4134 ἇέοουτι
1199 4071 1227 4120 L.
1244 4073 1373 4138 ἀθρόος,

179 4181 223 4232 pro
241 4157 363 4225 ὀξύτονονι
382 4164 409 4212 L.
426 4153 727 4224 προπαροξύτονον,
745 4157 831 4222 quibos
847 4157 1032 4208 correctionibus
1048 4161 1110 4210 nihil
1126 4167 1161 4210 est
1178 4165 1264 4216 verius.

212 4255 238 4317 2)
265 4255 320 4304 Hoc
344 4253 382 4302 rel
408 4268 456 4302 nno
483 4251 534 4300 loco
560 4249 641 4299 adlato
666 4246 723 4298 satis
748 4245 880 4312 apparebit:
910 4249 950 4295 ‘rh
967 4247 1000 4306 stc
1023 4265 1063 4306 ους
1082 4247 1265 4314 πολυσύλλαβα
1282 4254 1373 4304 οέπλα

180 4345 239 4409 μὲν
265 4339 347 4393 ὄντα
371 4343 535 4405 capracora«,
562 4333 718 4400 ἀδελφιδοῦς,
742 4331 914 4400 hymnide,
938 4335 1088 4400 διπλοῦς,
1114 4345 1288 4405 τριπλσῦς,
1308 4349 1374 4407 πλὴν

180 4431 227 4485 τοῦ
252 4431 328 4491 Βοός.
354 4434 396 4482 τα
416 4429 449 4483 δέ
468 4427 611 4481 συνέντα
629 4425 773 4493 pupeienus,
794 4427 929 4491 Πειρίθους,
951 4428 1087 4490 Ἀλκίνους,
1107 4428 1223 4494 πέπλους,
1242 4433 1374 4500 πολένονς,

182 4523 306 4582 oretum.
325 4524 421 4589 (sind.
439 4539 463 4588 p.
481 4524 527 4582 93,
546 4521 652 4585 tscqq.)

1196 4623 1227 4678 17
