3318 5138
836 303 901 372 146

272 495 380 558 tamen
410 491 506 569 liber,
537 497 575 557 ut
597 493 740 572 videtur,
772 494 1056 573 ἐπιμελομένοις,
1081 500 1177 582 atque
1199 499 1246 564 ita
1269 499 1302 562 et
1325 494 1366 559 T:
1394 493 1466 564 τοὺς

270 597 381 675 λόγους
414 598 673 676 ἐπιμελουμένοις.
702 602 747 686 (p.
773 601 862 689 751.)
910 600 1108 688 Quapropter
1135 602 1284 687 equidem
1308 601 1465 686 scribam:

271 701 333 777 ἔθος
358 701 391 778 ἦν
415 704 639 786 τρεπομένοις
659 707 896 794 (τρεπομόνυνί
916 729 979 776 vox
1001 730 1021 774 a
1043 709 1070 773 Τ
1094 709 1187 794 plane
1211 709 1313 793 abest)
1337 708 1409 788 πρὸς
1430 707 1466 770 τὸ

270 811 426 877 καθεύδειν
448 819 505 877 τῶν
530 813 641 894 ιἐρείμν
664 814 723 887 τόις
743 815 891 892 γλώσσας
910 816 1095 892 οίποτόμνειν
1116 816 1167 881 οιαὶ
1188 817 1286 882 καίειν
1304 825 1368 887 τοῖς
1388 817 1466 888 θεοῖς

269 917 361 991 τοὺς
385 919 509 998 λόγου
534 920 876 999 ἐπιμελομένους.
925 919 1126 988 Constructio
1149 930 1276 989 mutata
1295 929 1343 988 est
1362 923 1467 987 ambi·

268 1028 404 1114 guitatis
437 1025 593 1093 tollendae
624 1048 737 1113 causa;
768 1029 843 1094 hinc
875 1029 1071 1114 corruptelae
1099 1031 1205 1117 origo,
1231 1051 1304 1095 oum
1329 1027 1465 1095 verbum

269 1133 310 1200 ad
333 1137 407 1206 θεοῖς
431 1117 730 1201 accommodaretur.
778 1134 866 1216 Quae
889 1136 927 1201 de
949 1136 1055 1201 verbis
1079 1136 1147 1202 sine
1171 1135 1268 1202 dubio
1287 1136 1464 1220 corruptis:

269 1239 372 1317 εὔηθες
408 1242 471 1322 γὰρ
506 1240 541 1306 τὸ
570 1241 692 1324 λέγειν,
725 1243 858 1321 σθντεμε
889 1241 960 1314 τοὺς
992 1242 1122 1321 λόγους,
1155 1243 1283 1329 quibus
1303 1241 1331 1307 Τ
1355 1245 1463 1318 caret,

266 1347 444 1433 disputavit
474 1347 698 1421 Heinrichins.
729 1352 868 1437 ingenue
896 1349 998 1415 fateor
1028 1369 1081 1415 me
1112 1370 1175 1415 non
1199 1347 1402 1437 intellegere,
1428 1369 1466 1414 ao

267 1454 371 1521 laetus
406 1454 498 1521 video
533 1454 788 1531 Buttmannum,
825 1457 983 1542 sagaciter
1024 1461 1062 1520 nt
1102 1455 1242 1530 adsolet,
1284 1454 1463 1520 addidisse:

269 1562 406 1640 ,harum
444 1561 700 1652 observationum
731 1563 854 1629 duabus
885 1563 1044 1648 prioribus
1075 1562 1169 1628 facile
1202 1562 1334 1637 accedo;
1367 1563 1466 1626 tertia

271 1669 506 1753 disceptationis
526 1689 636 1734 ansam
659 1671 812 1757 porrigit,
833 1689 929 1754 quam
953 1674 1061 1734 tamen
1083 1671 1220 1755 arripere
1242 1668 1289 1734 nil
1314 1669 1429 1733 attinet
1438 1665 1465 1743 ,¹²

272 1796 352 1860 quas
371 1796 428 1840 cur
446 1795 466 1840 a
482 1772 638 1840 Dindorfii
655 1776 794 1841 editione
805 1771 928 1842 caetera
938 1779 1109 1862 repetentis
1121 1777 1250 1842 exulent
1261 1795 1323 1840 non
1336 1780 1464 1860 exputo.

316 1987 423 2054 Aliam
463 1987 605 2054 eiusdem
640 1990 739 2054 moris
780 2009 906 2054 causam
951 1991 1147 2078 excogitavit
1189 1987 1293 2054 futilis
1335 1988 1465 2075 quidam

272 2093 465 2162 Scholiasta:
488 2093 537 2160 ίνα
562 2093 715 2168 ι’ίλαλυς
739 2100 824 2176 Φανῇ
847 2095 861 2160 θ
883 2095 1078 2176 Τηλέμαχος
1102 2097 1144 2176 τῷ
1168 2094 1332 2176 Μενελοίῳ.
1355 2093 1416 2166 ἔθος
1431 2091 1465 2170 ἦν

271 2211 335 2273 τοῖς
356 2199 491 2277 Ἕλλησι
516 2201 575 2274 τοὶς
603 2203 751 2280 γλοίσσοις
776 2209 835 2266 τῶν
859 2201 970 2281 ίερείιον
994 2200 1180 2280 ἀποτέμνειν
1202 2201 1255 2267 καί
1279 2201 1376 2266 καίειν
1401 2209 1464 2272 τοῖς

169 2383 173 2391 ,
271 2310 346 2382 θεοῖς
371 2310 480 2374 αὐτῶν.
508 2308 569 2396 (ll.)
594 2308 719 2374 Ultima
743 2330 816 2374 oum
838 2309 921 2392 nihil
945 2311 1009 2374 sint
1040 2309 1102 2374 nisi
1132 2307 1260 2374 inficeta
1290 2312 1464 2380 contractio

271 2438 382 2484 eorum
418 2437 498 2502 quae
532 2416 659 2482 Scholia
693 2415 834 2503 Vulgata
868 2422 900 2481 et
930 2415 1187 2503 Hamburgensis
1219 2416 1389 2501 praebent,
1425 2414 1466 2480 ad

272 2529 425 2610 quantam
455 2523 632 2589 exilitatem
664 2527 810 2588 veterum
842 2524 1129 2610 grammaticorum
1153 2524 1387 2589 observationes
1409 2543 1466 2608 per

272 2635 492 2715 excerptorum
516 2650 628 2695 manus
652 2631 852 2714 pervenerint
875 2625 1060 2714 ostendunt,
1084 2650 1147 2714 qua
1171 2629 1208 2694 de
1228 2651 1262 2695 re
1281 2631 1315 2694 in
1334 2649 1466 2714 sequen·

273 2739 360 2804 tibus
383 2735 529 2821 pluribus
553 2736 777 2820 disputabitur.
826 2734 888 2800 Sed
910 2738 1015 2821 priora
1043 2741 1189 2822 portento
1220 2742 1295 2822 sunt
1327 2735 1465 2814 similia,

272 2846 307 2910 in
330 2843 446 2928 quibus
469 2845 564 2908 etiam
589 2842 615 2907 si
639 2863 765 2928 prorsus
789 2845 1001 2919 contrarium,
1026 2843 1110 2928 quod
1135 2850 1242 2929 aperte
1273 2845 1466 2929 requiritur,

273 2951 464 3036 reposueris,
490 2945 539 3014 ίνα
564 2948 740 3021 εθλαλος
764 2955 850 3031 marti
875 2951 888 3014 d
912 2947 1108 3030 Τηλέμαχος
1140 2951 1183 3031 τῷ
1215 2948 1384 3032 Μενελοίῳ,
1413 2949 1468 3016 vel

275 3059 321 3122 sic
344 3058 422 3122 satis
443 3053 578 3121 mirifice
601 3058 782 3144 excogitata
804 3056 1041 3124 iudicabuntur.

320 3266 460 3352 Sequens
491 3264 640 3333 Scholion
675 3265 789 3332 itidem
814 3287 853 3336 ex
876 3267 921 3346 a,
945 3267 1115 3352 quodiam
1140 3288 1236 3353 supra
1259 3268 1403 3333 dicebam
1429 3288 1469 3334 ex

274 3375 452 3461 Porphyrio
470 3379 684 3450 contractum,
703 3374 759 3438 sed
781 3376 827 3438 ita
849 3380 887 3438 ut
910 3377 1073 3459 excerptor
1093 3394 1173 3450 non,
1193 3374 1277 3458 quod
1296 3372 1468 3458 flensolet,

273 3483 370 3550 huius
400 3481 498 3548 verba
528 3481 702 3546 servaverit
732 3480 788 3546 sed
819 3484 858 3544 ad
886 3500 977 3546 suam
1000 3481 1170 3546 infantiam
1196 3481 1378 3558 detorserit,
1403 3479 1469 3546 duo

274 3592 371 3658 habet
400 3608 480 3674 quae
511 3607 568 3654 noc
598 3587 775 3653 advertant.
806 3585 955 3651 Primum
979 3586 1107 3652 haecce:
1132 3583 1211 3667 ἔθυον
1234 3586 1383 3664 γλώσσας
1408 3587 1470 3652 δει-

273 3697 396 3768 κνείντες
421 3692 467 3759 ότι
492 3729 579 3745 ---
603 3685 646 3759 τοὶ
671 3694 701 3758 όν
725 3693 884 3774 συμποσίῳ
909 3692 1093 3776 ᾀδόμενοι
1118 3695 1151 3758 οὐ
1175 3695 1236 3776 χρὴ
1261 3703 1300 3775 τῇ
1326 3692 1470 3773 ἐπαύριον

277 3808 308 3871 ἐν
331 3806 373 3886 τῷ
398 3804 571 3882 μεμνῆσθαι
600 3799 932 3880 caclatascaelata
952 3798 1083 3880 σίλλους,
1106 3802 1193 3867 ἇλλόι
1214 3803 1332 3865 σιυπῖον
1349 3804 1469 3864 ταῦτα.

275 3913 325 3979 Ita
352 3911 506 3998 pervertit
536 3906 644 3994 homo:
664 3907 804 3994 genuina
834 3906 1007 3993 Porphyrii
1037 3907 1134 3973 verba
1158 3929 1237 3994 quae
1261 3913 1470 3972 servaverunt

278 4019 319 4086 ad
348 4039 396 4084 vs.
429 4015 492 4081 341
526 4011 700 4094 HMQRT:
726 4009 770 4077 ότι
795 4014 844 4078 δεῖ
865 4015 907 4077 τόν
931 4013 961 4077 ἐν
986 4013 1165 4092 συμποσίοις
1185 3999 1345 4095 λεχθέντος
1367 4023 1470 4092 τηρεῖν

280 4126 520 4209 ἐχεμυθοῖιντοις.
561 4119 624 4186 Sed
655 4140 730 4186 cave
762 4125 925 4206 propterea
955 4125 1138 4206 corruptum
1167 4129 1260 4206 putes
1282 4123 1317 4185 iu
1340 4119 1470 4188 Scholio

278 4239 384 4299 nostro
419 4232 461 4296 τόο
498 4230 527 4292 ἕν
564 4225 724 4306 συμποσίῳ
760 4226 950 4310 ᾀδόμενα.
1004 4227 1178 4292 Postremis
1213 4229 1298 4292 enim
1332 4227 1470 4294 labentis

280 4337 471 4405 Graecitatis
501 4335 712 4419 temporibus.
743 4355 819 4398 cum
855 4325 887 4397 et
922 4331 984 4398 alia
1020 4334 1159 4399 dicerent
1193 4339 1225 4398 st
1260 4341 1377 4411 ysacio
1413 4356 1471 4419 pro

279 4445 396 4523 βινεῖν,
428 4451 536 4509 λαλεῖν
568 4461 624 4526 pro
655 4439 776 4519 λέγειν,
809 4459 864 4524 pro
895 4439 955 4506 hoo
988 4440 1084 4507 verbo
1115 4441 1213 4506 etiam
1245 4441 1327 4525 ᾄδειν
1351 4443 1385 4505 in
1409 4462 1471 4509 usu
