3232 5136
844 338 886 408 42

266 527 317 596 bala
337 531 373 596 πὸ
393 529 554 611 streame
573 534 666 599 celric
690 539 1030 614 πολυπραγμονεῖ
1049 533 1096 606 τίς
1123 533 1138 598 ὃ
1162 529 1244 608 ξένας
1257 529 1353 620 (EQ).
1378 525 1462 611 Quis

266 642 547 719 παλαπραγμινεῖ1
603 639 705 707 Omne
747 643 832 706 enim
876 640 1057 706 subiectum
1094 639 1193 705 deest.
1239 635 1302 705 Sed
1336 640 1462 703 scimus

268 766 367 811 unum
400 768 439 812 ex
471 750 589 832 procis,
622 746 881 834 Eurymachum,
915 745 992 812 haec
1022 767 1040 812 e
1071 745 1263 812 Telemacho
1287 763 1462 828 quaerere,

268 851 322 939 (α,
347 853 414 918 405
438 853 550 940 seqq.),
574 852 684 939 itaque
707 854 870 942 legamus:
896 891 939 902 -
963 854 1055 918 ὁπότε
1080 851 1133 918 κα1
1158 849 1227 928 ἑξῆς
1253 850 1304 916 διὰ
1327 850 1362 915 πὸ
1387 849 1464 914 ἰδιο-

268 968 374 1036 λιγεῑν
397 961 490 1026 αὐτὸν
513 970 773 1040 πολυπραγμονεῖ
795 961 903 1044 (τις),
930 961 994 1034 τίς
1018 960 1032 1025 ὃ
1056 957 1151 1036 ξένας.

314 1195 353 1241 α.
390 1171 465 1237 142.
501 1171 555 1237 Ad
586 1172 718 1253 χρύσεια
751 1175 894 1237 κύπελλα
927 1171 1048 1259 legitur
1077 1173 1110 1235 in
1134 1169 1191 1250 EQ
1213 1189 1309 1236 eures
1330 1174 1384 1234 τοῦ
1408 1169 1465 1233 αύ-

267 1294 382 1344 πελλιν
409 1279 621 1366 etymologia,
646 1299 743 1364 quam
767 1277 833 1344 levi
856 1281 938 1343 vitio
959 1279 1111 1344 liberabo.
1136 1278 1290 1342 κύπελλον
1314 1277 1464 1354 ἐτυμολο-

269 1397 374 1466 γεῖπαι
405 1386 515 1465 παρὰ
544 1389 612 1448 rozi
644 1387 674 1449 ἐν
703 1386 786 1465 αὐτῷ
818 1387 942 1465 χεῖσθαι
968 1386 1018 1449 τὸν
1043 1385 1140 1458 πηλὸν
1166 1384 1182 1458 ι)
1206 1384 1258 1448 τὸν
1283 1380 1374 1457 οἶνον,
1400 1385 1463 1464 χύ-

267 1507 383 1558 πελλιν
413 1492 467 1556 καὶ
501 1493 666 1556 κύπελλον.
716 1488 871 1556 Constans
902 1498 949 1557 est
981 1491 1239 1579 etymologomm
1265 1489 1464 1555 Graecorum

268 1619 355 1674 mos,
389 1603 427 1663 ui
459 1597 567 1663 dicant
596 1597 659 1662 ἀπὸ
692 1602 745 1662 τοῦ
780 1599 864 1684 (τῆς)
900 1598 1111 1682 antiquiores,
1147 1600 1336 1664 recentiores
1372 1598 1463 1675 παρὰ

267 1705 326 1772 τό.
354 1705 447 1790 idque
471 1704 697 1788 reponendum.
732 1704 909 1769 illuxerunt
931 1705 1008 1769 haec
1031 1724 1071 1769 ex
1094 1703 1316 1788 Epimerismis
1339 1701 1462 1768 Home-

269 1812 343 1878 ricis
373 1814 450 1893 iu,
479 1811 563 1876 unde
595 1831 670 1875 cum
694 1811 802 1896 aliqua
825 1809 971 1876 lectionis
994 1813 1151 1876 varietate
1174 1813 1207 1873 in
1232 1808 1463 1896 lltymologica

267 1924 300 1984 ei
322 1919 356 1982 io
380 1915 507 1982 Scholia
531 1917 570 1982 ad
596 1916 731 1983 Iliadem
763 1917 819 2000 (A,
845 1914 922 2001 596)
944 1920 967 2001 ¹)
995 1923 1026 1982 et
1054 1917 1219 1981 decurtata
1247 1919 1281 1980 in
1312 1923 1463 1981 nostrum

267 2024 373 2090 locum
410 2030 630 2109 peruenerunt.
678 2023 781 2088 Locus
816 2023 1102 2108 Epimerismorum
1134 2026 1181 2089 ita
1212 2044 1246 2088 se
1278 2022 1375 2088 habet
1414 2023 1463 2107 (in

268 2127 372 2196 Crem.
406 2128 525 2194 Aneed.
557 2128 679 2195 Oronn.
711 2129 1461 2216 1,238):r<lmaaoo.·asserentum

265 2236 387 2324 (Elym.
413 2235 462 2300 M.
486 2237 594 2315 κύφας.
621 2234 643 2300 l.
668 2235 818 2316 κυφύς)
844 2237 861 2312 ι)
887 2237 973 2314 παραὶ
999 2239 1032 2301 τὸ
1056 2237 1181 2319 κόπτω,
1205 2240 1239 2300 πὸ
1265 2237 1462 2312 scavorum&-

272 2366 317 2407 νιν
354 2341 406 2406 καὶ
443 2342 604 2421 περιφερὲς
643 2341 746 2406 ὄντα
790 2341 824 2427 (l.
858 2343 905 2407 ὅν.
938 2345 982 2427 2)·
1012 2343 1045 2427 ἢ)
1083 2343 1168 2421 παραὶ
1204 2342 1239 2404 πὸ
1275 2342 1386 2405 κύειν
1422 2341 1463 2424 (l.

265 2451 383 2530 χύειν
414 2461 452 2514 ut
483 2450 515 2512 in
549 2447 658 2534 Elym.
691 2448 740 2514 M.
766 2457 798 2514 et
821 2447 940 2515 Scholl.
966 2449 1031 2530 111.)
1058 2448 1239 2522 rivarotta.
1265 2452 1363 2523 πηλὸς
1388 2447 1419 2512 δὲ
1446 2448 1461 2511 ὁ

265 2552 338 2628 οἶνος
362 2557 448 2635 παρὰ
474 2556 648 2638 Ἀττικαῖς,
673 2557 758 2634 παρὰ
783 2555 818 2619 τὸ
844 2555 978 2620 πάλλειν
1011 2556 1063 2621 καὶ
1095 2557 1316 2632 καταβάλλειν
1343 2555 1369 2640 ⁸)
1399 2557 1461 2628 τὰς

265 2662 380 2742 Φρὲνας
414 2660 494 2747 (καὶ
527 2663 600 2733 τὰς
633 2661 806 2742 aeoliae
831 2669 904 2726 τῶν
926 2663 1121 2728 πινόντων
1145 2666 1286 2727 τοῦτον
1311 2663 1459 2728 πιλύν.

265 2768 335 2834 add.
368 2765 486 2832 Scholl.
509 2767 548 2831 od
573 2765 624 2832 Ill.
650 2766 722 2850 11.)
748 2765 782 2842 ἐξ
806 2763 840 2833 αὖ
864 2763 941 2853 (ὅθεν
966 2767 1016 2833 111.
1043 2767 1102 2853 Μ.)
1129 2770 1179 2833 καὶ
1205 2767 1345 2842 κιὶπιιλοι
1371 2771 1461 2847 παραὶ

265 2874 300 2937 rt
323 2874 435 2952 χέειν
459 2875 510 2939 τὸν
536 2873 645 2948 πηλόν.
693 2875 732 2939 In
755 2874 815 2940 hac
838 2874 955 2940 ultima
978 2874 1177 2961 etymologia
1199 2897 1272 2940 curn
1285 2875 1462 2960 Epimeris·

265 2982 327 3046 mis
362 2983 562 3045 consentiunt
595 2979 840 3068 Etymologica,
872 2981 1064 3046 dissentiunt
1092 2979 1218 3046 Scholia
1243 2981 1282 3047 ad
1306 2981 1460 3066 Iliadem,

265 3108 344 3173 quae
368 3089 465 3152 etiam
486 3085 623 3171 lepidius
650 3091 697 3153 ita
720 3089 851 3154 hahent:
875 3087 937 3169 ἀφ’
966 3083 1000 3152 οὗ
1027 3090 1079 3151 καὶ
1114 3087 1272 3163 κάπηλος,
1307 3089 1393 3166 παρὰ
1422 3091 1460 3154 τὸ

266 3193 456 3259 κακύνειν
491 3197 541 3257 τὸν
577 3196 673 3267 πηλὸν
705 3195 796 3272 ἤγουν
831 3197 881 3260 τὸν
912 3190 996 3258 οἶνον.
1044 3193 1125 3259 Utra
1155 3196 1244 3282 origo
1270 3195 1373 3279 potior
1397 3197 1480 3280 sit,-

266 3299 460 3388 etymologis
483 3320 518 3364 ac
538 3302 675 3365 strenuis
693 3302 889 3384 potatoribus
909 3301 1151 3366 diiudicandum
1172 3300 1326 3386 relinquo.
1352 3301 1461 3368 Scien-

265 3406 343 3472 dum
375 3411 483 3471 autem
513 3411 561 3470 est
590 3411 622 3469 et
644 3405 701 3470 has
724 3413 757 3470 et
781 3405 860 3472 alias
883 3405 1051 3472 nonnullas
1074 3409 1160 3472 vocis
1183 3408 1336 3473 κύπελλον
1361 3410 1462 3496 origi-

266 3534 339 3590 nes,
360 3512 575 3596 superioribus
593 3532 654 3577 non
678 3509 783 3577 mullo
807 3513 962 3596 saniores,
986 3514 1135 3598 praebere
1158 3513 1355 3580 Athenaeum
1386 3514 1460 3580 Lib.

265 3619 325 3698 XI,
357 3641 384 3684 o.
418 3617 473 3684 65.
505 3617 737 3684 Κύπελλινι
769 3623 860 3685 τοῦτο
891 3617 1017 3701 πότερόν
1046 3621 1111 3684 ἐστι
1143 3621 1257 3684 ratem
1280 3621 1320 3700 τῷ
1344 3619 1461 3703 alteim

267 3727 319 3792 καὶ
343 3727 386 3807 πῷ
411 3725 522 3804 δέπαϊ,
549 3725 566 3801 ἢ
591 3724 718 3803 ὀνόματι
740 3723 830 3804 μόνον
853 3719 1125 3804 διαλλάσσει)

300 4037 325 4086 ll
352 4035 456 4086 bekker-i
482 4037 527 4085 fide
553 4036 573 4086 si
598 4037 709 4086 standum
734 4036 871 4095 est,'illud
897 4035 1008 4085 Scholion
1031 4035 1055 4086 in
1077 4035 1120 4086 BL
1143 4035 1242 4101 legitur;
1267 4035 1379 4101 quoniam
1397 4037 1462 4104 apud

266 4119 417 4168 Diodorflum
434 4118 503 4183 plane
521 4119 599 4178 clatet,
617 4119 642 4168 in
660 4119 710 4167 solo
727 4118 844 4184 lipsiensi
860 4134 997 4184 comparere
1016 4121 1118 4170 videtur.

299 4207 324 4268 2)
341 4201 367 4254 'la
384 4207 421 4258 vol
437 4206 498 4256 lora
514 4208 584 4274 plane
603 4207 669 4257 ebat
686 4223 699 4256 ι
717 4206 812 4256 Scholio
832 4207 920 4266 iliaco,
940 4206 991 4258 ubi:
1009 4236 1085 4246 ——
1102 4207 1144 4256 καὶ
1158 4206 1289 4271 masesele.
1309 4203 1323 4265 ll
1343 4210 1410 4273 παρὰ
1429 4210 1462 4258 ni

266 4293 337 4360 χόιιν
354 4306 413 4346 απλ.

299 4389 325 4450 8)
344 4389 373 4440 lu
397 4390 493 4441 Scholio
520 4391 594 4440 Iliaco
620 4391 726 4440 unum:
755 4387 822 4450 παρὸ
847 4385 877 4436 πὸ
905 4384 1009 4436 πάλλειν
1031 4387 1078 4444 nhc
1097 4386 1192 4450 φρένας.
1227 4389 1256 4437 ln
1273 4389 1312 4438 ut.
1330 4388 1391 4438 unu.
1410 4389 1425 4438 i.
1436 4405 1461 4440 v.

265 4477 374 4538 κάπηλος
391 4485 439 4530 sat:
458 4479 590 4529 πάλλοντα
609 4496 632 4526 ιι.
652 4474 803 4540 βλάπτοντα
821 4476 868 4532 τὰς
888 4474 981 4540 φρένας.
