3278 5148
875 325 939 394 338

312 527 439 586 auctore
464 520 680 604 repudiatam,
705 520 767 583 nisi
790 516 974 584 Dindorfins
1003 519 1051 583 bis
1074 518 1169 606 (App.
1193 543 1225 606 p.
1251 519 1316 586 769
1340 527 1375 586 et
1398 521 1502 588 Praei.

312 648 342 712 p.
382 629 447 710 mv)
482 646 551 692 eam
586 624 744 690 laudando
778 626 965 690 anctoritate
997 646 1055 690 sua
1086 626 1257 694 stabiliisse
1288 631 1377 692 visus
1407 635 1500 692 esset.

313 733 406 798 Nunc
429 735 538 818 paucis
561 731 740 806 ostendam,
765 751 822 796 cur
840 734 947 816 quieta
965 732 1017 796 hic
1039 753 1101 797 non
1127 733 1283 799 movenda
1305 735 1501 798 existimem.

311 839 377 904 lam
412 842 575 924 primum,
611 838 693 902 unde
716 840 836 902 scimus
858 835 1053 903 Zenodotum
1079 839 1249 906 lectionem
1275 841 1349 916 ἐμοῦ
1374 840 1501 904 ἐπιτι-

310 954 390 1022 μῶν
422 945 472 1008 ἐπὶ
505 945 540 1008 rt
571 952 672 1024 χεῖρον
701 941 972 1018 assentorium?
1019 943 1154 1038 Omnes,
1188 946 1271 1029 quod
1304 948 1421 1028 sciam,
1446 947 1501 1030 qui

310 1056 393 1118 inter
427 1052 615 1118 recentiores
649 1049 700 1114 bis
734 1050 773 1114 de
806 1051 899 1114 rebus
931 1053 1124 1136 scripserunt
1155 1055 1187 1116 in
1220 1073 1257 1118 eo
1280 1055 1500 1126 consentiunt,

310 1158 527 1225 Aristarchoos
562 1158 617 1222 uhi
653 1157 691 1220 dc
724 1155 914 1221 lectionibus
950 1158 989 1221 ah
1019 1156 1177 1224 Zenodoto
1209 1167 1265 1224 snt
1295 1161 1422 1224 reiectis
1446 1167 1501 1224 ant

311 1269 435 1332 novatis
455 1265 620 1350 disputant
642 1262 733 1328 nulla
757 1283 921 1347 usurpasse
945 1301 982 1310 -
998 1264 1024 1328 si
1038 1285 1179 1350 unquam
1194 1267 1323 1332 fuerunt
1336 1303 1377 1314 -
1391 1267 1502 1330 critica

309 1371 461 1438 Zenodoti
496 1373 630 1456 scripta,
666 1372 700 1434 in
731 1369 847 1454 quibus
878 1370 917 1434 de
947 1370 998 1435 his
1030 1371 1125 1437 rebus
1149 1372 1343 1438 disseruerit.
1389 1371 1501 1456 ltaque

309 1479 491 1544 Aristonico
523 1480 598 1542 vivo
628 1497 667 1541 ex
697 1479 765 1541 aius
789 1476 927 1542 editione
950 1485 983 1542 et
1005 1477 1121 1564 glossis
1145 1481 1220 1544 sciri
1238 1481 1374 1566 fatuare
1397 1479 1501 1544 adhuc

310 1593 451 1670 poterat,
488 1583 564 1667 qnid
597 1582 713 1670 legerit
744 1588 800 1648 aut
828 1583 986 1667 quomodo
1017 1583 1223 1669 explicuerit,
1258 1606 1298 1650 an
1330 1599 1363 1649 et
1386 1584 1501 1670 quibus

228 1713 229 1718 ¹
311 1693 510 1778 argumentis
537 1689 704 1754 lectionem
730 1710 748 1752 a
770 1709 803 1753 se
825 1691 1037 1773 improbatam
1062 1693 1302 1778 impugnaverit
1326 1697 1358 1756 et
1381 1692 1500 1755 immn-

310 1799 443 1880 taverit,
474 1793 668 1860 Aristarchei
692 1796 756 1858 iam
780 1817 839 1857 non
863 1800 938 1858 scire
961 1801 1121 1880 poterant,
1157 1797 1211 1862 sed
1234 1795 1316 1862 illud
1342 1795 1500 1874 „Zenodo

310 1912 381 1969 tum
405 1902 575 1968 lectionem
595 1909 752 1986 receptam
777 1907 809 1963 ia
829 1902 915 1984 petae
937 1902 1081 1966 muccard
1106 1909 1163 1968 aut
1185 1904 1360 1968 Aristarchi
1378 1905 1500 1968 coniec-

310 2018 381 2076 tura
415 2016 463 2076 est
498 2015 554 2074 ant
585 2007 759 2074 Aristonici
783 2003 821 2089 ¹).
868 2007 1008 2081 Deinde,
1044 2012 1071 2073 si
1094 2010 1237 2074 Zenodoti
1256 2009 1309 2073 hic
1336 2007 1500 2094 'exemplar

310 2119 386 2196 ἐμεῦ
410 2116 595 2203 praebebat,
621 2116 676 2200 qui
699 2114 762 2178 dici
786 2121 909 2198 poterat
926 2118 959 2180 in
979 2117 1110 2179 omnibus
1128 2115 1196 2204 legi
1215 2113 1370 2190 esset-Ac
1383 2115 1497 2190 verba,

309 2222 577 2311 quemadmodum
614 2223 646 2286 in
677 2220 839 2288 codicibus
870 2225 986 2287 nostris
1020 2223 1190 2310 leguntur,
1225 2221 1498 2307 simplicissimam

309 2331 486 2396 admittunt
509 2330 814 2413 interpretationem.
861 2327 898 2391 ln
921 2328 1154 2405 locutionibus,
1182 2328 1286 2413 qualis
1309 2335 1359 2393 est
1382 2333 1497 2408 πατρὸς

309 2438 401 2514 ἐμοῦ,
426 2435 629 2502 Aristarchus
650 2456 761 2516 semper
781 2453 952 2519 pronomen
964 2436 1177 2519 possessivum
1190 2433 1498 2518 requirebat,ano'·

309 2545 403 2610 dotus
437 2543 502 2606 fere
532 2540 713 2626 personale,
745 2541 814 2615 sed.
840 2561 903 2626 qna
926 2549 993 2606 erat
1017 2543 1245 2616 inconstantia,
1270 2561 1498 2626 nonnunquam

309 2650 578 2717 consentientibus
606 2647 698 2713 libris
729 2649 942 2732 possessivum
972 2649 1184 2713 immutatum
1217 2645 1358 2733 reliquit.
1406 2647 1498 2716 Hanc

308 2759 435 2824 sinsin
458 2755 577 2820 talibus
601 2755 694 2820 rebus
722 2755 964 2818 inconstantiam
996 2752 1153 2838 plurimae
1183 2758 1349 2842 exagitant
1374 2757 1497 2822 Aristo·

308 2866 371 2929 nici
402 2867 512 2934 notae,
544 2861 644 2946 ipsius
674 2859 850 2924 Aristarchi
872 2858 1003 2926 fortasse
1026 2860 1143 2924 verbis.
1181 2859 1319 2928 Rectene
1343 2882 1383 2926 an
1408 2883 1498 2928 secus

308 2993 392 3036 nunc
415 2988 477 3035 non
501 2964 632 3042 definio,
657 2966 710 3030 scd
735 2967 908 3052 exagitant.
946 2963 1047 3032 Ouius
1070 2969 1116 3032 rei
1139 2986 1179 3031 ex
1202 2967 1371 3052 permultis
1396 2989 1496 3036 unum

309 3085 342 3143 et
377 3075 514 3140 alterum
545 3072 728 3157 exemplum
752 3092 879 3156 ponam.
927 3074 1126 3138 Aristonicus
1150 3073 1189 3138 ad
1213 3073 1247 3138 H
1272 3076 1310 3140 9:
1335 3070 1381 3140 ὅτι
1408 3077 1497 3150 Ζηνό-

310 3181 392 3251 δοτος
416 3182 447 3244 ἐν
469 3180 525 3256 μὲν
549 3180 591 3260 τῷ
616 3177 785 3257 καταλόγῳ
804 3181 840 3260 (Β
863 3175 942 3262 507)
963 3181 1128 3249 πεποίηκεν
1149 3178 1243 3258 „cire
1256 3182 1498 3262 πολυστάφυλον

306 3291 442 3366 Ἄσκρην
476 3283 586 3367 ἔχον,“’
617 3281 721 3348 ἐνθάδε
748 3283 779 3346 δὲ
811 3282 896 3346 εἴασε
927 3283 982 3356 τὴν
1010 3283 1133 3362 Ἄρνην.
1184 3285 1274 3351 Idem
1298 3287 1338 3353 ad
1363 3296 1385 3352 Γ
1412 3287 1493 3354 423:

308 3390 353 3458 dri
393 3391 554 3465 Ζηνόδοτος
587 3389 739 3466 μετετίθει
776 3390 830 3462 τὴν
855 3389 1025 3454 ’συνέπεισεν
1059 3388 1240 3462 circen·
1267 3393 1404 3472 ἀπρεπὲς
1433 3396 1497 3474 γὰρ

309 3502 394 3576 αὐτῷ
429 3499 574 3578 ἐφαίνετο
609 3497 644 3559 rt
673 3505 711 3576 τῇ
744 3496 851 3574 Ἑλένῃ
883 3497 937 3570 τὴν
967 3495 1149 3573 Ἀφροδίτην
1181 3497 1284 3578 δίφρον
1308 3500 1494 3582 βαστάζειν.

306 3687 478 3696 .-.—-—-—

342 3809 368 3870 1)
387 3805 501 3870 Exposuit
518 3803 561 3852 hoc
579 3801 733 3864 Pluygersius
751 3817 772 3850 v.
790 3800 829 3858 cl,
847 3801 913 3849 cuius
931 3801 1022 3851 obituro
1039 3803 1149 3868 discipuli
1167 3808 1191 3852 ct
1208 3805 1279 3854 amici
1295 3822 1357 3854 nuuc
1376 3807 1496 3871 lugemus,

307 3893 332 3941 in
349 3886 509 3955 disputatione
525 3885 573 3934 ianr
590 3883 681 3947 secpsius
699 3881 795 3929 laudata
812 3882 853 3944 (de
870 3883 954 3931 Zenod.
974 3883 1000 3932 b.
1021 3885 1048 3932 B.
1071 3885 1497 3952 1843),atquetta,ntmeq1odem

307 3973 384 4024 indice
406 3967 550 4020 contradici
568 3965 665 4016 omnino
682 3967 777 4026 nequet.
812 3964 920 4029 Amplexi
938 3971 995 4016 snut
1012 3967 1062 4016 cius
1079 3968 1220 4018 anatomiam
1238 3974 1263 4018 et
1279 3968 1322 4018 alii
1338 3973 1363 4018 et
1380 3969 1497 4035 Scngohu·

308 4057 387 4106 sebius
412 4053 449 4116 (in
472 4050 571 4098 Dissert.
590 4047 661 4095 Hom.
680 4045 761 4110 priore
778 4063 801 4112 p.
819 4047 872 4110 23),
890 4047 956 4096 cuiae
975 4047 1047 4098 verbe
1063 4049 1178 4114 quaedam
1195 4049 1324 4100 describam
1341 4051 1497 4104 dissrtiasima

307 4150 331 4194 et
357 4137 555 4192 luculentissima:
586 4135 695 4186 elucerta
719 4133 768 4182 iere
793 4135 869 4184 omnia
894 4121 1039 4188 Zenodoteae
1061 4141 1157 4200 repleant
1175 4143 1211 4188 cst
1228 4140 1290 4189 ratio
1307 4144 1378 4206 atquc
1398 4145 1497 4199 natum

306 4227 373 4288 eujus
400 4223 433 4271 rei
457 4233 549 4269 causam
573 4233 625 4266 eam
646 4221 709 4264 recte
732 4217 814 4265 dicunt
832 4217 983 4282 primariam,
1001 4222 1064 4283 qnod
1081 4237 1150 4270 curae
1168 4235 1181 4272 a
1199 4223 1318 4270 Zenodoto
1335 4223 1455 4288 impensae
1472 4225 1496 4274 in

308 4309 440 4358 Homerum
467 4301 554 4350 notitia
579 4301 608 4347 ad
636 4313 678 4346 nos
704 4315 745 4363 par
772 4299 935 4349 Aristarchecs
960 4301 1022 4350 solos
1048 4305 1196 4368 pervenerit,
1218 4321 1276 4368 quor
1291 4305 1365 4368 ipson
1384 4308 1498 4356 lamro·

306 4390 430 4440 eatam
454 4401 500 4432 noa
524 4383 619 4438 ridicae,
638 4382 677 4430 aed
695 4397 722 4430 cr
741 4382 880 4432 interiorum
898 4383 1059 4434 illius‘aetate
1076 4387 1286 4449 grammaticorum
1302 4387 1398 4452 scriptis
1416 4390 1483 4440 omni

306 4487 365 4538 quac
383 4471 410 4516 de
428 4484 455 4516 ca
473 4467 598 4514 narrarent
615 4463 719 4512 hausisse
736 4464 836 4513 νιανίνιν
852 4483 881 4514 εν
900 4467 1037 4516 Aristarchi
1055 4469 1121 4516 libris
1139 4468 1259 4532 probabile
1277 4469 1333 4518 sits·
