3232 5136
713 337 756 416 57

135 533 301 617 πληγὰς
333 533 384 601 έπ.
417 534 560 619 οὔσας,
590 535 646 602 sod
676 539 710 602 in
732 535 792 602 hsc
817 535 1012 602 mutatione.
1037 539 1076 600 ui
1099 533 1184 613 dixi,
1209 533 1323 599 itoroto

135 643 265 710 articulo
299 641 335 708 σθ
370 645 436 707 ium
471 641 580 708 nullus
614 640 703 710 locus
734 648 799 738 osi,
832 663 894 728 quo
926 646 1032 708 amoto
1056 647 1124 708 toto
1147 643 1321 717 sententis,

134 755 256 839 integro
290 771 374 815 nuno
407 755 443 814 ul
474 771 580 835 sporo,
610 751 658 814 ico
686 749 830 837 legatur:
863 746 937 814 θταν
967 742 1016 813 οὖν
1046 749 1089 814 τήν
1124 746 1205 826 βέλη
1231 748 1261 811 έν
1283 755 1321 828 τῇ

133 857 240 923 Ἰλιοίδι
272 855 439 937 κοινοτέρως
465 857 559 936 πικρθι
584 855 636 920 καί
662 856 837 922 πευκεδανθο
862 854 941 936 λέγη
965 855 1016 920 καί
1043 855 1220 938 έχεπευκή,
1246 851 1322 919 πρίν·

134 989 190 1036 τως
215 965 274 1051 (οὔ)
304 963 353 1028 διὰ
375 963 410 1027 τί
431 961 591 1044 Φαρμθκῳ
610 963 770 1042 κεχρῖσθαι
792 961 973 1027 θκσυστέον·
994 960 1129 1037 οὐδαμοῦ
1150 961 1214 1040 γὰρ
1233 963 1323 1023 τοῦτο

135 1074 164 1136 έν
185 1075 228 1148 τήν
251 1073 375 1152 Ἰλιακῷ
399 1070 525 1151 πολέμῳ
549 1070 782 1146 ἐπεσημήνατο·
808 1068 859 1134 διθν
882 1069 912 1133 δέ
938 1067 997 1140 τοὶς
1019 1067 1053 1145 έξ
1073 1072 1174 1134 αὐτῶν
1192 1067 1323 1144 πληγὰς

135 1179 299 1250 ἒπωδθνους
330 1178 441 1256 οὔσας,
474 1178 557 1244 καθα
588 1177 639 1242 καί
672 1177 723 1241 τθν
754 1174 890 1255 πθλεμον
922 1174 1103 1241 πευκεδανδν
1139 1172 1200 1256 ἔφη
1225 1197 1324 1238 κατα·
1348 1155 1351 1166 ’

135 1292 324 1366 χρηστικῶς,
350 1284 496 1357 ἐπώδυνον
520 1283 705 1362 βουλθμενος
730 1285 916 1366 ἐμφανίσαι.

178 1521 220 1582 οι,
251 1494 330 1563 279.
364 1496 410 1561 σοί
442 1495 468 1559 δ’
501 1497 584 1576 αὐτῷ
617 1501 747 1568 πυκινῶς
779 1497 984 1573 ὑποθήσομαι,
1020 1495 1056 1560 al
1080 1519 1115 1560 κε
1138 1495 1254 1570 πίθηαι.
1281 1530 1324 1542 -

136 1603 187 1668 Tol
219 1604 277 1680 μὲν
308 1603 371 1681 γὰρ
404 1609 509 1682 πρῶτα
537 1639 578 1650 -
603 1599 782 1668 Scholiasta
813 1605 859 1669 ait
887 1604 991 1668 nescio
1015 1603 1086 1687 quis
1112 1639 1152 1651 -—
1178 1601 1245 1680 περί
1270 1605 1326 1676 τής

135 1708 312 1784 κτήσεως
351 1704 383 1783 ήν
414 1709 466 1774 καί
499 1715 558 1773 τῶν
588 1709 764 1789 μνηστήρων
796 1709 847 1773 καί
881 1716 936 1783 τῆς
969 1707 1100 1788 μητρός,
1134 1709 1176 1774 τὰ
1200 1709 1231 1774 δέ
1256 1706 1325 1783 ἑξῆς

135 1817 206 1897 πρὸς
240 1817 333 1881 αὐτὸν
364 1815 469 1894 μθνον,
495 1813 552 1880 θσα
577 1815 710 1894 ἔμελλεν
733 1817 984 1894 ὠφεληθήσεσθαι
1008 1817 1042 1879 ἐκ
1066 1823 1121 1888 σής
1147 1814 1325 1890 ἀποδημίας

135 1927 295 2004 συντυχὼν
328 1931 392 1994 τοῖς
427 1922 642 2003 πρεσβυτέροις
679 1921 814 2002 θνδροίσι.
850 1920 1006 2008 (llMQ'l').
1040 1920 1214 1998 Alienum,
1250 1923 1326 2006 quin

136 2033 234 2096 clisrn
272 2029 506 2096 subabsurdum
538 2027 667 2094 videtur
698 2029 782 2093 mihi
813 2030 880 2107 περὶ
912 2038 968 2104 τῆς
1004 2029 1190 2101 κτήσεως.
1238 2025 1328 2092 Nihil

137 2139 246 2202 minus
281 2156 377 2221 quum
417 2137 513 2200 rostri
548 2143 724 2214 μνηστῆρας
757 2138 890 2200 κτᾶσθαι
922 2135 1070 2220 cupiebat
1101 2133 1328 2208 Telemachum

137 2245 197 2308 sibi
231 2263 306 2308 vero
338 2248 473 2307 matrem
507 2241 639 2306 κτᾶσθαι
671 2240 856 2307 incredibile
885 2241 973 2306 dictu
998 2247 1045 2306 ost
1068 2261 1163 2326 quam
1189 2244 1231 2305 sit
1255 2240 1330 2305 ridi·

139 2349 262 2414 culum.
309 2347 457 2434 Suspicor
485 2347 688 2413 scribendum
719 2367 787 2412 osso
818 2349 957 2412 minimo
987 2349 1182 2412 mutatione:
1206 2348 1250 2411 rol
1273 2333 1330 2422 μὲν

139 2456 200 2535 γὰρ
235 2461 342 2534 πρῶτον
375 2455 441 2533 περί
472 2461 527 2529 τῆς
559 2456 740 2534 χρήσεως
772 2447 805 2526 ήν
837 2454 889 2517 καί
913 2459 972 2518 τῶν
997 2455 1173 2533 μνηστήρων
1197 2453 1250 2517 καί
1274 2461 1330 2526 τῆς

139 2561 273 2644 μητρθς,
305 2562 340 2626 id
370 2567 435 2627 cst:
467 2561 510 2626 τὰ
539 2562 596 2638 μέν
627 2565 732 2642 πρῶτα
765 2563 782 2636 ή
814 2562 929 2635 Ἀθηνᾶ
954 2563 1122 2644 παρήνεσε,
1148 2565 1210 2631 πῶς
1238 2558 1331 2624 αιἰτθν

140 2668 197 2734 ἔδει
230 2669 406 2750 χρῆσθαι
439 2693 467 2731 κ.
488 2692 520 2733 τ.
554 2675 723 2746 μνηστῆρσι
754 2689 826 2732 κ.τ.
859 2667 969 2748 μητρί,
995 2666 1107 2732 eodem
1130 2663 1327 2752 sigrnilicstu¹

140 2797 200 2861 quo
230 2774 406 2860 Xenophon
440 2773 599 2839 consimili
622 2773 777 2842 vocabulo
799 2774 892 2853 χρεία
915 2793 990 2838 usus
1014 2779 1062 2838 ost
1086 2777 1118 2838 st
1142 2771 1220 2838 olibi
1243 2777 1277 2837 ct
1299 2775 1331 2836 in

140 2882 319 2950 Memorat).
345 2879 387 2956 ll,
411 2879 456 2945 IV
480 2882 497 2965 ξ
523 2881 557 2944 l:
582 2879 698 2955 ήκουσα
720 2879 751 2944 δέ
775 2903 850 2946 ποτε
875 2881 970 2946 αὐτοῦ
996 2879 1164 2966 (Socrates)
1192 2879 1244 2945 καί
1266 2881 1332 2958 περί

140 2991 242 3071 Φίλων
266 2989 486 3066 διαλεγομένου
510 2983 544 3062 ἐξ
563 2983 601 3051 ὦν
623 2985 729 3066 ἔμοιγε
750 2986 843 3052 έδθκει
864 2985 998 3062 μάλιστ’
1019 2985 1058 3051 ἄν
1079 3011 1125 3059 τις
1147 2989 1333 3070 ὠφελεῖσθαι

142 3097 212 3178 πρὸς
239 3095 340 3177 φίλων
363 3094 508 3170 κτήσίν
532 3118 575 3158 τε
599 3095 665 3159 καί
690 3095 848 3177 χρείαν.

185 3325 237 3390 ud
261 3349 300 3399 α,
333 3321 400 3388 284
433 3327 560 3388 revocul
582 3343 640 3386 nos
662 3324 781 3388 ilerum
806 3323 845 3387 sd
870 3344 903 3388 ss
926 3322 1142 3410 Porphyrius;
1166 3344 1240 3390 nom
1266 3345 1335 3410 prc-

142 3430 244 3495 lixum
276 3428 425 3494 Scholion
453 3429 496 3513 (p.
523 3427 576 3506 51,
602 3427 723 3514 2l—p.
751 3429 805 3513 54,
828 3426 850 3493 8
875 3427 997 3516 Dion),
1022 3429 1105 3515 quod
1129 3437 1336 3496 servaverunt

142 3537 233 3602 nobis
253 3534 288 3600 H
310 3557 329 3600 s
352 3555 450 3600 munu
470 3533 607 3600 secundo
631 3541 664 3599 el
687 3533 850 3600 Parisinus
873 3534 914 3618 D,
939 3534 1059 3601 nullius
1083 3539 1147 3601 nisi
1166 3535 1336 3623 Porphyrii

144 3665 208 3710 osso
239 3643 322 3707 milri
351 3663 537 3728 persuasum
568 3647 616 3706 ost
648 3647 680 3707 ol
702 3645 736 3706 in
760 3642 860 3707 ultera
883 3642 979 3707 huius
1002 3643 1148 3728 opusculi
1171 3650 1259 3729 porte
1284 3644 1337 3708 ds-

144 3755 357 3816 monstrstum
382 3747 456 3813 dsrs
478 3748 622 3813 conabor.
669 3745 778 3813 Soutet
799 3747 877 3833 hoo,
903 3754 941 3812 ul
964 3750 998 3813 in
1019 3751 1168 3815 omnibus
1186 3749 1336 3838 longiori·

144 3857 203 3921 bus
226 3854 364 3922 Scholiis
386 3876 447 3919 usu
468 3857 575 3920 venire
595 3855 691 3931 solet,
713 3854 861 3940 plurimis
881 3859 914 3920 et
925 3855 1125 3944 gravissimis
1137 3856 1334 3942 corruptelis.

147 3965 214 4026 Οὐκ
244 3960 455 4041 σίποδέχονταί
483 3985 562 4031 τινες
589 3999 629 4011 --
655 3963 762 4048 inquil
787 3999 828 4011 -
853 3967 908 4035 τῆς
932 3964 1062 4036 Ἀθηνᾶς
1098 3963 1152 4035 τήν
1187 3964 1335 4039 ὑποθήκην

146 4067 364 4144 ε’κπεμποθσης
395 4065 607 4153 Τηλέμαχον,
640 4063 690 4133 irs
723 4064 755 4143 ήν
789 4069 819 4132 έν
843 4070 1005 4146 μεγίστοις
1030 4070 1169 4141 κινδύνοις
1194 4071 1211 4146 ή
1236 4071 1336 4156 siolo,

146 4178 216 4254 πρὸς
247 4177 301 4249 τήν
333 4172 492 4255 ἄπρακτον
526 4171 649 4253 ζήτησιν
679 4182 732 4240 τοῦ
763 4178 896 4255 πατρίς,
926 4183 984 4240 τῶν
1008 4180 1183 4258 μνηστήρων
1208 4177 1336 4253 ἑτοίμων

146 4279 235 4346 θντων
270 4282 322 4346 καί
358 4281 433 4360 βίαν
470 4281 648 4364 προσφέρειν
684 4291 723 4364 πή
760 4283 923 4362 Πηνελθπη
958 4283 1008 4348 διὸ
1046 4285 1101 4358 τήν
1136 4285 1334 4367 πολυχρόνιον

148 4388 332 4466 μνηστείαν,
364 4395 419 4461 τῆς
452 4389 483 4453 δέ
517 4389 613 4459 οίκίας
645 4390 698 4454 οὐκ
730 4388 863 4468 έχοθσης
895 4389 946 4454 τδν
977 4389 1198 4468 προϊστάμενον
1223 4389 1336 4473 ἄνδρα·

150 4496 201 4562 καί
233 4491 313 4574 ὅμως
346 4493 406 4560 ὑπ’
431 4496 577 4567 αἰτίαν
601 4495 692 4570 οὔσης
715 4503 770 4570 τής
795 4495 974 4576 συμβουλῆς
1000 4497 1053 4562 οὐκ
1076 4497 1158 4566 θκνεῑ
1179 4499 1196 4574 ή
1221 4500 1335 4576 Ἀθηνῖι
