3330 5144
804 337 869 406 ιιι
888 304 890 310 ’

236 549 305 596 rem
340 531 533 614 immanem,
569 549 632 616 quo
668 527 857 618 Neptunum
889 529 1004 596 Martie
1031 531 1166 619 fratrem
1198 531 1328 608 habuit,
1366 551 1428 599 non

235 637 348 704 scribis
373 635 428 702 sed
450 638 550 723 ipsius
573 639 696 724 stupori
718 639 918 730 imputamus
937 640 1035 705 etiam
1055 637 1283 727 vulgetissima
1301 638 1430 728 mytho-

236 742 345 832 logice
372 743 550 810 nescientis.

281 961 315 1039 i,
340 957 396 1026 26.
421 958 498 1026 Post
520 959 662 1027 scholion
685 980 725 1028 ex
748 959 786 1028 Μ
809 963 855 1047 (p.
880 958 963 1048 175,
984 961 1020 1047 2)
1044 963 1084 1030 ad
1103 960 1197 1041 τώδε,
1218 963 1257 1029 do
1277 981 1340 1048 quo
1356 981 1432 1030 mox

238 1066 469 1153 disputabitur,
493 1069 528 1132 in
552 1066 754 1134 adnotatione
778 1065 960 1135 Dindorfius
982 1071 1089 1157 posuit
1107 1069 1203 1135 haec:
1228 1089 1319 1156 „pars
1336 1069 1433 1135 huius
1484 1095 1487 1102 ·
1527 1125 1535 1141 .

237 1173 351 1240 scholii
383 1178 431 1239 est
460 1173 495 1238 in
518 1171 555 1238 B.
582 1175 616 1239 vd
640 1172 976 1240 retrocurrere:
1000 1175 1053 1240 καὶ
1078 1176 1165 1249 δηλοῖ
1185 1175 1241 1252 τὴν
1265 1173 1431 1254 ἐγγύτητα

236 1282 349 1346 αὐτῶν.
372 1279 451 1346 Post
473 1279 533 1346 hoc
557 1277 700 1346 scholion
723 1281 757 1346 in
780 1279 820 1346 Μ
842 1287 1019 1368 sequuntur
1041 1282 1150 1358 verba,
1176 1282 1247 1356 riva
1270 1281 1430 1360 ἆγαθοῦ

237 1387 478 1470 καταφθιμένοιο
512 1386 656 1451 λιτέσθαι
692 1386 730 1472 (γ
767 1385 858 1472 196.)
899 1388 1100 1462 intermissio
1135 1389 1360 1467 ἐνοήταμεν
1396 1387 1430 1452 τὸ

237 1493 327 1562 ἄλλα
351 1493 458 1561 παῖδα
481 1493 611 1571 decide.
636 1492 724 1575 Quae
746 1513 809 1560 uon
833 1494 994 1577 miellipo’i
1017 1494 1109 1561 Unde
1131 1495 1208 1562 haec
1232 1499 1266 1562 et
1288 1515 1345 1560 eur
1368 1495 1431 1562 huc

237 1601 437 1687 irrepserint,
462 1605 548 1666 certo
571 1599 674 1666 dicere
698 1619 834 1686 nequeo,
855 1603 915 1666 etsi
940 1602 973 1668 id
997 1623 1060 1668 non
1083 1589 1225 1670 raro'est
1243 1601 1433 1679 factumst

238 1707 360 1774 scholia
378 1712 530 1792 tanquam
549 1707 588 1772 de
609 1705 696 1773 caelo
717 1705 846 1794 delapsa
864 1707 909 1773 ibi
922 1713 1137 1794 compareant,
1151 1711 1207 1775 ubi
1219 1707 1302 1774 nihil
1314 1708 1432 1775 habent

213 1797 216 1804 ⁴
238 1813 323 1901 quod
345 1808 520 1898 taciant1),
548 1821 581 1878 et
603 1810 672 1878 fieri
695 1818 801 1899 potest
822 1819 861 1880 ut
883 1814 1041 1900 adscripta
1063 1814 1182 1881 fuerint
1205 1816 1245 1883 ad
1268 1815 1432 1902 sequentia

237 1927 299 2000 (vs.
312 1915 388 1996 tit:
413 1927 506 2000 γενεῦ
529 1919 560 1985 δὲ
584 1917 657 1990 Διὸς
681 1917 835 2005 μεγάλοιο
854 1917 962 1992 ἔικτον.
984 1927 1017 1987 at
1034 1919 1116 1988 nihil
1135 1920 1435 2006 eetiociliusquam

237 2045 275 2092 ea
295 2024 474 2092 adventicia
493 2032 526 2091 et
545 2025 712 2092 emendare
730 2031 763 2092 et
782 2026 987 2115 intellegere,
1007 2026 1063 2093 ubi
1087 2049 1188 2094 unum
1212 2028 1429 2094 observavero.

236 2131 362 2220 Nempe
395 2129 577 2199 Dindorfius
611 2131 688 2197 haee
723 2129 769 2198 eie
803 2132 922 2218 edidit,
959 2135 1102 2220 primum
1132 2137 1165 2199 iu
1200 2139 1306 2212 textu,
1332 2130 1429 2196 rotie:

235 2237 509 2323 ταροξυτοκιιτὲιι,
534 2235 584 2303 ἵνα
608 2239 694 2320 eonii
717 2237 825 2304 dvi'xda.
853 2241 985 2313 Ἄλλως.
1010 2241 1045 2305 τὸ
1069 2237 1144 2306 τώδε
1170 2238 1337 2319 cresces
1353 2238 1429 2304 δεικ·

237 2349 319 2414 τικόκ
343 2346 375 2413 di
399 2345 429 2411 ὃν
452 2345 541 2421 δηλοῖ
562 2349 617 2419 τὴν
639 2345 805 2425 ἐγγύτητα
830 2348 950 2424 αὐτῶν,
975 2351 1046 2412 tum
1070 2349 1104 2412 in
1127 2347 1328 2413 adnotatione
1347 2346 1431 2412 infra

236 2459 382 2530 textum,
414 2457 482 2529 τὴν
513 2453 637 2532 ἀγαθοῦ
665 2466 750 2530 κτλ..
782 2474 863 2540 quae
894 2475 990 2540 supra
1013 2454 1171 2540 descripsi.
1199 2456 1243 2520 At
1265 2455 1299 2519 in
1322 2453 1430 2520 codice

147 2625 160 2638 γ,
236 2581 286 2629 res
317 2559 422 2626 multo
453 2558 547 2626 aliter
576 2579 610 2625 se
632 2559 738 2626 habet.
761 2557 896 2626 hemma
919 2560 1026 2627 deisse
1050 2559 1194 2639 videtur,
1218 2559 1360 2626 scholion
1383 2561 1431 2626 ita
1529 2561 1533 2568 '

235 2669 368 2754 incipit:
392 2665 646 2743 ταοοξυτοιιιτὲοο
669 2663 719 2731 ἵνα
743 2655 827 2748 κακοῦ
851 2666 961 2732 δαΐκόο.
984 2665 1089 2740 ἄλλως
1108 2667 1143 2732 τὸ
1162 2667 1237 2732 τώδε
1258 2665 1427 2745 creterras.

236 2773 384 2840 δεικτικὸν
417 2773 448 2839 δὲ
485 2769 515 2837 ὃν
547 2771 635 2846 δηλοῖ
655 2778 725 2858 (per
747 2775 971 2858 compendium
996 2775 1165 2860 seriptum)
1189 2775 1257 2849 riv
1280 2774 1429 2852 ἀγαθοῦ

237 2878 479 2963 καταφθιμένοιο
514 2879 658 2944 λιτέσθαι
694 2878 895 2968 ἐλλειττικῶο
931 2880 1098 2957 desiccaret
1134 2879 1168 2944 ri
1204 2881 1292 2946 ἄλλα
1327 2878 1428 2946 παῖδα

182 2987 186 2996 ’
236 2987 364 3066 ἀγαθόν.
401 2985 506 3074 Igitur
540 2984 603 3053 duo
638 2984 759 3052 scholia
794 2985 876 3052 male
907 2985 1108 3063 coaluerunt,
1140 3005 1175 3052 ao
1200 2988 1255 3061 rio
1277 3007 1339 3053 non
1361 2989 1428 3052 iam

235 3098 373 3184 pertinet
403 3093 443 3158 ed
466 3094 586 3174 ripatici
609 3107 678 3158 art.
705 3091 760 3159 sed
783 3092 823 3158 ud
846 3094 1025 3178 superiora,
1048 3095 1176 3158 omissis
1200 3093 1305 3159 verbis
1328 3093 1428 3172 ἐγγύ-

235 3224 320 3280 τητα
349 3201 468 3278 αὐτῶν,
492 3219 572 3285 quoe
595 3196 776 3265 Dindorfius
799 3198 961 3286 supplevit
986 3219 1087 3264 -an
1111 3219 1149 3264 ex
1173 3195 1221 3264 Bi
1245 3235 1287 3250 -
1310 3198 1429 3266 lectore

235 3331 297 3378 non
319 3311 459 3386 monito;
483 3310 591 3392 itaque
614 3305 769 3372 articulus
791 3310 846 3380 rio
870 3325 953 3372 nunc
977 3325 1033 3372 nos
1055 3308 1121 3370 iam
1147 3308 1266 3372 morari
1289 3327 1352 3372 non
1377 3305 1429 3372 de·

236 3417 333 3484 bebit.
373 3413 444 3481 Hoc
467 3416 569 3502 igitur
591 3418 713 3479 remoto
735 3418 858 3479 caetera
881 3409 995 3486 scholii
1018 3412 1190 3478 adventicii
1214 3419 1324 3499 sponte
1348 3413 1429 3479 hanc

234 3526 372 3592 formam
395 3520 550 3587 induunt:
577 3518 628 3606 (ἐκ
651 3521 715 3604 τῷ)
740 3518 917 3598 ,ἀγαθὸν
932 3518 1012 3604 (καὶ
1032 3518 1173 3603 παῖδα)
1187 3520 1428 3603 καταφθιμένοιο

235 3627 397 3698 uariata?
420 3663 464 3678 -
488 3631 562 3691 sunt
593 3627 689 3691 verbe
724 3625 867 3692 Nestoris
900 3625 939 3694 od
972 3624 1221 3703 Telemachum,
1245 3649 1268 3704 γ
1296 3624 1360 3693 196
1386 3663 1425 3676 -

234 3737 436 3808 ἕλλειττικῶι
473 3732 707 3810 inscissura
738 3729 794 3796 cd·
827 3732 917 3798 ἀλλὰ
948 3732 1053 3798 παῖδα
1083 3732 1212 3810 erasto.
1244 3731 1312 3798 Iam
1340 3735 1428 3819 ipse,

234 3867 343 3934 spero,
375 3839 556 3910 Diodorfius
591 3839 672 3905 mihi
706 3839 813 3915 debit,
850 3859 887 3904 ea
918 3839 970 3906 hio
997 3839 1128 3906 fortasse
1152 3839 1256 3905 aliena
1278 3860 1345 3906 esse
1368 3842 1426 3904 mi·

239 4047 413 4060 m

269 4157 297 4221 1)
316 4156 418 4208 Notavit
433 4156 479 4206 hoc
494 4155 620 4222 nliqnotiee
636 4154 688 4206 teri
707 4154 879 4212 Buttmnuum,
897 4155 913 4204 i.
932 4171 953 4204 a.
971 4155 1000 4205 sd
1018 4149 1037 4216 ζ
1051 4155 1098 4204 loe
1117 4154 1150 4220 (p.
1169 4153 1231 4214 802,
1249 4153 1374 4214 iii-8⁰8.
1391 4157 1428 4222 8),

235 4256 283 4306 quo
308 4239 333 4290 in
357 4240 403 4306 PQ
420 4238 569 4305 irrepserunt
585 4251 646 4302 quoe
662 4237 692 4286 cd
711 4253 718 4284 ι
737 4237 767 4285 tl
785 4237 907 4302 pertinent
923 4253 1012 4303 sueque
1028 4237 1080 4286 loco
1097 4237 1123 4286 in
1140 4237 1165 4302 Q
1181 4237 1265 4286 ordine
1278 4241 1427 4304 repetuntur.

235 4329 303 4381 Idem
319 4343 413 4396 quoqne
430 4329 519 4380 hetam
536 4328 562 4378 in
579 4325 708 4392 Porphyrii
725 4325 862 4392 qnmtioee
880 4327 908 4376 ad
926 4327 985 4379 tta
1003 4324 1055 4390 (tae
1073 4325 1104 4378 r!
1119 4342 1145 4375 τ.
1161 4323 1294 4389 isimon:
1310 4325 1364 4392 πρὶν
1379 4333 1428 4392 φα-

233 4413 287 4478 γιῒν
314 4413 380 4468 rm?
404 4419 452 4477 τὸς
478 4413 563 4483 χεῖρας
592 4410 742 4478 hortetur
770 4413 851 4480 κτα),
873 4417 941 4467 euius
964 4433 1019 4488 pars
1039 4417 1065 4467 iu
1089 4417 1227 4488 'spessime
1243 4419 1272 4467 ed
1288 4432 1308 4480 γ
1326 4420 1376 4470 89Β
1392 4435 1428 4472 re-

234 4501 297 4556 levit
312 4505 362 4554 es.-
