3330 5144
720 343 723 350 '
770 362 837 437 245

206 559 314 624 autem
337 577 485 644 perversa
508 563 583 626 sunt
605 579 686 646 quus
708 563 902 647 sequunturt
925 555 1049 632 οἰκότος
1076 559 1107 626 al
1135 555 1272 639 ‘opscos
1301 559 1398 644 τούτῳ

206 671 402 748 συγχρῆτοιι,
426 665 536 753 idque,
560 671 598 732 ut
620 667 765 751 videtur,
789 668 823 731 in
843 666 1000 732 omnibus.
1025 664 1117 742 Quod
1136 669 1254 734 lterum
1276 669 1397 755 optime

206 775 344 838 sentiens
373 769 539 839 Nauclrins
570 776 734 860 proposuit
764 774 807 859 (p.
840 771 884 838 23
915 773 1014 858 not.):
1049 771 1171 847 εἰκότως
1202 773 1235 840 δέ
1258 777 1397 858 Ὁμήρῳ

205 883 323 946 τοῦτο
366 887 639 960 σογχοοιεῖτιιι.
693 879 775 955 Sed,
813 917 853 930 -
891 878 974 965 quod
1011 899 1086 965 pace
1121 882 1183 947 viri
1218 883 1397 948 acutissimi

205 985 328 1052 dictum
353 992 442 1069 esto,
467 1024 508 1036 -
533 986 610 1053 haec
639 988 800 1052 restitutio
823 987 931 1052 minus
953 984 1089 1052 feliciter
1111 986 1193 1052 mihi
1217 989 1399 1074 excogitata

205 1091 342 1158 videtur.
370 1091 419 1159 Ne
442 1092 566 1172 dicam,
590 1113 652 1160 nou
676 1095 797 1178 optime
819 1091 902 1158 illud
928 1095 1017 1170 „iure
1040 1097 1148 1158 tamen
1170 1091 1312 1160 Homero
1335 1093 1394 1160 hoc

206 1197 406 1267 concedituff'
429 1201 590 1265 enunciari
609 1188 664 1286 per
680 1199 805 1282 Ὁμήρῳ
824 1203 914 1266 τοῦτο
935 1207 1163 1280 συγχωρεῒτιιι,
1188 1200 1271 1286 quod
1290 1199 1395 1266 multo

30 1349 34 1356 -
100 1319 106 1325 ‘
205 1306 384 1372 accuratius
414 1308 482 1391 ipse
511 1306 714 1374 Aristarchus
745 1309 900 1393 expressit
932 1324 1003 1392 per:
1036 1307 1135 1373 δοτέον
1163 1309 1195 1373 δέ
1219 1307 1260 1389 τῷ
1284 1316 1395 1390 ποιητῇ

205 1413 249 1480 τοὶ
272 1417 404 1479 τοιοῦτοι
430 1413 482 1500 (ad
500 1438 524 1493 y
539 1412 606 1499 71),
627 1435 666 1480 na
685 1415 753 1501 ipsa
773 1413 903 1500 quidem
924 1415 1001 1481 haec
1022 1415 1268 1481 sententiabene
1280 1415 1393 1492 habet,

205 1521 233 1586 si
256 1540 331 1585 cum
355 1523 498 1606 proxime
521 1520 778 1587 antecedentibus
801 1527 1020 1598 connectatur,
1056 1521 1139 1606 quod
1162 1524 1310 1587 omittere
1332 1541 1395 1586 non

204 1624 289 1696 licet
338 1628 581 1712 Aristophanes,
613 1628 732 1713 inquit,
765 1627 966 1708 ἀμφοτέροισι
999 1627 1038 1694 de
1065 1647 1156 1694 cerva
1179 1648 1304 1714 unoque
1328 1629 1397 1694 eius

114 1757 120 1765 ·
204 1731 355 1800 hinnuleo
396 1732 576 1822 intellegit,
618 1737 768 1820 quoniam
808 1733 998 1802 Aristoteles
1041 1733 1140 1800 semel
1171 1739 1317 1820 tantum,
1356 1733 1396 1800 ad

120 1913 124 1920 ,
204 1859 370 1906 summum
401 1842 468 1919 bis,
499 1861 608 1928 parere
637 1861 764 1908 cervam
794 1846 983 1908 auctorest.
1029 1841 1104 1908 Iure
1123 1847 1232 1908 cutem
1254 1839 1396 1908 Homero

203 1947 256 2010 tor
290 1946 489 2026 conceditur,
515 1985 557 1997 —
582 1950 668 2025 sive,
702 1947 761 2013 hoc
791 1947 820 2013 ei
844 1950 926 2013 vitio
948 1967 1011 2013 non
1034 1951 1188 2026 vertitur,
1215 1985 1256 1998 -
1279 1953 1318 2014 ut
1340 1969 1399 2015 nu·

204 2073 291 2119 mero
311 2074 435 2140 quoque
454 2055 649 2140 comparatio
669 2056 845 2121 conveniat.
869 2053 1027 2121 Haeccine
1039 2053 1226 2121 cohaerenti
1238 2053 1395 2142 Equidem

205 2159 310 2245 potius
346 2160 472 2227 credam
507 2164 660 2246 scriptum
695 2161 809 2228 fuisse:
841 2159 962 2232 clatros
994 2161 1026 2226 11
1046 2163 1183 2240 Ὅμηρος
1207 2161 1304 2242 τούτῳ
1330 2163 1397 2248 (οὐ)

205 2273 400 2349 sampirus,
435 2275 471 2333 ut
499 2273 532 2334 et
560 2271 682 2334 minore
711 2268 879 2334 molimine
908 2266 997 2335 locus
1024 2269 1214 2334 restituatur
1245 2275 1277 2334 et
1299 2268 1396 2349 τούτῳ

204 2373 336 2453 habeat,
361 2377 412 2442 oui
437 2397 454 2442 e
475 2375 736 2461 praecedentibus
760 2375 923 2442 referatur.
970 2371 1122 2441 Oonfusio
1152 2373 1340 2442 vocularum
1364 2387 1395 2442 ο“ῠ

205 2487 238 2548 et
267 2493 305 2549 σὺ
334 2484 401 2546 iam
432 2481 542 2547 Bastio
565 2479 704 2568 (Comm.
729 2479 895 2570 Palaeogr.
919 2501 951 2566 p.
976 2477 1056 2567 734)
1081 2483 1136 2559 „in
1158 2481 1278 2569 vulgus
1301 2483 1397 2548 notis·

205 2589 285 2653 sima
315 2585 403 2666 est‚”
434 2607 491 2654 nec
516 2587 658 2654 multum
682 2587 793 2654 dubito
817 2591 895 2673 quin
917 2573 1083 2654 Nauckius
1107 2589 1191 2674 ipse,
1215 2590 1267 2654 vir
1290 2587 1397 2654 claris·

204 2696 322 2771 simus,
355 2698 383 2760 si
413 2693 536 2780 quando
567 2694 645 2760 hacc
675 2692 781 2780 leget,
804 2693 865 2760 hoc
887 2693 970 2780 quod
993 2694 1206 2779 reponendum
1219 2695 1298 2760 dixi
1321 2715 1396 2780 prae

186 2819 261 2866 'suo
291 2804 421 2868 invento
442 2800 632 2887 probaturus
657 2801 708 2864 ait.
757 2797 944 2884 Caeterum,
968 2799 1108 2885 nequid
1132 2801 1293 2878 omittam,
1319 2824 1396 2879 σογ-

203 2915 320 2988 χρῆτιιι
349 2929 387 2973 ex
416 2905 451 2972 Μ
481 2906 559 2972 bene
582 2907 756 2991 repositum
781 2911 847 2982 est,
872 2908 1004 2972 caeteris
1027 2905 1188 2972 codicibus
1210 2909 1395 2988 συγχρῖιτοιι

203 3015 445 3098 praebentibus,
480 3013 563 3098 quod
601 3033 641 3078 ne
678 3014 787 3098 ipsum
821 3011 950 3098 quidem
981 3015 1014 3077 in
1046 3015 1161 3079 uostris
1190 3015 1395 3099 scriptoribus

203 3141 310 3186 rarum
341 3127 396 3186 aut
428 3121 618 3184 inusitatum
647 3118 749 3184 videri
773 3124 896 3205 potest,
921 3140 995 3184 cum
1018 3141 1050 3186 v.
1075 3141 1102 3185 c.
1125 3121 1237 3185 statim
1260 3121 1294 3186 in
1316 3123 1397 3188 rici·

203 3226 257 3292 uie
279 3225 407 3314 legatur
430 3230 635 3306 τιοιροιχροῖτιιι
660 3225 723 3304 γὰρ
747 3233 817 3299 τοιῑς
842 3224 956 3302 λέξεσι.
978 3225 1032 3310 (ad
1052 3226 1069 3290 δ
1089 3226 1166 3304 411,
1186 3248 1218 3312 p.
1234 3225 1312 3307 211,
1325 3227 1394 3314 24).

204 3329 347 3399 'landem
371 3353 426 3418 pro
450 3341 589 3398 πλεῖστοι
610 3331 833 3416 praetulerim:
851 3334 973 3411 ὥςγοὶρ
995 3333 1021 3396 ol
1041 3341 1209 3412 μνηστῆρες
1230 3333 1395 3408 πλείους

205 3437 277 3520 τορὸς
306 3437 376 3517 iva,
409 3439 491 3526 quod
522 3439 555 3504 in
585 3435 750 3503 Harlsiani
780 3445 921 3505 monstro
952 3453 1055 3509 τλειος
1087 3439 1185 3505 latere
1213 3439 1397 3506 Dindorfius

205 3548 326 3632 optime
350 3546 442 3613 vidit.

250 3757 321 3825 Non
356 3759 412 3825 abs
442 3779 475 3823 re
506 3759 568 3824 erit
597 3778 725 3824 monere
755 3758 942 3846 negativam
973 3755 1180 3841 particulam,
1212 3759 1396 3843 saepissime

132 3869 141 3878 '
205 3866 255 3948 οὐ,
280 3885 506 3951 nonnunquam
529 3865 586 3940 pir,
614 3867 647 3929 in
671 3867 786 3930 nostris
809 3862 938 3929 scholiis
962 3863 1158 3949 frequentius
1182 3861 1279 3930 stiam
1299 3884 1395 3950 quam

203 3973 236 4036 in
256 3971 328 4037 aliis
347 3973 553 4058 scriptoribus
565 3974 684 4036 maiore
696 3992 771 4036 cura
782 3972 997 4056 transscriptis
1010 3969 1192 4035 desiderari.
1217 3969 1346 4036 Praeter
1359 3991 1395 4036 ea

204 4077 365 4164 exempla,
391 4097 471 4164 quae
494 4098 589 4162 supra
612 4075 677 4142 iam
701 4077 754 4143 hic
777 4077 844 4143 illic
868 4077 1018 4158 exhibui,
1042 4095 1126 4140 nuuc
1146 4075 1253 4142 ordine
1274 4080 1396 4162 potiora

116 4263 119 4268 ¹
203 4185 386 4271 recensebo,
424 4181 579 4274 neglectis
617 4189 745 4261 tamen,
778 4205 858 4268 quas
889 4183 1091 4269 plurifariam
1123 4187 1270 4268 corrupta
1298 4183 1394 4250 aliam

204 4313 328 4380 quoque
356 4293 548 4359 medicinam
582 4295 758 4377 expectent.
787 4291 916 4356 Faciam
947 4291 1081 4354 initium
1112 4289 1152 4354 ab
1177 4309 1240 4353 uno
1264 4287 1332 4355 loco
1356 4311 1395 4354 ex

203 4397 323 4466 Veneto
357 4399 399 4476 B,
432 4399 470 4465 ad
501 4402 654 4484 primores
686 4399 797 4464 statim
829 4397 940 4463 Iliadis
964 4415 1075 4462 versus
1101 4395 1141 4481 (Α
1168 4393 1213 4473 8),
1236 4395 1293 4460 ubi
1317 4399 1394 4462 satis

202 4509 311 4574 mirari
346 4528 407 4574 non
438 4526 567 4594 possum
598 4526 617 4571 a
647 4505 737 4572 nullo
767 4509 824 4572 sut
855 4504 1014 4570 editorum
1036 4508 1092 4568 ant
1115 4503 1314 4581 criticorum,
1341 4507 1395 4596 qui
