3232 5136
695 349 738 430 69

129 571 215 628 cere,
248 553 518 637 quemadmodum
548 553 659 620 Ulixes
689 555 765 620 fecit
788 556 821 619 in
846 553 992 621 convivio
1015 553 1206 620 Phaeacum.
1234 551 1315 618 εἰδὲ

123 648 304 732 Ὀδυσσεὺα
328 661 400 739 οὶνίιρ
433 660 471 724 ὢν
502 661 599 742 ᾐδεῖτο
623 661 736 726 κλαίων
757 661 921 742 φαίνεσθαι
947 661 977 725 ἐν
1001 661 1159 742 συμποσίῳ
1182 661 1235 726 καί
1261 663 1315 734 σὺν

126 769 269 846 κεφαλὴν
301 767 461 834 ἐκάλυπτε
492 769 544 834 καί
574 771 609 834 σύ
633 769 802 850 πρόσωπον,
830 775 893 841 πῶς
916 769 1015 833 οὑκὲπι
1041 773 1163 846 μύλλου
1189 772 1206 845 ἡ
1231 770 1317 850 παρθι

125 874 210 950 αύτῷ
246 873 459 947 παίδευσις
484 923 648 941 ........
672 875 807 955 αίσχύνκ
832 875 883 940 ἐπὶ
908 875 1018 956 ἀνδρῶν
1041 877 1074 940 ού
1098 874 1219 957 σφθδρα
1244 876 1316 939 καθ-

125 978 305 1053 εσπκκθπιυν.
352 980 430 1047 Post
464 983 620 1054 παίδευσις
657 980 842 1057 Cremerae,
875 983 957 1068 quod
995 985 1146 1067 repetivit
1182 981 1317 1047 Diodor-

124 1084 206 1152 fiana
234 1087 349 1152 editio:
385 1087 530 1171 „nullum
561 1089 613 1153 hic
637 1091 670 1153 in
693 1087 726 1152 H
748 1087 820 1153 finis
843 1087 963 1154 Scholii
985 1089 1158 1166 indicium,
1184 1088 1237 1154 sed
1263 1109 1316 1156 va·

123 1213 220 1258 cuum
256 1197 397 1280 spatium
430 1195 543 1260 dimid.
575 1193 655 1259 lin.”
688 1193 850 1265 Suaviter!
872 1194 1059 1280 Quicunque
1082 1201 1190 1260 autern
1213 1216 1315 1280 neque

124 1301 284 1366 παίδευσιν
305 1301 432 1366 flentem
454 1303 505 1367 rel
523 1322 585 1366 non
603 1301 732 1366 flentem
750 1311 963 1386 concoquunt,
977 1322 1078 1386 neque
1090 1302 1168 1386 quid
1179 1301 1314 1382 αἰσχύνη

123 1407 171 1470 ε’πί
204 1408 315 1486 ἀνδρῶν
347 1409 380 1472 οὑ
413 1408 533 1488 σφθδρα
556 1408 787 1481 καθεσπκκύποιν
811 1411 856 1473 εἰσ
879 1409 963 1474 nude
985 1411 1126 1494 positum
1151 1409 1212 1474 eibi
1236 1407 1315 1474 velit

123 1513 330 1601 intelligunt,
367 1535 428 1579 non
463 1516 697 1602 gravabuntur,
733 1535 839 1600 spero,
875 1536 1002 1580 mecum
1038 1516 1212 1580 restituere
1239 1513 1313 1580 Por·

123 1620 234 1706 phyrii
264 1641 397 1685 manum
428 1621 561 1686 hancce:
593 1623 618 1685 εί
650 1621 681 1685 δὲ
713 1621 881 1692 Ὀδυσσεὺς
912 1623 985 1701 οίνὺιρ
1015 1620 1053 1685 ὢν
1077 1622 1175 1702 ᾐδεῖτο
1200 1623 1314 1687 κλαίων

122 1729 290 1806 φαίνεσθαι
330 1729 359 1791 ἐν
391 1729 549 1809 συμποσίῳ
582 1728 633 1792 καί
662 1729 716 1802 τὴν
746 1728 889 1809 κεφαλὴν
921 1730 1080 1792 ε’κοίλυπσε
1106 1729 1157 1792 καί
1181 1730 1216 1793 ri
1240 1726 1315 1808 πρό·

123 1857 235 1911 σοιπον,
249 1841 311 1906 πῶς
325 1835 425 1898 οὑκέπι
445 1839 567 1924 μᾶλλον
589 1837 606 1910 ἡ
626 1835 713 1912 παροδ
736 1835 771 1919 (l.
785 1835 872 1919 παρ’)
894 1837 1010 1900 αὑτοῦ
1029 1835 1312 1920 παιδευθεῖσία

122 1945 226 2018 γυνὴ
263 1945 423 2006 κλαίειν
458 1941 511 2006 vel
540 1941 741 2026 δακρύειν)
773 1943 1024 2023 αἰσχύνεται
1056 1941 1106 2006 ἐπὶ
1138 1941 1250 2021 ἀνδρῶν
1281 1943 1314 2006 οὑ

123 2051 246 2130 σφόδρα
276 2049 524 2132 καθεστηκότωνς
556 2047 592 2112 In
616 2035 729 2114 lacuna
752 2047 907 2134 explenda
928 2051 998 2135 ipsa
1017 2050 1114 2115 rerba
1133 2047 1204 2134 quis
1224 2067 1314 2133 prae-

122 2155 204 2222 stet?
243 2153 375 2224 Caetera
397 2174 472 2220 vero
496 2164 527 2219 et
550 2161 636 2220 totus
660 2159 834 2221 sententiae
858 2163 947 2222 tenor
970 2157 1047 2221 satis
1070 2161 1155 2221 certa
1178 2175 1244 2220 ease
1267 2175 1314 2218 ar·

122 2264 234 2328 bitror.
282 2262 345 2343 Qui
369 2265 487 2338 sciam,
511 2259 625 2349 rogas?
667 2261 726 2326 Est
744 2264 779 2326 in
801 2263 1009 2328 Ambrosiano
1033 2261 1060 2326 E
1083 2259 1222 2346 prolixae
1245 2281 1315 2326 noa·

122 2378 189 2436 trae
226 2370 451 2456 disputationis
485 2369 656 2454 particula,
697 2371 802 2434 versui
834 2367 899 2433 334
931 2369 1098 2454 adscripta.
1144 2367 1191 2432 Ea
1213 2369 1315 2454 igitur

123 2477 201 2544 haec
239 2471 362 2542 habet.¹
393 2479 426 2540 τὸ
462 2474 544 2540 σἰνπα
577 2475 729 2555 παρειοίων
753 2474 914 2556 σχομένκ”
939 2477 970 2540 οὑ
1004 2475 1175 2556 πάρεργον
1199 2475 1314 2557 (immo

123 2585 330 2664 περίεργον,
355 2597 393 2647 ut
415 2605 445 2668 p.
472 2582 532 2659 59,
560 2581 611 2666 7),
638 2581 726 2645 α’λλὺ
750 2581 867 2656 δηλαδὴ
892 2585 1067 2646 καθελοῦσα
1091 2587 1145 2653 τῆς
1170 2587 1314 2661 κεφαλῆς
1349 2649 1351 2652 ,

123 2693 210 2768 μετὰ
232 2699 340 2773 χειρῶν
361 2685 434 2753 εἷλε·
457 2689 524 2754 καί
549 2687 680 2760 ίίλλως
702 2692 790 2770 παρ’
810 2689 1034 2760 Ὀδυσσέως
1056 2687 1179 2765 ἔμαθε
1200 2686 1315 2766 κρύπ-

123 2824 210 2865 τειν
244 2801 281 2863 ἐν
312 2796 558 2874 συμποσίοις
582 2797 623 2859 cd
648 2795 828 2875 δοίκρυον.
851 2799 927 2861 ἀλλ’
951 2797 1015 2862 οὑδὲ
1041 2803 1109 2870 τῆς
1133 2793 1313 2864 σποίσεως

124 2907 181 2972 πὺν
208 2908 394 2984 θεραπαινῶν
427 2908 443 2977 ἡ
479 2903 760 2975 κατάστασις·
797 2904 959 2983 ὑποφαίνει
993 2902 1055 2981 γαρ
1079 2907 1133 2974 τῆς
1158 2901 1314 2976 δεσποίνης

123 3014 178 3087 rto
202 3013 474 3076 catarracte.
512 3007 602 3075 Satin
625 3017 710 3074 certa
733 3010 811 3075 haec
837 3007 932 3074 sunt?
967 3008 1028 3075 Sed
1052 3006 1150 3074 simul
1174 3013 1316 3072 extrema

123 3141 139 3183 e
174 3117 292 3186 Codice
324 3117 369 3200 E,
401 3123 452 3196 ut,
467 3116 531 3181 alio
553 3117 586 3179 in
609 3117 660 3181 his
684 3115 821 3181 Scholiis
844 3115 1100 3201 quamplurima,
1125 3114 1315 3184 documento

123 3233 237 3302 sunto,
268 3245 365 3311 quam
397 3223 485 3290 foede
508 3225 678 3288 contractis
702 3224 917 3308 corruptisque
941 3226 974 3286 iu
998 3221 1154 3308 plerisque
1178 3218 1316 3285 Scholiis

122 3331 249 3398 laciniis
282 3339 422 3396 utamur.
469 3329 563 3395 Nunc
598 3333 723 3417 integra
757 3329 970 3414 disputatione
1005 3328 1085 3393 forto
1116 3327 1242 3392 tortuna
1264 3345 1316 3391 su·

122 3442 270 3524 perdite,
301 3440 353 3503 his
384 3425 454 3502 tuto
484 3457 588 3502 carere
610 3442 810 3521 poteramus,
835 3436 889 3500 scd
912 3456 985 3501 cum
1011 3435 1130 3512 adsint,
1153 3431 1211 3498 illa
1235 3434 1315 3498 duce

122 3553 264 3611 monstra
298 3551 329 3610 et
363 3551 507 3629 portenta
543 3543 698 3629 epitomes
733 3542 966 3627 quodammodo
996 3561 1163 3626 procurare
1193 3538 1313 3604 licebit.

125 3653 209 3732 Quid
234 3653 317 3727 citt
354 3650 614 3723 κασοίσσασις
649 3658 719 3724 τῆς
755 3648 939 3720 σποίσειος
971 3655 1028 3712 πῶν
1053 3649 1238 3727 θεραπαινῶν
1262 3644 1315 3730 (ad

125 3777 205 3843 quae
238 3757 454 3824 Buttmannus
489 3779 527 3821 ex
558 3756 773 3840 superioribus
796 3757 949 3835 πύρεργος
973 3753 1219 3841 intelligendum
1245 3773 1314 3816 cen-

125 3866 234 3940 sebat,
266 3875 303 3928 nt
335 3863 442 3948 aliqua
471 3861 585 3928 saltem
609 3865 725 3928 inesset
748 3865 920 3937 sententia,
944 3861 1020 3926 licet
1043 3866 1076 3924 et
1098 3859 1157 3924 hoo
1179 3857 1316 3923 vocabu·

125 3971 194 4036 lum
220 3975 410 4038 correctione
434 3970 600 4058 indigeat)
621 3989 715 4034 nemo
737 3967 829 4033 facile
853 3968 955 4052 dicat,
979 3987 1081 4051 neque
1100 3967 1316 4053 magis,quae

126 4081 167 4143 ait
199 4077 464 4149 καπύσπασις
499 4077 712 4158 ὑποφαίνουσα
742 4083 797 4149 πῆς
830 4074 985 4147 δεσποίνης
1018 4073 1072 4147 σὺν
1102 4072 1315 4135 καπνίσπιι·

126 4207 199 4248 σιν.
234 4183 340 4250 Homo
376 4185 537 4269 scripsisse
572 4182 716 4248 ridetur:
752 4182 828 4246 ἀλλ’
858 4181 923 4247 οὐδὲ
954 4179 1048 4244 ἄνευ
1073 4175 1316 4258 προφύσεας

128 4299 184 4356 σύν
222 4294 404 4371 θεραπαινῶν
440 4293 457 4365 θ
492 4290 773 4362 κατάστασις·
806 4289 970 4367 ὑποφαίνει
995 4287 1058 4366 pap
1081 4293 1137 4360 τῆς
1160 4285 1318 4355 δεσποίνης

128 4399 182 4471 τὴν
204 4400 387 4480 συφροσύ
398 4423 411 4462 ν
422 4423 479 4474 κν,
501 4417 581 4481 quae
598 4397 770 4483 Porphyrii
791 4398 982 4462 sententiam
997 4413 1059 4458 non
1072 4390 1157 4457 male
1169 4391 1320 4456 referunt,

132 4503 194 4572 Sed
227 4506 264 4572 ad
297 4507 378 4572 hono
410 4510 448 4570 ut
479 4509 693 4587 revertamur,
726 4525 810 4568 nuno
835 4501 912 4588 quid
935 4502 1100 4567 Parisinus
1124 4497 1152 4563 D
1176 4517 1233 4584 pro
1256 4516 1325 4584 vers
