3318 5138
770 321 814 398 89

192 539 273 606 quaa
296 541 364 587 ram
387 519 569 587 confinient:
594 520 688 585 ἐκεῖνο
711 521 742 585 δὲ
766 519 957 601 προσπίίησιν
981 522 995 586 i
1019 521 1172 600 Τρύφων,
1197 518 1242 588 ἐπι
1265 523 1278 586 ί
1301 517 1382 588 ἐπί·
1466 540 1472 551 ’

191 651 316 706 ουρος,
352 630 400 701 τίς
437 627 676 710 ἐπίσκοπος,
709 627 740 691 οὐ
774 625 899 700 πάνπιος
930 625 998 709 ἔχει
1022 628 1198 706 ἐγκείμενον
1221 631 1273 695 σὸν
1300 627 1381 708 οὐράν

191 735 245 798 τὸν
278 733 414 816 φύλακα
444 735 530 800 καπά
558 737 675 808 ταύτην
706 738 760 806 την
791 733 953 818 ἀπόδοσιν,
985 734 1068 799 unde
1091 735 1188 802 simul
1211 741 1317 800 nostra
1345 756 1384 800 ex

190 839 376 906 Herodiano
407 841 606 928 negligenter
636 840 810 906 admodum
834 847 980 926 excerpta
1004 861 1070 906 osae
1093 842 1301 906 manifestum
1325 846 1384 906 est.

192 945 306 1032 ltaque
336 951 397 1012 sit:
430 948 581 1032 ἐπίουρος;
604 949 649 1017 ὦς
673 946 858 1022 ἐπίσκοπος,
885 955 922 1010 00
945 946 1058 1012 itidem
1081 947 1312 1013 restituendum
1336 951 1385 1012 est

192 1079 228 1132 γ,
263 1053 344 1120 101;
379 1055 561 1127 ἐνίσπεςε
587 1053 736 1133 ἐπίσχες,
762 1053 840 1118 είπέ.
887 1053 988 1120 Immo
1012 1074 1103 1121 vero:
1132 1056 1206 1137 (ὥς)
1233 1055 1382 1134 ἐπίσχες,

193 1161 281 1239 sini,
315 1198 356 1209 —
381 1159 507 1226 tollitur
541 1163 626 1226 euim
663 1159 824 1226 Porsonus
859 1157 991 1242 ἐπίσχες
1028 1160 1148 1226 formae
1184 1161 1385 1246 explicandae

192 1289 290 1334 eausa
324 1268 485 1334 adieetum
507 1280 640 1353 putans,
656 1263 681 1352 1)
707 1305 750 1318 -
773 1267 1046 1352 quemadmodum
1069 1273 1153 1334 reote
1177 1274 1225 1334 eat
1249 1293 1271 1345 γ
1299 1267 1382 1333 179;

191 1383 278 1456 μῆρα
298 1378 335 1449 ὥς
356 1383 464 1459 μῆλα,
485 1399 507 1452 y
521 1373 606 1458 444,
627 1375 733 1451 άμνίον
754 1376 792 1446 ὠς
813 1375 925 1451 πηνίον,
949 1379 1087 1460 utsupra
1100 1373 1272 1441 inSeholio
1286 1373 1382 1441 Iliaco

192 1489 228 1548 et
246 1481 328 1548 inira
351 1505 375 1563 ο,
400 1481 486 1546 242τ
511 1479 647 1546 Μάντιον
667 1483 704 1553 ὡς
727 1482 842 1556 Φήμιον
861 1488 892 1546 00
909 1481 1027 1565 ubique
1040 1479 1191 1547 locorum.
1216 1481 1384 1549 Praeterea

192 1588 325 1655 malim:
356 1589 485 1654 δύναται
519 1592 535 1664 ἡ
568 1588 703 1667 πρίάεσις
737 1583 813 1654 εἶναι
840 1585 883 1652 ’Ἠ
916 1589 946 1651 ἐν
978 1590 1163 1670 πλεονασμῷ
1189 1591 1260 1674 (aiu)
1285 1625 1338 1638 --
1365 1590 1382 1664 ἦ

192 1694 385 1774 παρέλαειΝ.
411 1733 452 1744 -
477 1719 503 1774 ρ.
532 1693 587 1759 21.
620 1695 804 1772 σημάντοριε
838 1695 879 1775 τῷ
911 1694 1044 1759 ὁπωσοῦν
1076 1694 1289 1760 ἐπιτάσσονπι·
1316 1695 1383 1760 καί

192 1803 226 1868 ἐν
260 1805 301 1882 πῷ
340 1801 548 1882 ,σημάντορος
579 1783 815 1879 οὐ’ποιρείνπος”
841 1803 882 1887 (0
905 1800 985 1885 325)
1009 1800 1132 1878 νομέιος.
1180 1801 1385 1888 Lugendum:

192 1909 239 1980 ὥς
253 1910 335 1989 ἐντῷ
348 1922 419 1974 κτλ.
444 1907 603 1974 Similiter
614 1907 806 1993 Apollonius
817 1910 839 1972 i.
852 1928 884 1973 v.
906 1933 985 1984 σημ
996 1905 1068 1971 άνπ
1078 1932 1093 2000 ο
1100 1933 1133 1986 ρε
1144 1929 1174 1980 o:
1192 1909 1218 1972 οί
1231 1907 1388 1986 βασιλεῖς,

194 2015 261 2080 α’πὸ
285 2019 338 2080 ποῦ
363 2016 541 2090 σημαίνειν,
564 2011 635 2092 ὅπερ
660 2013 769 2099 durio)
797 2013 1060 2080 ὑποπάσσειν.
1081 2015 1144 2079 άπὸ
1164 2015 1195 2079 δὲ
1215 2023 1269 2089 πῆς
1291 2017 1387 2088 αὐτῆς

193 2121 310 2194 ἐννοίας
343 2123 395 2186 καί
427 2122 478 2185 τὸν
510 2120 642 2198 ποιμίνα
674 2119 851 2200 σημάντορα
888 2122 1082 2198 λέγομεν,
1116 2119 1323 2201 ,σημάντορος
1356 2124 1388 2186 οὐ

194 2229 389 2313 παρείντος”,
413 2228 470 2294 ubi
492 2226 688 2292 ἐπιτάσσειν
708 2227 911 2292 scribendum
929 2239 961 2292 et
986 2229 1037 2292 τὸν
1057 2225 1187 2304 ποιμένα
1209 2229 1388 2308 σημάντορα

193 2334 335 2415 λέγει,
366 2342 398 2400 00
430 2334 529 2400 miror
561 2353 635 2399 eum
667 2333 880 2400 Villoisonum
904 2339 1076 2419 utrumque
1099 2333 1272 2400 admodum
1296 2335 1388 2401 dubi-

195 2662 219 2710 p.
245 2643 315 2706 107.)
337 2642 438 2707 Reliqua
459 2639 626 2716 disputationis
648 2639 764 2690 uberioris
786 2641 909 2706 perspicua
927 2647 982 2691 suut
999 2646 1094 2707 praeter
1112 2659 1199 2702 uuum,
1217 2645 1281 2708 quod
1301 2645 1326 2694 in
1344 2647 1390 2695 fine

195 2733 322 2784 habemus:
342 2730 377 2780 te
396 2729 437 2780 καί
454 2731 497 2779 τὸν
515 2731 585 2778 πίνον
603 2728 726 2792 φνλάσσει
746 2715 791 2788 πἠς
809 2728 954 2792 προάέσειις,
971 2732 1034 2797 quod
1051 2731 1127 2780 miror
1144 2747 1190 2780 uon
1208 2737 1301 2781 notasse
1316 2733 1391 2782 Italus-

195 2819 274 2876 sium,
298 2817 324 2866 iu
349 2815 436 2864 talibus
460 2812 601 2879 praesertim
627 2813 760 2862 acutissime
783 2815 890 2862 omnium
912 2818 1055 2864 sementem.
1091 2815 1145 2863 Non
1169 2814 1233 2863 enim
1259 2815 1391 2880 signifiare

195 2903 289 2968 potest,
315 2899 378 2964 quod
400 2897 564 2946 Ptolemaeum
586 2911 613 2946 ex
632 2896 706 2946 totius
723 2895 890 2961 disputationis
907 2901 990 2946 tenore
1008 2896 1110 2945 voluisse
1128 2896 1300 2961 intelligimus,
1318 2900 1392 2962 quod·

194 2999 244 3048 que
270 2981 382 3032 lsnrsius
407 2981 480 3030 etiam
506 2979 561 3028 hino
586 2979 683 3038 sumsit,
711 2980 854 3045 ,0000000000
878 2980 975 3030 uomina
997 2995 1051 3028 eum
1066 2979 1255 3044 praepositione,
1272 2980 1313 3030 uhi
1331 2982 1393 3030 nihil

195 3081 274 3116 nuvae
288 3063 466 3129 significationis
479 3063 578 3120 0000000,
598 3077 692 3111 servare
702 3067 824 3112 amentum
833 3062 924 3114 ειιιιιιι”.
947 3064 969 3112 N
972 3078 1002 3112 on
1012 3063 1083 3112 latuit
1091 3062 1136 3111 hoe
1147 3063 1311 3128 Pluygersium
1322 3081 1344 3114 v.
1354 3065 1392 3123 ul,

194 3158 230 3207 sic
258 3156 431 3221 disputantem,
455 3157 481 3203 ut
500 3152 635 3202 Diudorfius
653 3166 746 3214 quoque
764 3150 869 3201 monuit:
891 3155 955 3210 »τῆς
972 3150 1102 3214 προθέσεως
1119 3152 1257 3201 miseram
1276 3159 1329 3209 σοι’,-
1347 3169 1394 3202 nos

193 3247 260 3296 ess'ss
278 3242 466 3308 praesumtionis,
490 3241 532 3290 scd
554 3239 655 3288 murinis
677 3243 797 3288 αοοοιιίιιιιι
822 3240 938 3290 retinebat
962 3243 1125 3299 Ptolemaeus,
1143 3239 1305 3306 seribebatqus
1329 3237 1393 3291 ἐπι-

195 3337 305 3397 etpost
328 3332 391 3396 quud
412 3331 475 3380 idem
498 3327 650 3378 Aristarchus
674 3327 830 3378 hauddubie
857 3329 960 3388 iecisset,
986 3331 1006 3379 si
1023 3329 1163 3380 vocabulum
1180 3324 1245 3392 σάρος
1262 3333 1394 3397 composito

194 3421 273 3469 inesse
298 3411 453 3482 putavisset.”
480 3411 518 3473 (da
544 3411 629 3460 Zauod.
658 3410 763 3460 Carmiu.
791 3411 913 3463 Homerie.
939 3413 1054 3472 editione,
1080 3429 1124 3462 ser.
1149 3413 1186 3464 W.
1212 3415 1241 3463 G.
1258 3413 1395 3478 Pluygers.)

194 3509 272 3558 Reate
297 3505 361 3572 quod
386 3503 415 3552 ad
441 3517 504 3559 reru,
529 3503 553 3548 et
578 3499 611 3548 sio
637 3501 732 3548 domum
755 3500 912 3565 intelligimus
935 3503 992 3566 quid
1014 3503 1045 3553 sit
1069 3499 1108 3552 ἐπι
1132 3509 1225 3566 τριχῶς
1245 3501 1394 3564 bomestede,

194 3613 301 3661 namque
326 3595 355 3644 de
380 3592 471 3658 triplici
497 3593 594 3640 0000000
620 3589 677 3638 haee
699 3589 819 3649 dicuntur,
843 3607 898 3640 oum
920 3593 1054 3641 Zeuodotus
1080 3596 1104 3642 et
1121 3593 1273 3643 Aristarchus
1289 3589 1395 3656 ἐπίουρος

192 3685 362 3755 probaverint,
387 3683 427 3732 alii
450 3678 490 3731 ’ἐπι
516 3675 594 3743 οὖρος,
619 3681 768 3730 Ptolemaeus
789 3681 926 3730 Ascalonita
948 3683 1062 3744 οπιοῦρσς.
1097 3685 1141 3733 Sed
1161 3685 1179 3733 si
1199 3683 1392 3747 aterpalianus

194 3777 319 3836 aiiuimua,
342 3773 515 3841 praecedentia:
539 3769 575 3820 ht
600 3789 622 3818 κ.
640 3789 666 3820 π.
693 3772 761 3820 πίνον
784 3769 908 3834 Φνλάσσιι
926 3787 973 3821 000
992 3771 1092 3831 hebent,
1111 3789 1158 3837 quo
1176 3773 1234 3822 bene
1251 3775 1393 3825 referantur.

195 3849 274 3920 Curius
296 3867 360 3916 enim
382 3868 504 3914 meantum
527 3879 620 3913 servaro
643 3863 772 3912 diruatur?
791 3863 846 3911 Nou
863 3865 928 3912 oerte
945 3865 991 3920 τῆς
1010 3863 1065 3918 tet,
1085 3863 1149 3926 quod
1165 3864 1291 3928 praeeedit.
1327 3866 1392 3930 Qua·

195 3957 306 4010 mabsam
321 3957 476 4008 comesenim:
496 3953 509 4002 ί
527 3951 553 4002 ti
574 3947 756 4012 Ἀσκαλωνίτης
775 3951 901 4016 erupimus
917 3948 1016 4012 ἧγείπαι
1034 3953 1080 4010 τὴν
1095 3952 1149 4001 ’sari‘
1165 3949 1200 4001 διὸ
1215 3953 1256 4003 οιαὶ
1272 3954 1315 4003 τὸν
1325 3957 1392 4004 πίνον

192 4048 320 4113 φυλάσσει
349 4052 394 4104 τῆς
423 4042 623 4108 προσίίσσοις
653 4043 735 4104 ὁμοίως
761 4049 797 4107 τῷ
818 4045 896 4103 »fleus
921 4039 1078 4104 ἐπιβουκόλος
1102 4037 1186 4106 άνιὶρ.“
1221 4047 1338 4094 Aeoeutus
1363 4048 1389 4098 iu

192 4133 366 4200 oompositioue
389 4130 483 4194 regula,
507 4143 579 4194 quam
601 4127 706 4177 breviter
732 4127 771 4176 hie
795 4127 893 4191 stringit
920 4127 1084 4184 Herodianus,
1102 4127 1183 4192 paullo
1200 4129 1332 4178 accuratius
1350 4145 1389 4179 sx-

192 4225 293 4292 ponitur
310 4222 389 4280 adali,
412 4219 469 4272 1782
489 4216 548 4266 ίπαν
566 4215 675 4281 sapim„
694 4214 707 4272 si
726 4215 850 4278 πράάσσις,
869 4214 896 4264 σά
916 4212 1021 4266 ποιεῖται
1040 4211 1183 4276 ἐξαλλαγὴν
1201 4218 1279 4265 πίνον.

230 4317 257 4377 l)
280 4313 330 4364 Cir.
357 4329 379 4360 v.
397 4327 418 4361 0.
444 4309 548 4374 Etymol
576 4301 694 4372 Magnum
719 4309 736 4357 i.
754 4324 776 4356 v.
798 4303 970 4356 ’Ἔνισπινε
994 4331 1119 4341 ···--
1140 4306 1182 4355 καί
1206 4307 1284 4370 άίσπσρ
1309 4306 1390 4374 ’ίσχον

193 4403 286 4470 iuxta,
313 4403 377 4452 σίάσιν
401 4401 443 4450 καί
465 4399 538 4450 ’ίσπσν
561 4397 632 4455 ’ίσπες
658 4394 817 4454 ιιοοέἐνισπες.
836 4396 874 4446 πὸ
893 4395 1003 4458 μένπσι
1022 4399 1270 4458 προστακτικὸν
1289 4417 1386 4466 παρο-

195 4493 346 4558 ξάνσσαι,
366 4493 513 4550 isium,
532 4489 569 4547 oe
586 4491 745 4551 intexae,
764 4483 884 4545 ἐπίίες.
