3220 5144
705 337 770 405 406

141 537 337 616 ἱστοροῦντα,
362 531 441 615 δίχα
463 531 494 596 δὲ
518 541 573 606 τῆς
593 531 739 604 τοιαύτης
760 529 978 615 (ἀσεβείας
1001 530 1324 618 μεταφορικοῖς)

140 645 301 724 ἐμπειρίας
333 641 551 716 αἰνιττόμενον.
601 636 768 716 Ἀσεβιίας
800 637 1061 703 commemoratio
1090 637 1177 702 enim
1206 641 1241 704 in
1270 639 1330 706 heo

141 752 335 838 oppositione
362 767 490 834 prorsus
512 747 685 810 necessarie
708 751 765 812 est.
812 741 880 809 lem
902 743 937 810 in
960 744 1064 828 prime
1087 746 1188 830 operis
1211 747 1329 833 peginc

139 861 298 948 legimus:
324 854 447 926 ποίντιυς
473 849 536 933 γὰρ
556 850 707 928 ἠσέβησεν
729 848 925 937 fflomerus),
946 851 971 914 εί
992 849 1087 926 μηδὲν
1108 849 1329 936 ηλληριίρηοεν,

140 981 235 1054 etque
257 968 292 1030 in
315 965 427 1050 quevis
449 959 514 1026 fere
537 957 654 1050 pagine
675 957 762 1022 idem
784 959 928 1022 recurrit.
952 953 1032 1042 (cfr.
1056 958 1078 1024 i.
1103 977 1131 1024 ιι.
1156 961 1187 1024 et
1209 976 1260 1046 pp.
1284 957 1327 1026 69

140 1079 172 1140 et
200 1069 292 1157 112.)

185 1285 220 1352 0.
245 1285 342 1352 LXII
366 1292 411 1372 (p.
437 1283 533 1370 124):
551 1283 642 1356 Ἰδιος
662 1283 759 1349 τοίνυν
780 1285 984 1364 παρεισολίύν
1004 1285 1019 1350 t
1039 1289 1105 1360 νοῦς
1126 1284 1327 1364 ίξοπαίοιυσε

139 1393 191 1460 τὸν
221 1393 436 1475 Τηλέμαχον,
470 1393 502 1458 ού
535 1391 590 1456 ίείι
605 1389 876 1469 ’παρακαίημίνη,
901 1391 954 1455 καί
978 1393 1068 1457 ταῦθ’
1092 1383 1113 1458 ύ
1136 1392 1223 1473 λέγει
1246 1421 1327 1478 παρ-

140 1504 268 1566 αινοῦσα
299 1499 570 1570 διαπεττεύσντος·
603 1497 665 1576 ἄγε
691 1497 745 1582 δύ,
769 1497 883 1578 Φησίν,
909 1495 1146 1580 ύΤηλίμαχε,
1167 1503 1325 1583 μιιροοιοίοο

138 1608 202 1687 γὰρ
228 1606 283 1682 ἤδη
308 1628 339 1670 τι
361 1611 479 1687 φρονεῖς
502 1604 613 1670 πλέον·
637 1603 702 1687 ,νῆ’
722 1603 820 1685 ιίρσας
837 1601 990 1685 --ίρχεο
1011 1605 1325 1690 πευτίμινοςπατρὸς

138 1714 190 1788 δην
214 1711 409 1794 attrociter?
432 1711 516 1792 Quid
539 1711 591 1776 hic
614 1709 756 1777 iocorum
780 1703 903 1777 codices
926 1712 1108 1797 praebeant,
1130 1733 1168 1778 ex
1187 1713 1325 1783 Mehleri

137 1821 262 1886 indiciis
292 1821 456 1905 perspicue
487 1816 638 1883 conficere
668 1838 730 1882 non
753 1819 861 1903 potui:
876 1829 964 1904 ‘quoe
987 1821 1140 1905 exscripsi
1161 1841 1200 1886 ex
1223 1822 1324 1908 ipsius

136 1931 212 1992 sunt
243 1929 439 2003 coniectore,
472 1946 567 2011 quern
599 1927 646 1989 its
669 1923 846 2009 preedioet:
874 1926 979 2001 „insto
1001 1925 1133 1992 ioriesse
1155 1933 1204 1995 est
1227 1931 1323 1997 ende·

137 2035 221 2118 ciue,
251 2031 334 2119 quod
369 2053 474 2098 mecm
507 2033 648 2116 corrupti
673 2030 736 2096 loci
758 2031 971 2096 recensionem
994 2031 1027 2096 in
1051 2037 1178 2099 textum
1201 2041 1323 2123 recepi,

139 2177 157 2190 -
172 2160 278 2226 -que
312 2141 457 2226 scriptori
492 2139 681 2204 sententiam
713 2157 804 2202 suem
834 2138 994 2222 propriam
1025 2159 1092 2204 esse
1121 2144 1322 2230 restitutam,

135 2247 218 2312 mihi
242 2251 289 2312 est
302 2245 532 2333 'persneeurn’'
555 2244 642 2312 Mihi
664 2264 757 2328 vero,
784 2281 820 2292 -
849 2243 953 2309 dicem
978 2251 1100 2330 aperte,
1126 2285 1167 2297 -
1191 2271 1255 2316 non
1277 2254 1324 2319 ite

137 2373 321 2440 persuasum
345 2357 402 2418 est.
449 2351 510 2418 Sed
534 2352 676 2438 primum
700 2349 920 2416 Sohowienem
943 2355 1156 2420 recensionem
1186 2357 1323 2425 coniere-

134 2455 226 2526 mus:
258 2459 326 2524 τίνα
356 2460 453 2526 τοίνυν
478 2459 683 2539 παρεισελθὼν
708 2457 810 2529 ύνοῦς
835 2456 972 2534 ίξεπιιίδ.
997 2481 1026 2552 τ.
1052 2459 1260 2543 Τηλέμαχου;
1288 2469 1320 2532 οὒ

136 2569 207 2640 cest
232 2565 507 2647 worcestershire,
533 2565 584 2632 καί
610 2569 733 2647 ταῦτα,
757 2563 779 2629 ri
804 2563 911 2640 λέγει,
944 2567 1167 2651 παραινούσης,
1197 2568 1323 2639 διαπετ-

135 2671 274 2746 τιύνντος
306 2673 449 2737 αύτοῢ·
482 2672 572 2736 ἀλλ’
604 2668 667 2750 ἄγε
698 2670 751 2746 δή,
785 2675 880 2751 Φησιν
911 2687 982 2733 κτλ.
1007 2669 1089 2736 Sunt
1111 2673 1188 2740 heec
1211 2679 1244 2741 et
1266 2677 1321 2744 ab·

135 2779 247 2862 surde,
268 2779 358 2865 (qnid
379 2781 462 2844 enim
488 2777 549 2843 sibi
573 2777 645 2844 vnit
667 2777 738 2842 τίνα
762 2775 813 2840 τὸν
838 2774 1043 2860 Τηλέμαχον,
1063 2783 1135 2856 eut,
1156 2783 1322 2870 rimeris,

135 2886 204 2951 τίνα
237 2881 461 2965 παρεισελίύιί
492 2883 570 2970 qnid
600 2885 703 2955 ίνούς
728 2884 800 2957 ύεῖος
824 2881 1118 2971 παρακαίημίνηςί)
1138 2892 1170 2960 et
1194 2907 1213 2954 e
1235 2889 1320 2956 nodi.

135 3012 209 3058 enm
243 2990 434 3058 lectionibus
468 2993 587 3079 megin,
623 2997 661 3056 ut
694 2990 838 3067 videtur,
872 2987 1079 3057 Mehlerienis
1109 2992 1320 3064 ebhorrentie.

134 3099 163 3164 A
186 3098 348 3164 codicibus
370 3101 455 3163 enim
480 3103 512 3164 et
537 3099 631 3164 αὐτοῦ
651 3103 684 3163 et
703 3096 779 3161 ιίλλ·
802 3097 917 3163 ebsunt
937 3101 969 3162 et
987 3117 1043 3181 pro
1062 3100 1221 3185 genetiris
1235 3103 1318 3185 (ίεῖος

136 3241 155 3256 -
169 3239 189 3255 -
213 3205 430 3291 παραινούσης)
454 3205 646 3270 nominativi
670 3203 830 3291 leguntur.
878 3201 914 3268 in
938 3223 975 3269 eo
995 3207 1123 3270 onium
1142 3204 1321 3275 laudandus

134 3309 316 3394 Seirowiue,
339 3311 422 3395 quod
446 3310 543 3377 verbe
565 3316 659 3396 prout
681 3308 851 3375 traduntur
873 3295 936 3375 non
959 3309 1124 3376 cohaerere
1147 3311 1320 3399 deprehen·

134 3419 200 3496 dit,
231 3417 308 3484 licet
340 3419 373 3482 in
402 3416 608 3482 connectendi
639 3418 804 3483 conamine
827 3415 1002 3482 offenderit.
1050 3417 1189 3484 Mehleri
1212 3427 1321 3488 entem

134 3531 241 3592 textus
271 3545 350 3590 num
383 3521 487 3589 multo
517 3525 696 3589 concinnior
720 3519 789 3588 esti
812 3521 903 3602 Quod
926 3523 1011 3588 edit:
1034 3521 1107 3596 ίδιις
1131 3524 1145 3588 ί
1168 3530 1232 3598 νοῦς
1258 3526 1320 3604 ἐξε-

134 3631 282 3698 παίδευτε
314 3655 341 3696 τ.
368 3631 582 3714 Τηλέμαχον,
615 3631 647 3694 σύ
677 3629 732 3694 teri
764 3628 1027 3708 παρακαίημίνη,
1053 3630 1221 3697 cobserent
1242 3633 1320 3700 hese

134 3745 166 3806 et
188 3737 357 3826 intellego:
386 3743 420 3803 ct
442 3757 480 3802 ex
503 3738 544 3801 iis
567 3757 647 3822 quse
670 3740 846 3820 sequnntur
863 3753 925 3800 non
945 3734 1085 3821 emplius
1103 3757 1157 3803 me
1177 3739 1319 3825 expedio.

135 3843 232 3926 Quid‘
250 3845 391 3930 ineptius
425 3848 472 3909 est
504 3863 600 3929 quem
633 3843 687 3908 ύείο
719 3843 808 3906 ταῦί·
831 3832 853 3907 οἳ
877 3837 964 3918 ripe
989 3841 1204 3921 παραινοῦσαί
1227 3845 1320 3927 Quod

134 3950 300 4018 vinculum
324 3953 357 4016 in
381 3950 449 4014 hie:
474 3951 542 4022 ίδιος
568 3951 582 4014 ο·
605 3955 670 4020 νοῦς
695 3946 911 4024 ἐξεπαίδευσε·
942 3945 1004 4024 ἄγε
1029 3947 1085 4026 δή,
1111 3949 1228 4032 poeto?
1256 3953 1320 4021 Eg.

133 4058 312 4140 periemnr,
345 4055 457 4139 ecquid
490 4073 662 4142 proponere
692 4055 853 4140 possimus
882 4055 988 4142 megis
1019 4059 1051 4120 et
1080 4075 1193 4122 senum
1216 4065 1249 4125 et
1270 4081 1321 4128 co·

134 4162 284 4228 haerens:
318 4159 433 4246 (Ὅτι)
464 4161 535 4233 ίδιος
568 4161 665 4227 τοίνυν
689 4160 893 4239 παρεισελθὼν
918 4160 932 4224 ί
956 4165 1021 4233 νοῦς
1043 4158 1247 4238 ἐξιπαίδευσε
1270 4167 1322 4234 τὸν

136 4268 347 4352 Τηλέμαχον,
381 4271 413 4334 ού
446 4267 500 4332 tect
525 4265 787 4347 παρακαίημίνη,
814 4271 867 4330 καί
891 4265 981 4331 ταῦθ’
1005 4259 1026 4331 ίι
1050 4268 1138 4346 λέγει
1162 4281 1320 4351 παραινθί

139 4375 404 4445 διαπεττεύοντος.
441 4375 504 4453 σίνε
541 4373 597 4451 δή,
633 4373 730 4454 Φησίν
766 4388 835 4439 ιοτλ.
883 4370 949 4450 Ite,
982 4379 1021 4439 ut
1049 4381 1188 4461 oportet,
1228 4379 1326 4446 verba

138 4484 227 4550 ταῦθ’
263 4481 283 4549 ri
320 4483 408 4561 λέγει
442 4483 486 4568 (in
518 4481 635 4567 quibus
667 4479 756 4547 ταῦθ’
788 4480 879 4546 verbi
909 4489 1056 4562 παραινεῖ
1082 4482 1242 4549 crimem
1265 4490 1326 4572 est)

1144 4602 1178 4652 so
