3232 5136
869 287 997 356 64·

291 485 398 548 tamen
430 482 603 548 secundum
636 480 802 569 analogiae
825 479 913 568 leges
936 478 1108 544 formatum
1134 485 1191 546 est.
1239 437 1359 560 thdni
1382 479 1481 568 igitur

290 591 397 674 potuit
431 580 630 674 Porphy'rius
665 588 800 653 dixisse:
834 589 850 660 ή
884 585 1072 657 ἐκδιαίτητσς
1102 588 1187 662 μετὰ
1219 593 1278 652 τῶν
1306 586 1482 667 μνηστήρων

179 685 189 696 ’
290 694 453 778 διατριβή,
477 715 513 760 eo
538 715 631 760 sensu
651 714 713 779 quo
732 695 857 778 saepius
878 692 1121 771 ἐκδεδιῃτημένη
1143 694 1210 770 βίος
1232 694 1361 777 dicitur,
1374 713 1483 779 quem·

291 800 463 866 admodum
495 801 533 866 de
564 799 673 866 eadem
705 821 740 865 re
772 799 882 865 eodem
915 799 979 864 fere
1010 799 1104 864 modo
1135 801 1278 886 exposita
1300 799 1484 866 Heraclitus

292 909 347 974 καί
377 933 424 979 τις
451 909 544 972 αὐτὸν
570 906 825 990 (Telemachum)
852 945 893 954 -
918 905 1089 991 inquit-
1117 907 1275 988 ὑπέδραμε
1300 914 1357 970 τῶν
1380 929 1484 985 ριρισ

292 1015 388 1092 με’νων
419 1012 588 1097 λσρισμθς,
619 1016 658 1084 ὥς
690 1015 743 1078 οὐκ
773 1011 819 1077 ἔτι
850 1014 912 1093 χρή
944 1011 1236 1092 διακαρτερεῖν
1265 1013 1329 1077 ἐπὶ
1354 1023 1400 1094 πή
1423 1037 1484 1077 τε·

292 1129 463 1200 τραετεῖ
490 1127 565 1186 τῶν
590 1121 825 1200 μνηστήρων
849 1119 1015 1202 ύσωτίρι.
1041 1120 1081 1204 (e.
1107 1119 1199 1197 LXI,
1224 1141 1255 1204 p.
1280 1117 1343 1184 123
1367 1117 1482 1204 Mehl.)

292 1228 380 1309 Quae
415 1235 522 1293 tamen
556 1229 584 1291 si
615 1229 667 1292 oui
697 1227 846 1292 audacior
868 1225 997 1290 videtur
1020 1228 1217 1304 coniectura,
1241 1226 1398 1292 redimam
1421 1225 1485 1291 alia

292 1335 513 1402 emendatione
542 1355 582 1399 ex
611 1334 782 1399 earundem
812 1332 979 1398 literarum
1012 1336 1246 1418 permutatione
1277 1332 1484 1415 stabilienda,

292 1462 356 1526 qua
375 1461 437 1506 non
458 1446 507 1506 est
523 1440 731 1529 alianoentior.
754 1439 937 1504 Decantatis
957 1439 1009 1504 his
1028 1461 1067 1505 ex
1086 1439 1179 1505 Iliad.
1201 1439 1243 1516 A,
1263 1459 1310 1504 vs.
1325 1437 1366 1505 18
1391 1459 1481 1523 seqq:

207 1551 214 1561 '
431 1547 502 1624 ὑμῖν
524 1547 580 1623 μὲν
604 1545 661 1611 θεοί
687 1547 761 1612 δοῖεν
786 1546 954 1623 Ὀλύμπια
977 1535 1097 1622 δείματ’
1121 1543 1245 1627 ἔχοντες

401 1655 403 1660 ’
432 1653 576 1732 ἐκπέρσων
600 1651 750 1733 Πριύμσισ
773 1650 862 1716 πθλιν
886 1651 918 1718 εὖ
943 1651 969 1716 δ’
993 1651 1089 1717 οἴκαδ’
1113 1652 1248 1718 ίκὲσθαι·

432 1757 531 1824 παῖδα
556 1758 581 1823 δ’
606 1760 672 1834 ἐμοὶ
697 1759 794 1823 λῦσαί
817 1783 852 1824 τε
874 1760 971 1840 Φίλην
995 1758 1037 1824 τοί
1061 1762 1090 1824 τ’
1115 1757 1229 1825 θιτσινα
1253 1758 1416 1839 δέχεσθαι,

293 1868 354 1934 hoc
385 1865 533 1933 Scholion
566 1866 762 1952 adscriptum
784 1873 832 1932 est
856 1868 890 1930 in
915 1865 992 1932 (lod.
1016 1865 1060 1931 B:
1088 1903 1128 1916 --
1154 1863 1283 1933 θίπασαν
1311 1861 1360 1930 οὖν
1384 1865 1487 1930 αὐτῶν

295 1974 459 2051 ἐπιθυμίαν
483 1973 674 2053 πληρωθῆναι
699 1972 890 2052 ἐπεύχεται,
911 1976 966 2048 τήν
985 1972 1087 2038 παῖδα
1108 1973 1346 2053 πρθύφθαλμῶν
1358 1971 1488 2050 βλέπων
1570 1967 1575 1976 '

295 2079 513 2161 αίχμιίλωτσν.
549 2082 650 2153 καλῶς
687 2079 717 2145 δὲ
753 2082 807 2146 ούκ
842 2079 904 2144 α’πδ
932 2087 990 2144 τῶν
1022 2088 1175 2158 λυγρῶν
1207 2079 1337 2158 ήρξατο,
1367 2076 1416 2142 ἵνα
1440 2081 1487 2154 μή

296 2193 420 2266 μᾶλλον
444 2188 556 2256 αύτούς
579 2186 800 2266 ύπηνεστίρονς
825 2187 989 2268 ποιήση.’ή
1013 2187 1139 2266 α’νθγκη
1164 2187 1195 2253 δὲ
1220 2187 1313 2254 αὐτὸν
1333 2193 1414 2251 ποιεῖ
1431 2187 1486 2250 καί

294 2295 363 2366 τοὺς
388 2294 512 2365 οἰκείους
537 2296 633 2378 (τοῖς
659 2293 797 2365 οίιιείοις
818 2297 902 2360 recte
919 2291 1112 2360 Villoisonus
1133 2295 1281 2378 correxit)
1302 2293 1489 2372 ἐπαρᾶσθαι.

294 2401 348 2468 Sic
380 2400 464 2468 fideli
491 2401 655 2467 concordia
679 2421 752 2466 cum
777 2400 922 2466 Behhero
945 2399 1137 2467 Dindortius.
1162 2403 1205 2466 At
1228 2401 1329 2466 bonus
1349 2399 1490 2486 Chrysea

295 2507 377 2573 nihil
408 2507 491 2573 dixit
522 2507 605 2592 quod
629 2503 759 2572 Graecis
782 2507 892 2585 λυγρὸν
915 2505 1016 2570 videri
1041 2509 1156 2591 possit,
1182 2512 1214 2573 et
1238 2528 1318 2592 quae
1339 2508 1401 2591 ipsi
1425 2506 1491 2572 for·

295 2623 376 2681 tasse
408 2615 511 2693 λυγροὶ
535 2634 603 2680 esse
625 2619 787 2700 poterant,
812 2635 849 2678 ea
872 2619 903 2678 et
927 2611 1117 2680 scholiastes
1142 2615 1247 2680 verbis
1271 2613 1375 2680 elevat
1398 2619 1431 2679 et
1454 2613 1490 2678 in

294 2725 363 2806 ipso
393 2723 486 2786 initio
519 2723 622 2806 posita
652 2727 736 2784 sunt.
769 2719 853 2800 Quid
877 2716 1002 2784 multa?
1026 2719 1212 2807 hegendum
1238 2727 1302 2786 est:
1329 2726 1432 2790 καλῶς
1457 2721 1489 2784 δὲ

294 2830 346 2893 οὐκ
371 2829 434 2892 ύτθ
458 2829 516 2892 τῶν
540 2826 693 2907 λύτρων
712 2825 840 2904 ήρξατο,
862 2824 910 2890 ἵνα
931 2829 974 2903 μή
995 2830 1118 2902 μᾶλλον
1143 2827 1254 2899 αύτούς
1266 2826 1489 2906 ύπηνεστέρσυς

295 2938 415 3014 τοιήση.
440 2933 512 2998 Non
537 2933 668 3018 abipsa
692 2955 725 2998 re
749 2935 863 3018 incipit
887 2933 940 2999 sed
965 2936 1126 3018 prooemio
1150 2935 1269 3011 utitur,
1296 2955 1358 3018 quo
1381 2934 1490 2999 hostes

295 3041 356 3107 sibi
378 3039 489 3105 reddat
511 3040 706 3124 propitiores.

340 3275 380 3334 α,
414 3248 487 3315 332.
522 3247 700 3336 Porphyrio
732 3257 858 3315 auctore
882 3252 1025 3316 οιίτιῖιται
1050 3253 1084 3315 ἐκ
1107 3222 1165 3318 τῶν
1189 3256 1266 3318 ἐπῶν
1291 3255 1404 3319 τούτων
1432 3265 1489 3319 Δι-

295 3358 446 3437 καίαρχος
470 3360 524 3431 τήν
549 3358 622 3437 παρ’
646 3357 769 3436 Ὁμήρῳ
792 3358 984 3431 Πηνελόπην.
1011 3393 1025 3407 -
1048 3394 1063 3408 ·
1084 3395 1099 3409 -
1123 3359 1263 3438 οὐδαμῶς
1286 3362 1350 3441 γὰρ
1374 3361 1490 3426 εύτακ-

295 3488 345 3528 τον
380 3459 459 3528 εἶναί
494 3469 570 3542 Φησι
606 3464 662 3538 τήν
694 3464 891 3546 Πηνελόπην,
922 3466 1029 3542 πρῶτα
1060 3467 1117 3542 μὲν
1147 3463 1193 3531 θ’τι
1219 3468 1291 3548 τρίς
1315 3469 1489 3546 μεθύοντας

296 3569 394 3644 αὕτη
428 3569 485 3653 (εἰσ
516 3569 566 3646 D,
598 3571 632 3634 in
662 3569 695 3634 H
719 3591 861 3635 —nam
891 3573 925 3635 in
956 3571 1007 3635 his
1030 3572 1152 3637 duobus
1176 3579 1302 3639 tontum
1326 3575 1490 3642 codicibus

295 3677 354 3743 hoc
374 3675 523 3741 Scholion
543 3682 705 3741 servatum
725 3682 772 3743 est
785 3715 824 3725 —
840 3677 986 3763 expedire
1005 3678 1082 3744 haec
1102 3699 1163 3745 non
1183 3684 1290 3765 potuit
1307 3677 1488 3762 Oramerus,

295 3783 350 3850 sed
369 3783 471 3856 αύτή
493 3779 621 3862 malim)
646 3784 857 3861 παραγίνεται
875 3786 1063 3860 νεανίσκους,
1086 3785 1195 3850 ἔπειτα
1217 3789 1259 3866 τῷ
1279 3788 1432 3868 κρηδέμνῳ
1445 3792 1489 3853 τθι

296 3888 454 3954 ιιθλλιστα
487 3886 563 3967 μέρη
594 3893 646 3952 τοῦ
683 3890 839 3966 προσώπου
871 3891 1047 3968 καλύψασα
1078 3892 1148 3964 τοὺς
1173 3893 1354 3974 ὀφθαλμοὺς
1378 3897 1487 3970 μθνους

296 3995 486 4063 ύπολίλοιπε
510 3995 691 4073 θεωρεῖσθαι.
717 3997 873 4076 περίεργος
899 3999 961 4076 γὰρ
987 4000 1004 4068 ή
1029 3999 1157 4073 τοιαύτη
1178 4001 1414 4079 σχηματοποιΐα
1433 4005 1488 4066 καὶ

297 4102 511 4184 προσποίητος,
547 4100 565 4176 ή
597 4125 630 4165 τε
661 4103 857 4182 παράστασις
882 4111 941 4168 τῶν
965 4108 1180 4184 θεραπαινίδων
1205 4107 1363 4187 ἓκιίτερθεν
1387 4108 1431 4179 είς
1452 4111 1489 4173 τὸ

297 4213 369 4275 κατ’
401 4209 511 4289 ἕξοχήν
544 4207 710 4288 Φαίνεσθαι
744 4213 841 4282 καλήν
863 4212 917 4274 νύιι
942 4211 1177 4286 ἀνεπιτήδευτον
1200 4193 1490 4282 ostoun'Graves

297 4314 402 4382 hercle
423 4317 677 4390 criminationes,
701 4337 779 4400 quas
803 4317 969 4382 videamus
987 4320 1144 4402 quomodo
1165 4321 1266 4388 diluat
1278 4323 1488 4410 Porphyrius.

299 4423 406 4500 Φαμὲν
429 4417 478 4488 οὗν
502 4459 543 4469 -
568 4421 673 4508 inquit
699 4459 739 4470 -
764 4417 810 4488 ὅτι
832 4423 874 4486 τὸ
900 4422 1072 4490 καθθλον
1097 4421 1182 4498 ἔθος
1207 4427 1330 4506 ἀγνοεῖν
1354 4427 1446 4494 ἔοικεν
1474 4431 1488 4494 θ
