3330 5144
840 305 907 375 256

282 497 418 586 aliisque
450 501 671 589 grammaticis
701 500 828 585 probari
863 505 926 568 iam
965 503 1086 565 certum
1122 505 1180 566 est.
1228 499 1318 582 Quod
1351 501 1379 566 si
1408 505 1471 566 sta·

279 610 424 691 tuimus,
457 613 581 672 rectene
608 608 751 692 sequitur
774 613 806 672 et
831 607 993 674 cohaeret:
1018 603 1110 679 οὕτως
1136 609 1170 690 (i.
1196 627 1223 672 e.
1248 605 1471 687 προπαροξυτό-

278 715 345 799 νως)
382 713 446 794 γόιρ
478 711 647 791 ἐμελέτησε
680 713 721 778 τόν
754 717 839 795 παρὰ
874 713 909 779 τό
946 711 1049 778 πλέω·
1073 747 1127 762 --
1158 699 1211 777 aa}
1245 713 1333 788 δῆλον
1358 710 1403 786 ότι
1427 714 1470 786 εἰς

278 821 448 902 οόποφνγόρν
472 827 531 886 τῶν
553 818 678 894 οὕτως
702 821 944 900 παραγομένων,
969 820 1106 902 διπλόος,
1135 817 1300 901 τριπλόοςό
1328 821 1471 888 Dixisset

278 927 410 994 saltem:
444 935 502 993 τῶν
538 927 597 992 ἀπ’
627 927 756 1005 όριόμῶν
790 928 1015 1006 παραγομένων
1041 927 1093 994 vel
1116 929 1174 993 τῶν
1199 925 1302 1000 ἄλλως
1328 951 1470 1008 παραγο-

276 1034 373 1112 μένων
397 1033 449 1100 vel
473 1032 577 1098 simile
602 1032 688 1118 quid,
721 1033 833 1119 Itaque
854 1033 932 1100 olim
951 1035 1150 1120 suspicabar,
1172 1055 1280 1100 veram
1301 1034 1469 1103 lectionem

277 1161 362 1206 esse:
399 1141 440 1211 εἰς
476 1140 647 1220 ἀποφυγὴν
682 1145 740 1205 τῶν
775 1141 816 1204 οὐ
850 1140 1088 1221 παραγομένων.
1134 1141 1263 1210 Etenim
1295 1141 1471 1208 numeralia

276 1247 334 1314 illa
355 1246 604 1333 multiplicative
621 1245 810 1332 quibusdam
834 1248 1055 1334 grammaticis
1076 1269 1149 1313 cnm
1169 1249 1265 1315 verbo
1287 1249 1369 1314 πέλω
1386 1270 1471 1315 com-

278 1357 382 1441 posita
412 1355 619 1429 videbantur,
654 1353 691 1418 ut
714 1359 763 1420 est
786 1356 819 1418 in
842 1352 1076 1442 Etymologicis
1099 1360 1132 1420 et
1155 1353 1377 1440 Epimerismis
1398 1354 1469 1422 Ho-

276 1461 404 1528 mericis
426 1482 451 1526 s.
477 1482 508 1525 v.
534 1461 718 1538 Δι’πλαιια,.
734 1463 780 1548 (in
805 1458 946 1527 Cramer.
970 1461 1112 1527 Anecdd.
1140 1459 1261 1527 Oxonn.
1284 1461 1300 1526 Ι
1327 1482 1359 1548 p.
1389 1462 1469 1541 112)

275 1569 384 1652 itaque
413 1568 454 1632 iis
486 1587 559 1632 vere
591 1566 722 1631 οόνόετα
758 1567 903 1644 fuerunt,
937 1588 999 1634 non
1024 1565 1216 1648 παραγωγαὶ.
1265 1566 1338 1636 Duo
1361 1573 1469 1636 tamen

276 1679 368 1752 sunt,
400 1693 479 1759 qnae
518 1674 598 1738 mihi
633 1675 767 1740 ulterius
799 1677 961 1761 reputanti
992 1673 1134 1760 aliquem
1167 1675 1398 1742 dubitationem
1423 1679 1469 1741 in·

277 1783 434 1857 iecerunt,
489 1788 613 1846 rectene
654 1781 707 1846 hic
758 1779 850 1853 οὕτως
894 1783 928 1846 in
971 1782 1002 1846 οὐ
1046 1781 1237 1846 mutandum
1281 1784 1467 1848 censuerim.

276 1886 425 1952 Primum
461 1907 559 1973 pone,
595 1909 675 1973 quae
710 1887 924 1976 Etymologus
957 1890 1013 1974 qui
1044 1887 1182 1976 Magnus
1217 1888 1307 1955 audit
1341 1887 1380 1954 de
1417 1889 1469 1955 his

278 1995 310 2059 in
352 2015 442 2059 suam
486 1993 678 2083 farraginem
722 1997 848 2080 recepit.
913 2001 1115 2066 Διπλοῦςε
1164 1995 1226 2061 ἀπὸ
1272 1995 1467 2076 συναιρέσεως

277 2102 342 2166 ε’ττι
382 2107 434 2166 τοῦ
479 2102 599 2172 διπλόος
642 2101 694 2167 καὶ
740 2101 898 2182 τριπλόος·
935 2103 1020 2187 (fort.
1059 2102 1131 2188 (ὥς)
1168 2101 1220 2166 καὶ
1256 2105 1466 2187 (τριπλοῦς

274 2208 355 2297 τοῦ)
389 2207 562 2295 τριπλόος)
597 2208 632 2273 τὸ
664 2208 696 2273 δὲ
726 2207 849 2280 διπλόος
885 2207 937 2273 καὶ
972 2207 1113 2288 τριπλόος
1148 2209 1210 2272 clad
1246 2213 1299 2272 τοῦ
1334 2209 1377 2278 δός
1414 2209 1466 2273 καὶ

274 2316 338 2396 πρός
362 2311 462 2381 εἶπον·
487 2316 528 2381 τό
565 2315 602 2380 δὲ
637 2315 808 2388 διπλοῦς
843 2315 909 2382 καὶ
943 2319 1138 2396 τριπλοῦν
1170 2313 1239 2380 οόιο
1270 2317 1351 2380 οἷοι
1383 2317 1468 2380 ον’ν-

275 2425 384 2489 όετα.
420 2421 503 2504 ζήτει
536 2423 578 2494 εἷς
610 2422 644 2488 τό
677 2423 885 2502 Χοιροβοοιιοῦ.
918 2423 1004 2500 παρόν
1036 2423 1071 2486 τό
1104 2421 1153 2487 δύο
1184 2421 1288 2487 πέλειν
1321 2421 1466 2494 δοοπλόος

275 2530 327 2596 καὶ
363 2525 495 2602 διπλόος.
538 2528 662 2595 Ultima
692 2528 787 2615 paulo
816 2529 899 2594 infra
929 2535 1116 2615 repetuntur
1147 2550 1172 2594 s.
1199 2550 1231 2593 v.
1267 2527 1409 2606 Διπλόιρ,
1435 2535 1468 2596 et

274 2659 370 2724 supra
399 2657 423 2700 s.
449 2658 479 2702 v.
516 2639 662 2708 Ἀπλοῦς.
698 2635 734 2702 Si
766 2635 899 2712 όπλόος,
930 2635 1071 2712 διπλόος,
1095 2633 1255 2718 τριπλόος,
1281 2635 1467 2701 sentabat

274 2742 309 2807 τό
340 2750 489 2819 σημαῖνον
520 2737 567 2816 ἕν,
601 2741 659 2816 δι’ς,
694 2741 757 2821 πρός
782 2749 814 2808 et
838 2741 941 2814 πέλω.
966 2740 1095 2808 difficile
1121 2743 1208 2807 dictu
1233 2747 1299 2818 eat,
1325 2742 1402 2828 quid
1427 2764 1467 2808 ex

272 2857 418 2919 veterum
455 2848 597 2916 doctrina
632 2847 720 2914 aliud
754 2849 873 2914 fuerint
909 2869 1005 2934 quarn
1041 2847 1182 2914 edolare.
1233 2847 1295 2914 Sed
1330 2849 1467 2916 affirmat

274 2957 508 3024 Olroeroboscus
544 2976 610 3021 esse
641 2977 680 3022 ex
711 2956 756 3029 aa
789 2963 821 3023 et
851 2957 915 3036 πρός
948 2959 1171 3023 terminatione
1203 2977 1265 3022 non
1290 2957 1464 3042 explicata,

274 3063 496 3149 contenditque
520 3059 564 3128 ότι
588 3061 656 3127 oda
681 3064 738 3128 εἶσι
763 3064 903 3129 σύνθετα.
941 3062 1148 3129 Choerobosci
1171 3062 1253 3128 liber
1274 3063 1313 3128 ad
1333 3083 1465 3129 manum

274 3191 335 3236 non
367 3178 434 3247 est,
463 3168 518 3236 sed
550 3191 624 3234 cnm
655 3175 740 3236 totns
763 3171 803 3236 ab
828 3169 1008 3235 Herodiano
1031 3170 1183 3254 pendeat,
1209 3167 1276 3234 fieri
1301 3175 1466 3256 potestat

273 3279 301 3342 is
342 3297 432 3342 secus
474 3297 511 3342 ac
550 3278 741 3348 ,recentiores
780 3278 985 3365 grammatici
1019 3275 1291 3364 etymologiarum
1329 3297 1466 3362 aucupes

274 3381 446 3458 voeabula,
482 3383 521 3449 de
555 3384 671 3469 quibus
706 3387 906 3469 quaerimus,
941 3402 1005 3447 non
1035 3385 1210 3468 composita
1233 3383 1467 3447 existimaverit

273 3491 329 3557 aad
359 3490 543 3570 παραγωγαὶ
568 3486 606 3576 ¹).
631 3489 843 3574 videturque,
873 3525 914 3538 ·-
940 3488 1024 3575 quod
1046 3489 1182 3554 secundo
1206 3487 1274 3554 loco
1297 3508 1396 3574 pono,
1423 3527 1464 3539 -

273 3596 384 3663 eodem
417 3597 544 3664 tendere
576 3598 674 3662 etiam
704 3595 862 3662 Arcadius
895 3598 941 3660 ita
972 3595 1132 3662 scribens:
1158 3594 1210 3660 Tel
1236 3591 1334 3675 ὥσπερ
1358 3595 1465 3669 ἐντελῆ

274 3709 333 3768 τῶν
367 3705 410 3776 εἰς
444 3703 564 3790 ,πλονς’
600 3702 757 3782 ληγόντων
790 3703 903 3768 οὶπλῖο
938 3701 1010 3767 όντα
1051 3700 1287 3787 παροξύνονται,
1324 3701 1465 3782 διπλόος,

308 3957 335 4022 1)
354 3958 459 4008 Innncra
477 3958 520 4008 hoe
537 3957 633 4007 videtur
652 3961 676 4006 et
694 3957 827 4022 Phrynichi
843 3959 996 4023 pracceptum
1013 3971 1041 4006 ex
1059 3959 1168 4022 excerpto
1184 3959 1231 4014 τῆς
1249 3959 1466 4018 Σοφιοτιιιῆςῐῐρο-

273 4052 426 4112 παρασκενλτ
451 4047 863 4115 (p.as‚1113ekk.)=‘aaeaa,
889 4044 1006 4106 διπλᾶ,
1032 4049 1157 4110 τριπλᾶ
1181 4045 1224 4094 aad
1247 4045 1282 4095 τόι
1308 4044 1378 4106 taeta
1402 4061 1466 4108 περι-

273 4145 373 4188 macca.
400 4133 586 4188 ὑποπίπτει
613 4138 674 4202 γόιρ
694 4143 733 4204 τῇ
753 4133 877 4203 'laurae
897 4135 1071 4200 διαιρόοει,
1092 4133 1137 4186 olea
1157 4135 1247 4186 διπλόα
1264 4133 1353 4194 διπλᾶ,
1372 4135 1467 4185 καὶτὰ

272 4228 357 4292 όμοια,
382 4231 420 4280 cai
445 4259 478 4270 —
505 4229 524 4278 si
551 4233 615 4279 recte
639 4231 708 4280 video
732 4257 766 4268 -
789 4235 915 4280 οοιιότιιοιο
933 4230 1009 4280 torma
1025 4229 1140 4294 primaria
1158 4229 1259 4277 ridetur.
1296 4229 1366 4294 Quod
1384 4229 1405 4278 ai
1423 4245 1466 4295 pro

271 4314 408 4379 compositio
425 4312 558 4371 habuisset,
577 4315 642 4362 certe
659 4315 763 4363 statuere
782 4329 829 4362 ncn
847 4314 949 4379 poterat.
976 4313 1103 4360 Gaeterum
1121 4327 1180 4375 quac
1197 4326 1269 4377 super
1283 4311 1320 4360 lris
1336 4310 1467 4376 disputarit

270 4393 400 4444 Inbackins
426 4397 460 4456 (in
486 4396 554 4446 docta
583 4399 640 4446 ncta
665 4396 695 4446 ad
714 4395 879 4459 Phrynichum
896 4409 967 4446 suum
984 4409 1007 4459 p.
1028 4393 1089 4458 234)
1108 4392 1128 4442 si
1146 4399 1210 4444 recte
1227 4394 1293 4460 capi,
1311 4393 1336 4444 in
1354 4393 1385 4443 iis
1403 4397 1466 4451 enne

272 4476 358 4542 quibus
380 4479 488 4528 accedere
506 4493 628 4543 nequeam,
