3232 5136
793 314 834 380 49

208 503 418 582 γενειήσαντα
440 501 540 580 ι’θηαι,
564 499 581 576 ΙΙ
602 503 743 582 γήμασθ’
766 500 787 586 ᾦ
812 501 993 587 κ’ἔθέλησθα
1013 505 1197 571 adnotatur:
1226 505 1256 568 ἕν
1286 497 1307 584 ᾧ
1332 527 1402 585 προ·

211 610 336 691 τρέπει,
373 610 402 674 ἔν
433 608 530 688 τοιίτιρ
559 610 745 688 οὶποτρέπει·
778 615 875 690 γραῦς
907 611 969 691 γὰρ
1004 611 1069 697 (aa)
1099 609 1169 675 τθτε
1202 609 1332 689 ἐγένετο.
1358 647 1401 659 -

211 743 256 798 χ,
282 716 365 782 240:
391 718 446 781 οὐκ
468 717 588 790 ἀληθῶς
613 719 655 790 είς
679 715 828 798 χελιδόνα
852 716 1031 794 μετεβλήθη
1059 719 1075 791 >l
1100 716 1180 794 θεθς,
1201 717 1266 782 οὐδὲ
1287 720 1402 796 Ἑρμής

212 826 227 889 θ
264 823 384 900 λίνος
421 821 505 902 ὄρνιθι
541 823 640 894 ἐοικὼς
675 822 740 887 οὐδὲ
773 825 789 898 ή
823 823 922 904 αίθνίη
952 825 1051 889 είκνῖα
1081 821 1256 900 Λεοκοθία,
1288 824 1353 888 οὐδὲ
1386 824 1399 888 ί

213 932 355 1010 Πρωτεὺς
391 935 450 1009 πῖιρ
485 927 625 1007 ἐγένετο·
662 927 774 995 ἔκαυσε
806 930 868 1008 γὰρ
901 930 965 1016 (ἂν)
996 933 1047 996 τὸν
1079 931 1253 1006 Μενέλαον,
1286 931 1342 995 ubi
1365 927 1403 994 ἄν

211 1037 308 1104 video
326 1038 392 1102 iam
411 1036 562 1102 adiecisse
585 1033 753 1101 Struvium
780 1035 887 1122 (Diod.
911 1035 1013 1102 Praei.
1037 1059 1069 1123 p.
1092 1038 1203 1122 nrm),
1227 1036 1282 1102 sed
1304 1035 1401 1102 simul

212 1149 247 1210 et
276 1142 364 1209 aliud
394 1143 468 1206 hinc
491 1143 609 1207 vitium
634 1141 810 1208 tollendum
837 1141 914 1208 olim
939 1144 1025 1222 dixi,
1050 1149 1082 1208 et
1105 1147 1209 1230 ipsum
1235 1163 1252 1207 e
1275 1142 1402 1228 pervul-

211 1248 399 1339 gatissimis.
447 1247 576 1314 hltenim
611 1251 666 1333 qui
700 1269 811 1314 revera
843 1252 957 1328 'urnac
989 1252 1003 1314 ὁ
1035 1250 1175 1328 stylos
1207 1250 1270 1320 θεὸς
1293 1249 1402 1334 audit,

212 1357 279 1422 fere
309 1375 434 1441 semper
462 1355 497 1420 in
525 1353 725 1421 Scholiorum
757 1356 920 1422 codicibus
948 1365 980 1422 et
1003 1357 1213 1432 editionibus,
1236 1361 1274 1420 ut
1296 1361 1403 1422 nostro

212 1462 284 1528 loco
295 1463 414 1528 factum
429 1467 493 1539 est,
512 1465 626 1542 Ἑομῆς
646 1464 659 1525 θ
680 1463 804 1540 λόγος
825 1465 961 1547 pessime
973 1463 1100 1528 dicitur.
1116 1499 1157 1512 -
1170 1463 1212 1528 Et
1223 1488 1256 1532 α.
1268 1461 1345 1542 226,
1360 1501 1401 1512 -

213 1575 253 1634 ut
275 1567 403 1634 tandem
428 1567 596 1653 aliquando
620 1569 658 1634 ad
682 1570 821 1654 primum
845 1568 982 1646 librum,
1006 1570 1089 1634 unde
1113 1569 1247 1657 digressi
1275 1590 1402 1648 eumue,

212 1675 336 1740 reditus
359 1673 431 1758 fiat,
456 1713 499 1723 -
523 1678 647 1759 quaerit
670 1675 814 1740 Minerva
838 1695 854 1740 e
878 1674 1084 1741 Telemacho:
1109 1675 1252 1752 είλατίνη
1276 1675 1308 1752 ήὲ
1339 1674 1403 1753 γαί-

213 1806 291 1866 μος;
316 1781 383 1847 ἐπεὶ
408 1783 462 1845 οὐκ
485 1777 586 1860 ἔρανος
610 1781 686 1845 adde
711 1779 747 1859 γ’
772 1782 863 1846 ἐστίν.
888 1782 941 1847 Ad
965 1783 1042 1848 haec
1066 1781 1233 1850 Scholion:
1258 1783 1401 1858 εἰλαπίνη

214 1891 232 1964 ή
266 1895 387 1953 πολλῶν
418 1887 547 1967 εὐωχία.
573 1924 626 1937 --
650 1887 750 1966 ἔρανος
775 1891 792 1962 ἦ
817 1889 851 1951 εἰι
875 1895 975 1954 κοινῶν
999 1889 1128 1970 εὐωχία.
1155 1926 1208 1938 --
1232 1892 1258 1955 εί
1283 1890 1346 1971 γὰρ
1371 1888 1405 1963 ἦν

213 1994 332 2076 ἔρανος,
367 1996 578 2075 Φειδιιλιῖις
612 1995 747 2070 ήσθιον
781 1998 819 2067 cin
852 1993 915 2058 ίδια
949 1996 1105 2068 ἐσθίοντες.
1152 1995 1246 2062 Forte
1278 1997 1405 2063 fortuna

212 2101 326 2168 eadam
356 2100 556 2198 paraphrasis
587 2102 625 2166 ad
658 2103 896 2186 praecedentem
923 2123 1049 2167 versum
1075 2101 1176 2168 relata
1198 2108 1246 2168 eet
1269 2105 1302 2168 in
1326 2102 1404 2169 Hei·

212 2208 415 2296 delbergensi
439 2207 502 2293 (P),
530 2208 585 2272 ubi
609 2214 694 2273 recte
718 2212 750 2273 et
773 2208 883 2273 ordine
906 2210 1071 2274 scribitur:
1097 2209 1121 2272 εἰ
1147 2209 1211 2289 γὰρ
1233 2205 1275 2286 ήν,
1296 2210 1403 2290 Φησίν,

212 2313 335 2396 ἔρανος,
372 2313 531 2394 Φειθωλῶς
563 2314 659 2388 ήσθιον
694 2313 741 2378 θιν
775 2315 813 2386 ὥς
850 2313 912 2378 lbra
955 2315 1121 2392 ἐσθίοντες,
1162 2315 1246 2380 unde
1283 2314 1405 2400 liquido

212 2425 338 2500 constat
369 2423 575 2486 necessariam
606 2420 812 2505 particulam,
846 2441 909 2506 qua
931 2425 1049 2487 omissa
1072 2443 1180 2486 sensus
1204 2423 1285 2496 ruit,
1309 2421 1405 2488 libra·

212 2531 333 2594 riorum
369 2528 511 2594 socordia
545 2530 577 2592 in
610 2527 755 2613 pluribus
786 2527 948 2592 codicibus
978 2527 1099 2612 (BMQ)
1133 2549 1198 2592 esse
1233 2530 1404 2606 omissam,

213 2655 278 2700 non
311 2636 493 2719 scriptoris,
517 2653 579 2718 quo
604 2632 812 2700 confidentius
836 2633 913 2699 talia
935 2640 967 2700 et
990 2637 1023 2699 in
1047 2637 1178 2700 caeteris
1200 2655 1402 2720 reponamus.

204 2763 209 2772 ·
260 2739 368 2806 Simul
391 2746 424 2805 et
444 2739 504 2806 hoc
527 2761 566 2804 ex
590 2740 746 2825 exemplis
768 2762 863 2825 supra
886 2743 1013 2826 scriptis
1033 2747 1176 2825 apparet,
1198 2741 1402 2806 notissimum

212 2869 308 2924 saue,
341 2845 530 2932 particulam
562 2843 606 2909 θν
638 2848 822 2932 saepissime
854 2849 1034 2932 absorptam
1066 2867 1133 2912 esse
1163 2847 1402 2932 apraeocdenti

212 2953 294 3032 ydp,
331 2960 368 3018 ut
399 2955 462 3017 rari
495 2952 668 3019 admodum
700 2955 732 3016 in
762 2955 877 3018 nostrie
908 2953 969 3017 loci
1000 2955 1082 3028 sint,
1106 2953 1163 3018 ubi
1187 2955 1249 3031 γὰρ
1273 2951 1311 3019 θον
1336 2939 1403 3020 sine

211 3061 285 3125 labe
305 3063 459 3132 eraserit,
480 3058 563 3144 quod
582 3062 605 3123 i.
619 3081 647 3124 a.
667 3059 787 3124 factum
808 3065 856 3124 est
876 3059 914 3124 ad
939 3084 973 3136 γ,
1000 3057 1075 3132 106,
1099 3060 1154 3124 ubi
1176 3060 1292 3126 Nestor
1314 3061 1404 3128 Tele·

212 3167 327 3232 macho
346 3168 492 3252 exponit,
514 3173 591 3252 quot
610 3172 806 3251 quantosque
819 3167 942 3232 labores
954 3165 1068 3232 Graeci
1080 3168 1113 3230 in
1126 3167 1297 3232 obsidenda
1309 3167 1404 3235 Troia

210 3272 418 3358 pertulerint,
439 3273 513 3349 ήμὲν
534 3269 592 3336 ὅσα
610 3271 664 3346 ξὺν
686 3273 787 3346 νηυσίν
809 3273 859 3335 ἐπ’
879 3272 1025 3351 ήεροειθία
1045 3272 1151 3337 πθντον
1177 3269 1194 3346 ΙΙ
1216 3273 1403 3355 πλαζόμενοι

211 3381 321 3445 κατὰ
343 3377 461 3453 ληΐδ’,
480 3394 551 3445 κτλ.
578 3379 675 3444 Recte
687 3379 764 3443 haec
776 3379 899 3445 adiecta
911 3385 999 3452 suut,
1016 3417 1058 3430 -
1072 3385 1231 3446 enarrator
1242 3383 1347 3464 inquit
1361 3421 1401 3430 —
1501 3411 1503 3416 ·

211 3489 282 3551 οὐκ
313 3485 360 3550 θον
380 3486 471 3564 ’γὰρ
499 3491 641 3550 τοσοῦτον
674 3485 839 3562 ὑπέμειναν
868 3487 937 3558 τοὺς
963 3485 1087 3560 πίνονς,
1113 3487 1169 3551 ubi
1193 3493 1224 3553 et
1248 3487 1403 3556 notandus

211 3594 301 3658 locus
332 3599 381 3658 est
411 3613 505 3678 quem
530 3591 567 3656 ἄν
593 3598 726 3676 occupat
750 3599 782 3658 et
804 3595 858 3656 οὐκ
882 3591 920 3656 ίιν
944 3593 1006 3671 γὰρ
1037 3597 1229 3657 τοσοῦτον
1262 3594 1402 3675 χρόνον

210 3699 379 3778 ὑπέμειναν
404 3725 432 3764 τ.
458 3723 493 3761 π.
520 3701 674 3784 scriptum
700 3703 830 3785 oportet.
874 3697 1093 3764 Bellissimum
1117 3706 1225 3764 autern
1248 3700 1401 3765 vitiorum

209 3806 271 3872 hoc
294 3827 396 3893 genus
420 3805 578 3890 specimen
604 3805 759 3887 habemus
781 3807 816 3868 in
839 3807 969 3889 antiquo
993 3804 1120 3871 Scholio
1143 3804 1182 3870 ad
1207 3830 1243 3883 y,
1261 3804 1402 3890 255,-

209 3915 278 3977 sive
302 3913 473 3977 Aristonici
498 3919 544 3977 ast
570 3914 637 3976 sive
660 3911 851 3986 Herodiani,
872 3911 966 3975 -ad
991 3909 1076 3974 hunc
1098 3910 1231 3976 Homeri
1254 3931 1401 3977 versum:

211 4019 228 4094 ή
254 4043 300 4084 τοι
332 4020 389 4096 μὲν
419 4018 495 4083 udde
519 4018 630 4090 καύτὸς
655 4020 731 4083 οΐεαι
755 4017 793 4090 ὥς
817 4042 868 4081 κεν
892 4019 1018 4100 ἐτύχθη.
1065 4017 1263 4083 Dubilabant·
1282 4023 1403 4084 veteres

209 4125 436 4213 grammatici,
460 4129 568 4189 utrum
593 4126 689 4190 craeis
713 4127 746 4188 in
771 4124 883 4196 καύτὸς
908 4123 1091 4190 resolvenda
1115 4129 1196 4188 esset
1219 4125 1250 4187 in
1276 4123 1327 4188 καί
1349 4126 1403 4188 αὑ-

210 4231 267 4301 retr
298 4253 338 4296 an
371 4231 405 4294 in
441 4255 475 4294 κε
510 4229 612 4300 αὐτθς.
669 4229 889 4308 Herodianus,
925 4229 1144 4295 Ptolemaeum
1181 4228 1399 4295 Ascalonitam

211 4345 339 4404 secutus
371 4343 551 4413 auctorem,
583 4361 616 4402 ιιε
649 4339 749 4401 inesse
781 4337 948 4410 censebat,
978 4355 1080 4400 errore
1107 4341 1144 4398 ut
1167 4335 1251 4399 mibi
1273 4337 1403 4421 quidem

211 4445 356 4518 videtur,
384 4445 439 4510 sed
462 4449 512 4509 cst
534 4443 587 4508 hic
611 4445 677 4509 sive
701 4463 785 4508 error
808 4445 875 4508 sive
899 4444 1004 4527 opinio
1024 4443 1168 4506 omnium
1185 4439 1401 4509 Aristarcheo·

1241 4563 1257 4610 a
