<?xml version="1.0" encoding="UTF-8"?>
<!DOCTYPE html PUBLIC "-//W3C//DTD XHTML 1.0 Transitional//EN"
    "http://www.w3.org/TR/xhtml1/DTD/xhtml1-transitional.dtd">
<html xmlns="http://www.w3.org/1999/xhtml" xml:lang="en" lang="en">
 <head>
  <title>
</title>
<meta http-equiv="Content-Type" content="text/html;charset=utf-8" />
  <meta name='ocr-system' content='tesseract 3.04.00' />
  <meta name='ocr-capabilities' content='ocr_page ocr_carea ocr_par ocr_line ocrx_word'/>
</head>
<body>
  <div class='ocr_page' id='page_1' title='image "./adodysseameiusq01polagoog_0016.png"; bbox 0 0 3232 5136; ppageno 0'>
   <div class='ocr_carea' id='block_1_1' title="bbox 134 1115 1291 1400">
    <p class='ocr_par' dir='ltr' id='par_1_1' title="bbox 134 1115 1291 1400">
     <span class='ocr_line' id='line_1_1' title="bbox 538 1115 1274 1254; baseline -0.003 -47"><span class='ocrx_word' id='word_1_1' title='bbox 538 1115 874 1207; x_wconf 75' lang='lat' dir='ltr'><strong>Plusearou.</strong></span> <span class='ocrx_word' id='word_1_2' title='bbox 1271 1247 1274 1254; x_wconf 10' lang='grc' dir='ltr'><strong>Δ</strong></span> 
     </span>
     <span class='ocr_line' id='line_1_2' title="bbox 134 1321 1291 1400; baseline 0.003 -5"><span class='ocrx_word' id='word_1_3' title='bbox 134 1321 471 1400; x_wconf 60' lang='lat' dir='ltr'><strong>industriores</strong></span> <span class='ocrx_word' id='word_1_4' title='bbox 495 1323 553 1400; x_wconf 74' lang='lat' dir='ltr'><strong>AD</strong></span> <span class='ocrx_word' id='word_1_5' title='bbox 576 1321 760 1399; x_wconf 78' lang='lat' dir='ltr'>SCHOLIA</span> <span class='ocrx_word' id='word_1_6' title='bbox 785 1321 835 1396; x_wconf 90' lang='lat' dir='ltr'><strong>IN</strong></span> <span class='ocrx_word' id='word_1_7' title='bbox 859 1321 1034 1398; x_wconf 73' lang='lat' dir='ltr'><strong>Hortum</strong></span> <span class='ocrx_word' id='word_1_8' title='bbox 1059 1322 1291 1398; x_wconf 75' lang='lat' dir='ltr'><strong>oulssulti.</strong></span> 
     </span>
    </p>
   </div>
   <div class='ocr_carea' id='block_1_2' title="bbox 564 1526 1305 1663">
    <p class='ocr_par' dir='ltr' id='par_1_2' title="bbox 564 1526 1305 1663">
     <span class='ocr_line' id='line_1_3' title="bbox 564 1526 1305 1591; baseline -0.003 -13"><span class='ocrx_word' id='word_1_9' title='bbox 564 1529 659 1578; x_wconf 76' lang='lat' dir='ltr'><strong>Scholia</strong></span> <span class='ocrx_word' id='word_1_10' title='bbox 678 1526 767 1578; x_wconf 78' lang='lat' dir='ltr'><strong>Graecei</strong></span> <span class='ocrx_word' id='word_1_11' title='bbox 784 1529 808 1576; x_wconf 92' lang='lat' dir='ltr'><strong>in</strong></span> <span class='ocrx_word' id='word_1_12' title='bbox 827 1527 927 1578; x_wconf 80' lang='lat' dir='ltr'>Homeri</span> <span class='ocrx_word' id='word_1_13' title='bbox 946 1528 1087 1591; x_wconf 83' lang='lat' dir='ltr'><strong>Odysseam,</strong></span> <span class='ocrx_word' id='word_1_14' title='bbox 1103 1541 1132 1576; x_wconf 82' lang='lat' dir='ltr'><strong>en</strong></span> <span class='ocrx_word' id='word_1_15' title='bbox 1147 1527 1219 1576; x_wconf 86' lang='lat' dir='ltr'><strong>Codd.</strong></span> <span class='ocrx_word' id='word_1_16' title='bbox 1235 1532 1305 1577; x_wconf 82' lang='lat' dir='ltr'><strong>aucta</strong></span> 
     </span>
     <span class='ocr_line' id='line_1_4' title="bbox 597 1609 1270 1663; baseline 0.003 -3"><span class='ocrx_word' id='word_1_17' title='bbox 597 1615 621 1660; x_wconf 84' lang='lat' dir='ltr'><strong>et</strong></span> <span class='ocrx_word' id='word_1_18' title='bbox 638 1611 762 1662; x_wconf 83' lang='lat' dir='ltr'><strong>emendata</strong></span> <span class='ocrx_word' id='word_1_19' title='bbox 778 1611 813 1663; x_wconf 88' lang='lat' dir='ltr'><strong>ed.</strong></span> <span class='ocrx_word' id='word_1_20' title='bbox 831 1611 860 1660; x_wconf 80' lang='lat' dir='ltr'><strong>G.</strong></span> <span class='ocrx_word' id='word_1_21' title='bbox 879 1610 1023 1660; x_wconf 83' lang='lat' dir='ltr'><strong>Dindordno.</strong></span> <span class='ocrx_word' id='word_1_22' title='bbox 1038 1637 1072 1648; x_wconf 90' lang='grc'>-</span> <span class='ocrx_word' id='word_1_23' title='bbox 1088 1609 1105 1659; x_wconf 75' lang='lat'>2</span> <span class='ocrx_word' id='word_1_24' title='bbox 1122 1610 1177 1659; x_wconf 87' lang='lat' dir='ltr'><strong>voll.</strong></span> <span class='ocrx_word' id='word_1_25' title='bbox 1199 1610 1270 1662; x_wconf 82' lang='lat' dir='ltr'><strong>lsou.</strong></span> 
     </span>
    </p>
   </div>
   <div class='ocr_carea' id='block_1_3' title="bbox 610 1851 804 1862">
    <p class='ocr_par' dir='ltr' id='par_1_3' title="bbox 610 1851 804 1862">
     <span class='ocr_line' id='line_1_5' title="bbox 610 1851 804 1862; baseline 0.005 -2"><span class='ocrx_word' id='word_1_26' title='bbox 610 1851 804 1862; x_wconf 70' lang='lat' dir='ltr'>——n———n</span> 
     </span>
    </p>
   </div>
   <div class='ocr_carea' id='block_1_4' title="bbox 676 2002 1308 2241">
    <p class='ocr_par' dir='ltr' id='par_1_4' title="bbox 676 2002 1308 2241">
     <span class='ocr_line' id='line_1_6' title="bbox 919 2002 1307 2069; baseline 0 -13"><span class='ocrx_word' id='word_1_27' title='bbox 919 2005 975 2064; x_wconf 62' lang='lat' dir='ltr'><strong>drot</strong></span> <span class='ocrx_word' id='word_1_28' title='bbox 995 2002 1016 2056; x_wconf 71' lang='grc' dir='ltr'><strong>δ’</strong></span> <span class='ocrx_word' id='word_1_29' title='bbox 1037 2003 1062 2056; x_wconf 78' lang='lat' dir='ltr'><strong>r&#39;s&#39;</strong></span> <span class='ocrx_word' id='word_1_30' title='bbox 1077 2005 1120 2069; x_wconf 76' lang='lat' dir='ltr'><strong>tra&#39;p</strong></span> <span class='ocrx_word' id='word_1_31' title='bbox 1139 2025 1166 2056; x_wconf 77' lang='grc' dir='ltr'><strong>τι</strong></span> <span class='ocrx_word' id='word_1_32' title='bbox 1186 2005 1307 2068; x_wconf 60' lang='lat' dir='ltr'><strong>efflares</strong></span> 
     </span>
     <span class='ocr_line' id='line_1_7' title="bbox 676 2093 1308 2164; baseline 0 -20"><span class='ocrx_word' id='word_1_33' title='bbox 676 2093 762 2156; x_wconf 77' lang='grc' dir='ltr'><strong>διινόν,</strong></span> <span class='ocrx_word' id='word_1_34' title='bbox 782 2093 847 2160; x_wconf 59' lang='grc' dir='ltr'><strong>ἄφαρ</strong></span> <span class='ocrx_word' id='word_1_35' title='bbox 866 2095 897 2146; x_wconf 76' lang='grc' dir='ltr'><strong>τὸ</strong></span> <span class='ocrx_word' id='word_1_36' title='bbox 916 2095 1005 2164; x_wconf 59' lang='grc' dir='ltr'><strong>φέροιεν</strong></span> <span class='ocrx_word' id='word_1_37' title='bbox 1024 2093 1192 2160; x_wconf 65' lang='grc' dir='ltr'><strong>ἀναρπάξασαι</strong></span> <span class='ocrx_word' id='word_1_38' title='bbox 1210 2095 1308 2149; x_wconf 63' lang='grc' dir='ltr'><strong>ἄελλαι.</strong></span> 
     </span>
     <span class='ocr_line' id='line_1_8' title="bbox 998 2181 1238 2241; baseline -0.008 -9"><span class='ocrx_word' id='word_1_39' title='bbox 998 2182 1044 2232; x_wconf 78' lang='lat' dir='ltr'><strong>Od</strong></span> <span class='ocrx_word' id='word_1_40' title='bbox 1063 2187 1088 2241; x_wconf 72' lang='lat' dir='ltr'><strong>d,</strong></span> <span class='ocrx_word' id='word_1_41' title='bbox 1105 2182 1163 2241; x_wconf 81' lang='lat'><em>408,</em></span> <span class='ocrx_word' id='word_1_42' title='bbox 1180 2181 1238 2231; x_wconf 72' lang='lat'><strong>400.</strong></span> 
     </span>
    </p>
   </div>
   <div class='ocr_carea' id='block_1_5' title="bbox 37 2337 1388 4639">
    <p class='ocr_par' dir='ltr' id='par_1_5' title="bbox 37 2337 1388 4551">
     <span class='ocr_line' id='line_1_9' title="bbox 162 2337 1307 2428; baseline 0.003 -24"><span class='ocrx_word' id='word_1_43' title='bbox 162 2337 221 2414; x_wconf 88' lang='lat' dir='ltr'><strong>Qui</strong></span> <span class='ocrx_word' id='word_1_44' title='bbox 245 2339 369 2405; x_wconf 86' lang='lat' dir='ltr'><strong>factum</strong></span> <span class='ocrx_word' id='word_1_45' title='bbox 392 2342 455 2418; x_wconf 80' lang='lat' dir='ltr'><strong>eit,</strong></span> <span class='ocrx_word' id='word_1_46' title='bbox 479 2347 517 2406; x_wconf 90' lang='lat' dir='ltr'><strong>ut</strong></span> <span class='ocrx_word' id='word_1_47' title='bbox 541 2361 621 2426; x_wconf 84' lang='lat' dir='ltr'><strong>quae</strong></span> <span class='ocrx_word' id='word_1_48' title='bbox 644 2339 752 2407; x_wconf 81' lang='lat' dir='ltr'><strong>studio</strong></span> <span class='ocrx_word' id='word_1_49' title='bbox 774 2343 808 2406; x_wconf 90' lang='lat' dir='ltr'><strong>in</strong></span> <span class='ocrx_word' id='word_1_50' title='bbox 831 2340 893 2408; x_wconf 88' lang='lat' dir='ltr'><strong>line</strong></span> <span class='ocrx_word' id='word_1_51' title='bbox 912 2343 1095 2428; x_wconf 73' lang='lat' dir='ltr'><strong>scriptionis</strong></span> <span class='ocrx_word' id='word_1_52' title='bbox 1114 2362 1205 2409; x_wconf 85' lang='lat' dir='ltr'><strong>meee</strong></span> <span class='ocrx_word' id='word_1_53' title='bbox 1224 2341 1307 2408; x_wconf 74' lang='lat' dir='ltr'><strong>Aoe-</strong></span> 
     </span>
     <span class='ocr_line' id='line_1_10' title="bbox 126 2440 1367 2550; baseline 0.006 -45"><span class='ocrx_word' id='word_1_54' title='bbox 126 2440 258 2511; x_wconf 83' lang='lat' dir='ltr'><strong>demicee</strong></span> <span class='ocrx_word' id='word_1_55' title='bbox 283 2445 374 2512; x_wconf 82' lang='lat' dir='ltr'><strong>brevi</strong></span> <span class='ocrx_word' id='word_1_56' title='bbox 396 2467 448 2528; x_wconf 82' lang='lat' dir='ltr'><strong>me</strong></span> <span class='ocrx_word' id='word_1_57' title='bbox 469 2450 681 2534; x_wconf 88' lang='lat' dir='ltr'><strong>repetiturum</strong></span> <span class='ocrx_word' id='word_1_58' title='bbox 699 2445 895 2534; x_wconf 79' lang='lat' dir='ltr'><strong>significavi,</strong></span> <span class='ocrx_word' id='word_1_59' title='bbox 918 2468 1061 2534; x_wconf 86' lang='lat' dir='ltr'><strong>quaeque</strong></span> <span class='ocrx_word' id='word_1_60' title='bbox 1080 2455 1119 2514; x_wconf 88' lang='lat' dir='ltr'><strong>ut</strong></span> <span class='ocrx_word' id='word_1_61' title='bbox 1130 2455 1307 2550; x_wconf 72' lang='lat' dir='ltr'><strong>repeterem</strong></span> <span class='ocrx_word' id='word_1_62' title='bbox 1364 2458 1367 2468; x_wconf 85' lang='grc'><em>“</em></span> 
     </span>
     <span class='ocr_line' id='line_1_11' title="bbox 37 2551 1305 2640; baseline 0.007 -30"><span class='ocrx_word' id='word_1_63' title='bbox 37 2591 38 2640; x_wconf 66' lang='lat'>3</span> <span class='ocrx_word' id='word_1_64' title='bbox 122 2568 176 2613; x_wconf 91' lang='lat' dir='ltr'><strong>non</strong></span> <span class='ocrx_word' id='word_1_65' title='bbox 197 2551 351 2618; x_wconf 75' lang='lat' dir='ltr'><strong>malevoli</strong></span> <span class='ocrx_word' id='word_1_66' title='bbox 373 2553 505 2639; x_wconf 89' lang='lat' dir='ltr'><strong>qnidam</strong></span> <span class='ocrx_word' id='word_1_67' title='bbox 528 2557 563 2620; x_wconf 91' lang='lat' dir='ltr'><strong>in</strong></span> <span class='ocrx_word' id='word_1_68' title='bbox 585 2552 757 2621; x_wconf 79' lang='lat' dir='ltr'><strong>Germania</strong></span> <span class='ocrx_word' id='word_1_69' title='bbox 778 2558 965 2640; x_wconf 82' lang='lat' dir='ltr'><strong>praesertim</strong></span> <span class='ocrx_word' id='word_1_70' title='bbox 984 2555 1106 2622; x_wconf 87' lang='lat' dir='ltr'><strong>iudices</strong></span> <span class='ocrx_word' id='word_1_71' title='bbox 1125 2575 1178 2620; x_wconf 94' lang='lat' dir='ltr'><strong>me</strong></span> <span class='ocrx_word' id='word_1_72' title='bbox 1196 2553 1305 2620; x_wconf 89' lang='lat' dir='ltr'><strong>cohor·</strong></span> 
     </span>
     <span class='ocr_line' id='line_1_12' title="bbox 37 2659 1306 2748; baseline 0.005 -29"><span class='ocrx_word' id='word_1_73' title='bbox 37 2669 38 2692; x_wconf 72' lang='lat'>³</span> <span class='ocrx_word' id='word_1_74' title='bbox 120 2659 176 2720; x_wconf 89' lang='lat' dir='ltr'><strong>tati</strong></span> <span class='ocrx_word' id='word_1_75' title='bbox 202 2666 295 2735; x_wconf 89' lang='lat' dir='ltr'><strong>sunt,</strong></span> <span class='ocrx_word' id='word_1_76' title='bbox 329 2679 365 2724; x_wconf 89' lang='lat' dir='ltr'><strong>ea</strong></span> <span class='ocrx_word' id='word_1_77' title='bbox 396 2674 468 2746; x_wconf 84' lang='lat' dir='ltr'><strong>poet</strong></span> <span class='ocrx_word' id='word_1_78' title='bbox 498 2661 659 2726; x_wconf 89' lang='lat' dir='ltr'><strong>decimum</strong></span> <span class='ocrx_word' id='word_1_79' title='bbox 691 2660 823 2727; x_wconf 91' lang='lat' dir='ltr'><strong>demum</strong></span> <span class='ocrx_word' id='word_1_80' title='bbox 847 2681 967 2727; x_wconf 80' lang='lat' dir='ltr'><strong>annum</strong></span> <span class='ocrx_word' id='word_1_81' title='bbox 990 2659 1161 2748; x_wconf 90' lang='lat' dir='ltr'><strong>eliquando</strong></span> <span class='ocrx_word' id='word_1_82' title='bbox 1183 2680 1306 2726; x_wconf 89' lang='lat' dir='ltr'><strong>resum-</strong></span> 
     </span>
     <span class='ocr_line' id='line_1_13' title="bbox 120 2763 1304 2842; baseline 0.006 -17"><span class='ocrx_word' id='word_1_83' title='bbox 120 2763 224 2840; x_wconf 84' lang='lat' dir='ltr'><strong>serim,</strong></span> <span class='ocrx_word' id='word_1_84' title='bbox 247 2785 305 2831; x_wconf 89' lang='lat' dir='ltr'><strong>nee</strong></span> <span class='ocrx_word' id='word_1_85' title='bbox 324 2785 434 2832; x_wconf 86' lang='lat' dir='ltr'><strong>meum</strong></span> <span class='ocrx_word' id='word_1_86' title='bbox 455 2773 504 2832; x_wconf 84' lang='lat' dir='ltr'><strong>eet</strong></span> <span class='ocrx_word' id='word_1_87' title='bbox 522 2787 664 2842; x_wconf 76' lang='lat' dir='ltr'><strong>narrare,</strong></span> <span class='ocrx_word' id='word_1_88' title='bbox 686 2789 744 2832; x_wconf 89' lang='lat' dir='ltr'><strong>nec</strong></span> <span class='ocrx_word' id='word_1_89' title='bbox 761 2766 889 2833; x_wconf 87' lang='lat' dir='ltr'><strong>lectoris</strong></span> <span class='ocrx_word' id='word_1_90' title='bbox 907 2767 1039 2833; x_wconf 81' lang='lat' dir='ltr'><strong>fortasse</strong></span> <span class='ocrx_word' id='word_1_91' title='bbox 1058 2770 1139 2834; x_wconf 86' lang='lat' dir='ltr'><strong>scire</strong></span> <span class='ocrx_word' id='word_1_92' title='bbox 1150 2766 1304 2834; x_wconf 83' lang='lat' dir='ltr'><strong>intererit.</strong></span> 
     </span>
     <span class='ocr_line' id='line_1_14' title="bbox 37 2865 1306 2960; baseline 0.009 -31"><span class='ocrx_word' id='word_1_93' title='bbox 37 2893 38 2906; x_wconf 47' lang='grc' dir='ltr'>ι</span> <span class='ocrx_word' id='word_1_94' title='bbox 124 2865 200 2932; x_wconf 90' lang='lat' dir='ltr'><strong>Utut</strong></span> <span class='ocrx_word' id='word_1_95' title='bbox 230 2877 297 2948; x_wconf 59' lang='lat' dir='ltr'><strong>aaa·</strong></span> <span class='ocrx_word' id='word_1_96' title='bbox 325 2871 430 2938; x_wconf 89' lang='lat' dir='ltr'><strong>laetus</strong></span> <span class='ocrx_word' id='word_1_97' title='bbox 459 2872 588 2940; x_wconf 89' lang='lat' dir='ltr'><strong>tandem</strong></span> <span class='ocrx_word' id='word_1_98' title='bbox 620 2877 816 2940; x_wconf 78' lang='lat' dir='ltr'><strong>occasionem</strong></span> <span class='ocrx_word' id='word_1_99' title='bbox 846 2873 1013 2959; x_wconf 85' lang='lat' dir='ltr'><strong>amplexus</strong></span> <span class='ocrx_word' id='word_1_100' title='bbox 1035 2895 1109 2939; x_wconf 88' lang='lat' dir='ltr'><strong>eum</strong></span> <span class='ocrx_word' id='word_1_101' title='bbox 1132 2893 1169 2939; x_wconf 89' lang='lat' dir='ltr'><strong>ea</strong></span> <span class='ocrx_word' id='word_1_102' title='bbox 1192 2893 1306 2960; x_wconf 83' lang='lat' dir='ltr'><strong>enpro-</strong></span> 
     </span>
     <span class='ocr_line' id='line_1_15' title="bbox 37 2975 1306 3066; baseline 0.008 -29"><span class='ocrx_word' id='word_1_103' title='bbox 37 3017 39 3066; x_wconf 41' lang='grc' dir='ltr'>Ε</span> <span class='ocrx_word' id='word_1_104' title='bbox 119 2975 238 3054; x_wconf 86' lang='lat' dir='ltr'><strong>mendi,</strong></span> <span class='ocrx_word' id='word_1_105' title='bbox 264 2999 345 3063; x_wconf 90' lang='lat' dir='ltr'><strong>quae</strong></span> <span class='ocrx_word' id='word_1_106' title='bbox 369 3001 424 3066; x_wconf 90' lang='lat' dir='ltr'><strong>per</strong></span> <span class='ocrx_word' id='word_1_107' title='bbox 447 2979 568 3046; x_wconf 83' lang='lat' dir='ltr'><strong>multoe</strong></span> <span class='ocrx_word' id='word_1_108' title='bbox 591 2999 688 3046; x_wconf 88' lang='lat' dir='ltr'><strong>ennos</strong></span> <span class='ocrx_word' id='word_1_109' title='bbox 711 2981 798 3045; x_wconf 89' lang='lat' dir='ltr'><strong>horis</strong></span> <span class='ocrx_word' id='word_1_110' title='bbox 821 2979 1012 3065; x_wconf 80' lang='lat' dir='ltr'><strong>subsecivis,</strong></span> <span class='ocrx_word' id='word_1_111' title='bbox 1037 3000 1118 3066; x_wconf 93' lang='lat' dir='ltr'><strong>quae</strong></span> <span class='ocrx_word' id='word_1_112' title='bbox 1143 2993 1249 3048; x_wconf 84' lang='lat' dir='ltr'><strong>temen</strong></span> <span class='ocrx_word' id='word_1_113' title='bbox 1272 2988 1306 3047; x_wconf 92' lang='lat' dir='ltr'><strong>et</strong></span> 
     </span>
     <span class='ocr_line' id='line_1_16' title="bbox 119 3077 1305 3174; baseline 0.007 -29"><span class='ocrx_word' id='word_1_114' title='bbox 119 3077 246 3148; x_wconf 76' lang='lat' dir='ltr'><strong>eliorum</strong></span> <span class='ocrx_word' id='word_1_115' title='bbox 272 3093 306 3149; x_wconf 91' lang='lat' dir='ltr'><strong>et</strong></span> <span class='ocrx_word' id='word_1_116' title='bbox 330 3105 402 3151; x_wconf 88' lang='lat' dir='ltr'><strong>mea</strong></span> <span class='ocrx_word' id='word_1_117' title='bbox 425 3089 641 3172; x_wconf 78' lang='lat' dir='ltr'><strong>expectatione</strong></span> <span class='ocrx_word' id='word_1_118' title='bbox 665 3089 829 3172; x_wconf 79' lang='lat' dir='ltr'><strong>pauciores</strong></span> <span class='ocrx_word' id='word_1_119' title='bbox 851 3093 958 3171; x_wconf 88' lang='lat' dir='ltr'><strong>erant,</strong></span> <span class='ocrx_word' id='word_1_120' title='bbox 982 3091 1021 3153; x_wconf 86' lang='lat' dir='ltr'><strong>ad</strong></span> <span class='ocrx_word' id='word_1_121' title='bbox 1044 3085 1181 3154; x_wconf 86' lang='lat' dir='ltr'><strong>Homeri</strong></span> <span class='ocrx_word' id='word_1_122' title='bbox 1202 3085 1305 3174; x_wconf 84' lang='lat' dir='ltr'><strong>Odys·</strong></span> 
     </span>
     <span class='ocr_line' id='line_1_17' title="bbox 124 3191 1306 3279; baseline 0.008 -29"><span class='ocrx_word' id='word_1_123' title='bbox 124 3203 194 3252; x_wconf 83' lang='lat' dir='ltr'><strong>seam</strong></span> <span class='ocrx_word' id='word_1_124' title='bbox 226 3191 361 3276; x_wconf 88' lang='lat' dir='ltr'><strong>eiusque</strong></span> <span class='ocrx_word' id='word_1_125' title='bbox 391 3191 584 3258; x_wconf 74' lang='lat' dir='ltr'><strong>scholiastes</strong></span> <span class='ocrx_word' id='word_1_126' title='bbox 615 3192 821 3259; x_wconf 78' lang='lat' dir='ltr'><strong>illustrandos</strong></span> <span class='ocrx_word' id='word_1_127' title='bbox 855 3191 1136 3279; x_wconf 78' lang='lat' dir='ltr'><strong>emendandosque¹</strong></span> <span class='ocrx_word' id='word_1_128' title='bbox 1152 3194 1236 3259; x_wconf 89' lang='lat' dir='ltr'><strong>mihi</strong></span> <span class='ocrx_word' id='word_1_129' title='bbox 1259 3214 1306 3259; x_wconf 81' lang='lat' dir='ltr'><strong>re</strong></span> 
     </span>
     <span class='ocr_line' id='line_1_18' title="bbox 126 3297 1306 3387; baseline 0.001 -23"><span class='ocrx_word' id='word_1_130' title='bbox 126 3299 225 3374; x_wconf 75' lang='lat' dir='ltr'><strong>perisse</strong></span> <span class='ocrx_word' id='word_1_131' title='bbox 245 3297 390 3364; x_wconf 80' lang='lat' dir='ltr'><strong>videbar.</strong></span> <span class='ocrx_word' id='word_1_132' title='bbox 416 3299 744 3387; x_wconf 74' lang='lat' dir='ltr'><strong>Atquealiquamdiu·</strong></span> <span class='ocrx_word' id='word_1_133' title='bbox 758 3301 856 3364; x_wconf 88' lang='lat' dir='ltr'><strong>etiam</strong></span> <span class='ocrx_word' id='word_1_134' title='bbox 883 3320 972 3385; x_wconf 86' lang='lat' dir='ltr'><strong>spem</strong></span> <span class='ocrx_word' id='word_1_135' title='bbox 997 3299 1155 3378; x_wconf 81' lang='lat' dir='ltr'><strong>foveram,</strong></span> <span class='ocrx_word' id='word_1_136' title='bbox 1180 3299 1247 3366; x_wconf 85' lang='lat' dir='ltr'><strong>iore</strong></span> <span class='ocrx_word' id='word_1_137' title='bbox 1268 3305 1306 3366; x_wconf 92' lang='lat' dir='ltr'><strong>ut</strong></span> 
     </span>
     <span class='ocr_line' id='line_1_19' title="bbox 122 3403 1304 3473; baseline 0.008 -10"><span class='ocrx_word' id='word_1_138' title='bbox 122 3419 222 3470; x_wconf 75' lang='lat' dir='ltr'><strong>noram</strong></span> <span class='ocrx_word' id='word_1_139' title='bbox 247 3405 368 3470; x_wconf 85' lang='lat' dir='ltr'><strong>horum</strong></span> <span class='ocrx_word' id='word_1_140' title='bbox 391 3403 591 3472; x_wconf 85' lang='lat' dir='ltr'><strong>Scholiorum</strong></span> <span class='ocrx_word' id='word_1_141' title='bbox 615 3406 788 3472; x_wconf 86' lang='lat' dir='ltr'><strong>editionem</strong></span> <span class='ocrx_word' id='word_1_142' title='bbox 812 3409 845 3470; x_wconf 93' lang='lat' dir='ltr'><strong>in</strong></span> <span class='ocrx_word' id='word_1_143' title='bbox 870 3405 975 3472; x_wconf 90' lang='lat' dir='ltr'><strong>lucem</strong></span> <span class='ocrx_word' id='word_1_144' title='bbox 1000 3407 1092 3473; x_wconf 90' lang='lat' dir='ltr'><strong>edere</strong></span> <span class='ocrx_word' id='word_1_145' title='bbox 1114 3406 1197 3472; x_wconf 90' lang='lat' dir='ltr'><strong>mihi</strong></span> <span class='ocrx_word' id='word_1_146' title='bbox 1216 3405 1304 3473; x_wconf 83' lang='lat' dir='ltr'><strong>dure-</strong></span> 
     </span>
     <span class='ocr_line' id='line_1_20' title="bbox 122 3509 1388 3600; baseline 0.009 -31"><span class='ocrx_word' id='word_1_147' title='bbox 122 3516 173 3572; x_wconf 86' lang='lat' dir='ltr'><strong>tur.</strong></span> <span class='ocrx_word' id='word_1_148' title='bbox 218 3509 358 3593; x_wconf 81' lang='lat' dir='ltr'><strong>Qualem</strong></span> <span class='ocrx_word' id='word_1_149' title='bbox 390 3511 560 3580; x_wconf 87' lang='lat' dir='ltr'><strong>editionem</strong></span> <span class='ocrx_word' id='word_1_150' title='bbox 592 3520 663 3600; x_wconf 87' lang='lat' dir='ltr'><strong>post</strong></span> <span class='ocrx_word' id='word_1_151' title='bbox 693 3513 779 3587; x_wconf 83' lang='lat' dir='ltr'><strong>Mei,</strong></span> <span class='ocrx_word' id='word_1_152' title='bbox 811 3511 1019 3598; x_wconf 86' lang='lat' dir='ltr'><strong>Buttmanni,</strong></span> <span class='ocrx_word' id='word_1_153' title='bbox 1048 3511 1223 3592; x_wconf 83' lang='lat' dir='ltr'><strong>Dindorfii‚</strong></span> <span class='ocrx_word' id='word_1_154' title='bbox 1248 3533 1302 3580; x_wconf 83' lang='lat' dir='ltr'><strong>vv.</strong></span> <span class='ocrx_word' id='word_1_155' title='bbox 1383 3526 1388 3536; x_wconf 90' lang='lat'>&#39;</span> 
     </span>
     <span class='ocr_line' id='line_1_21' title="bbox 120 3611 1303 3697; baseline 0.007 -19"><span class='ocrx_word' id='word_1_156' title='bbox 120 3611 165 3680; x_wconf 88' lang='lat' dir='ltr'><strong>cll.</strong></span> <span class='ocrx_word' id='word_1_157' title='bbox 192 3639 288 3684; x_wconf 85' lang='lat' dir='ltr'><strong>cures</strong></span> <span class='ocrx_word' id='word_1_158' title='bbox 319 3620 501 3684; x_wconf 83' lang='lat' dir='ltr'><strong>etiamnunc</strong></span> <span class='ocrx_word' id='word_1_159' title='bbox 532 3639 594 3685; x_wconf 92' lang='lat' dir='ltr'><strong>non</strong></span> <span class='ocrx_word' id='word_1_160' title='bbox 625 3621 772 3685; x_wconf 90' lang='lat' dir='ltr'><strong>inutilem</strong></span> <span class='ocrx_word' id='word_1_161' title='bbox 803 3611 887 3697; x_wconf 83' lang='lat' dir='ltr'><strong>fore,</strong></span> <span class='ocrx_word' id='word_1_162' title='bbox 918 3629 951 3685; x_wconf 86' lang='lat' dir='ltr'><strong>et</strong></span> <span class='ocrx_word' id='word_1_163' title='bbox 973 3639 992 3685; x_wconf 84' lang='lat' dir='ltr'><strong>u</strong></span> <span class='ocrx_word' id='word_1_164' title='bbox 1014 3640 1068 3686; x_wconf 90' lang='lat' dir='ltr'><strong>me</strong></span> <span class='ocrx_word' id='word_1_165' title='bbox 1091 3626 1184 3686; x_wconf 85' lang='lat' dir='ltr'><strong>antea</strong></span> <span class='ocrx_word' id='word_1_166' title='bbox 1207 3625 1240 3686; x_wconf 91' lang='lat' dir='ltr'><strong>et</strong></span> <span class='ocrx_word' id='word_1_167' title='bbox 1263 3619 1303 3686; x_wconf 90' lang='lat' dir='ltr'><strong>ab</strong></span> 
     </span>
     <span class='ocr_line' id='line_1_22' title="bbox 120 3717 1304 3812; baseline 0.004 -26"><span class='ocrx_word' id='word_1_168' title='bbox 120 3717 183 3788; x_wconf 79' lang='lat' dir='ltr'><strong>aliis</strong></span> <span class='ocrx_word' id='word_1_169' title='bbox 212 3727 342 3808; x_wconf 87' lang='lat' dir='ltr'><strong>saepius</strong></span> <span class='ocrx_word' id='word_1_170' title='bbox 373 3723 589 3812; x_wconf 79' lang='lat' dir='ltr'><strong>significatum</strong></span> <span class='ocrx_word' id='word_1_171' title='bbox 620 3731 679 3792; x_wconf 86' lang='lat' dir='ltr'><strong>est.</strong></span> <span class='ocrx_word' id='word_1_172' title='bbox 714 3725 808 3792; x_wconf 88' lang='lat' dir='ltr'><strong>Nune</strong></span> <span class='ocrx_word' id='word_1_173' title='bbox 838 3732 947 3792; x_wconf 88' lang='lat' dir='ltr'><strong>autem</strong></span> <span class='ocrx_word' id='word_1_174' title='bbox 968 3729 1083 3792; x_wconf 82' lang='lat' dir='ltr'><strong>certior</strong></span> <span class='ocrx_word' id='word_1_175' title='bbox 1104 3726 1225 3802; x_wconf 84' lang='lat' dir='ltr'><strong>fectus,</strong></span> <span class='ocrx_word' id='word_1_176' title='bbox 1249 3743 1304 3791; x_wconf 94' lang='lat' dir='ltr'><strong>no·</strong></span> 
     </span>
     <span class='ocr_line' id='line_1_23' title="bbox 122 3831 1302 3918; baseline 0.006 -28"><span class='ocrx_word' id='word_1_177' title='bbox 122 3845 186 3894; x_wconf 83' lang='lat' dir='ltr'><strong>vam</strong></span> <span class='ocrx_word' id='word_1_178' title='bbox 206 3852 317 3897; x_wconf 87' lang='lat' dir='ltr'><strong>eorum</strong></span> <span class='ocrx_word' id='word_1_179' title='bbox 342 3831 514 3898; x_wconf 87' lang='lat' dir='ltr'><strong>editionem</strong></span> <span class='ocrx_word' id='word_1_180' title='bbox 539 3833 578 3899; x_wconf 84' lang='lat' dir='ltr'><strong>eb</strong></span> <span class='ocrx_word' id='word_1_181' title='bbox 595 3831 635 3897; x_wconf 79' lang='lat' dir='ltr'><strong>A.</strong></span> <span class='ocrx_word' id='word_1_182' title='bbox 658 3832 864 3916; x_wconf 67' lang='lat' dir='ltr'><strong>liudwidum,</strong></span> <span class='ocrx_word' id='word_1_183' title='bbox 878 3831 953 3898; x_wconf 87' lang='lat' dir='ltr'><strong>Viro</strong></span> <span class='ocrx_word' id='word_1_184' title='bbox 973 3832 1168 3916; x_wconf 87' lang='lat' dir='ltr'><strong>clarissimo,</strong></span> <span class='ocrx_word' id='word_1_185' title='bbox 1187 3833 1302 3918; x_wconf 84' lang='lat' dir='ltr'><strong>parari,</strong></span> 
     </span>
     <span class='ocr_line' id='line_1_24' title="bbox 120 3934 1303 4027; baseline 0.006 -30"><span class='ocrx_word' id='word_1_186' title='bbox 120 3934 202 4018; x_wconf 86' lang='lat' dir='ltr'><strong>eique</strong></span> <span class='ocrx_word' id='word_1_187' title='bbox 224 3945 262 4002; x_wconf 92' lang='lat' dir='ltr'><strong>ut</strong></span> <span class='ocrx_word' id='word_1_188' title='bbox 287 3958 358 4003; x_wconf 86' lang='lat' dir='ltr'><strong>eam</strong></span> <span class='ocrx_word' id='word_1_189' title='bbox 381 3939 551 4023; x_wconf 83' lang='lat' dir='ltr'><strong>perpoliret</strong></span> <span class='ocrx_word' id='word_1_190' title='bbox 574 3950 669 4025; x_wconf 79' lang='lat' dir='ltr'><strong>etque</strong></span> <span class='ocrx_word' id='word_1_191' title='bbox 691 3946 823 4027; x_wconf 75' lang='lat' dir='ltr'><strong>augeret</strong></span> <span class='ocrx_word' id='word_1_192' title='bbox 853 3937 1008 4004; x_wconf 85' lang='lat' dir='ltr'><strong>Codicum</strong></span> <span class='ocrx_word' id='word_1_193' title='bbox 1043 3937 1303 4006; x_wconf 83' lang='lat' dir='ltr'><strong>conserendorum</strong></span> 
     </span>
     <span class='ocr_line' id='line_1_25' title="bbox 120 4043 1303 4136; baseline 0.005 -32"><span class='ocrx_word' id='word_1_194' title='bbox 120 4043 234 4124; x_wconf 82' lang='lat' dir='ltr'><strong>copiam</strong></span> <span class='ocrx_word' id='word_1_195' title='bbox 267 4063 354 4128; x_wconf 83' lang='lat' dir='ltr'><strong>esse,</strong></span> <span class='ocrx_word' id='word_1_196' title='bbox 382 4064 464 4130; x_wconf 88' lang='lat' dir='ltr'><strong>qnae</strong></span> <span class='ocrx_word' id='word_1_197' title='bbox 494 4046 574 4110; x_wconf 92' lang='lat' dir='ltr'><strong>mihi</strong></span> <span class='ocrx_word' id='word_1_198' title='bbox 596 4055 713 4136; x_wconf 81' lang='lat' dir='ltr'><strong>negetn</strong></span> <span class='ocrx_word' id='word_1_199' title='bbox 735 4053 800 4130; x_wconf 90' lang='lat' dir='ltr'><strong>est,</strong></span> <span class='ocrx_word' id='word_1_200' title='bbox 823 4065 917 4112; x_wconf 92' lang='lat' dir='ltr'><strong>omne</strong></span> <span class='ocrx_word' id='word_1_201' title='bbox 940 4045 1069 4131; x_wconf 89' lang='lat' dir='ltr'><strong>quidem</strong></span> <span class='ocrx_word' id='word_1_202' title='bbox 1093 4043 1207 4111; x_wconf 89' lang='lat' dir='ltr'><strong>edendi</strong></span> <span class='ocrx_word' id='word_1_203' title='bbox 1230 4065 1303 4110; x_wconf 91' lang='lat' dir='ltr'><strong>oon·</strong></span> 
     </span>
     <span class='ocr_line' id='line_1_26' title="bbox 121 4143 1304 4239; baseline 0.009 -30"><span class='ocrx_word' id='word_1_204' title='bbox 121 4143 222 4212; x_wconf 88' lang='lat' dir='ltr'><strong>silium</strong></span> <span class='ocrx_word' id='word_1_205' title='bbox 246 4151 366 4234; x_wconf 73' lang='lat' dir='ltr'><strong>abieci,</strong></span> <span class='ocrx_word' id='word_1_206' title='bbox 390 4150 446 4218; x_wconf 88' lang='lat' dir='ltr'><strong>sed</strong></span> <span class='ocrx_word' id='word_1_207' title='bbox 469 4155 584 4229; x_wconf 91' lang='lat' dir='ltr'><strong>statui,</strong></span> <span class='ocrx_word' id='word_1_208' title='bbox 610 4174 690 4238; x_wconf 82' lang='lat' dir='ltr'><strong>quea</strong></span> <span class='ocrx_word' id='word_1_209' title='bbox 714 4155 910 4239; x_wconf 77' lang='lat' dir='ltr'><strong>excogitasse</strong></span> <span class='ocrx_word' id='word_1_210' title='bbox 933 4151 1015 4218; x_wconf 93' lang='lat' dir='ltr'><strong>mihi</strong></span> <span class='ocrx_word' id='word_1_211' title='bbox 1040 4154 1129 4218; x_wconf 83' lang='lat' dir='ltr'><strong>visus</strong></span> <span class='ocrx_word' id='word_1_212' title='bbox 1150 4172 1241 4230; x_wconf 85' lang='lat' dir='ltr'><strong>eum,</strong></span> <span class='ocrx_word' id='word_1_213' title='bbox 1266 4173 1304 4220; x_wconf 81' lang='lat' dir='ltr'><strong>ec</strong></span> 
     </span>
     <span class='ocr_line' id='line_1_27' title="bbox 122 4254 1305 4345; baseline 0.009 -31"><span class='ocrx_word' id='word_1_214' title='bbox 122 4258 221 4321; x_wconf 84' lang='lat' dir='ltr'><strong>omnia</strong></span> <span class='ocrx_word' id='word_1_215' title='bbox 250 4258 310 4323; x_wconf 87' lang='lat' dir='ltr'><strong>hoc</strong></span> <span class='ocrx_word' id='word_1_216' title='bbox 340 4257 435 4324; x_wconf 91' lang='lat' dir='ltr'><strong>modo</strong></span> <span class='ocrx_word' id='word_1_217' title='bbox 466 4261 496 4324; x_wconf 89' lang='lat' dir='ltr'><strong>ei</strong></span> <span class='ocrx_word' id='word_1_218' title='bbox 526 4265 677 4345; x_wconf 87' lang='lat' dir='ltr'><strong>tanquam</strong></span> <span class='ocrx_word' id='word_1_219' title='bbox 701 4279 756 4343; x_wconf 85' lang='lat' dir='ltr'><strong>per</strong></span> <span class='ocrx_word' id='word_1_220' title='bbox 778 4255 956 4343; x_wconf 76' lang='lat' dir='ltr'><strong>Epistulam</strong></span> <span class='ocrx_word' id='word_1_221' title='bbox 981 4254 1154 4341; x_wconf 84' lang='lat' dir='ltr'><strong>Criticam,</strong></span> <span class='ocrx_word' id='word_1_222' title='bbox 1182 4264 1305 4324; x_wconf 84' lang='lat' dir='ltr'><strong>veteres</strong></span> 
     </span>
     <span class='ocr_line' id='line_1_28' title="bbox 123 4362 1305 4450; baseline 0.008 -29"><span class='ocrx_word' id='word_1_223' title='bbox 123 4367 239 4427; x_wconf 89' lang='lat' dir='ltr'><strong>nostros</strong></span> <span class='ocrx_word' id='word_1_224' title='bbox 262 4362 371 4430; x_wconf 74' lang='lat' dir='ltr'><strong>herois</strong></span> <span class='ocrx_word' id='word_1_225' title='bbox 395 4364 538 4430; x_wconf 87' lang='lat' dir='ltr'><strong>modeste</strong></span> <span class='ocrx_word' id='word_1_226' title='bbox 561 4373 704 4442; x_wconf 83' lang='lat' dir='ltr'><strong>secutus,</strong></span> <span class='ocrx_word' id='word_1_227' title='bbox 727 4384 917 4450; x_wconf 84' lang='lat' dir='ltr'><strong>proponere,</strong></span> <span class='ocrx_word' id='word_1_228' title='bbox 943 4363 1060 4447; x_wconf 87' lang='lat' dir='ltr'><strong>quibus</strong></span> <span class='ocrx_word' id='word_1_229' title='bbox 1082 4365 1110 4427; x_wconf 88' lang='lat' dir='ltr'><strong>si</strong></span> <span class='ocrx_word' id='word_1_230' title='bbox 1132 4363 1213 4428; x_wconf 85' lang='lat' dir='ltr'><strong>velit</strong></span> <span class='ocrx_word' id='word_1_231' title='bbox 1236 4369 1305 4430; x_wconf 85' lang='lat' dir='ltr'><strong>ute·</strong></span> 
     </span>
     <span class='ocr_line' id='line_1_29' title="bbox 124 4467 1304 4551; baseline 0.005 -23"><span class='ocrx_word' id='word_1_232' title='bbox 124 4467 191 4550; x_wconf 85' lang='lat' dir='ltr'><strong>tur,</strong></span> <span class='ocrx_word' id='word_1_233' title='bbox 222 4467 326 4534; x_wconf 70' lang='lat' dir='ltr'><strong>adana</strong></span> <span class='ocrx_word' id='word_1_234' title='bbox 361 4469 550 4550; x_wconf 70' lang='grc' dir='ltr'><strong>δοκιμάσας,</strong></span> <span class='ocrx_word' id='word_1_235' title='bbox 582 4473 617 4537; x_wconf 79' lang='grc' dir='ltr'><strong>τὸ</strong></span> <span class='ocrx_word' id='word_1_236' title='bbox 650 4471 680 4536; x_wconf 77' lang='lat' dir='ltr'><strong>tt</strong></span> <span class='ocrx_word' id='word_1_237' title='bbox 710 4471 806 4536; x_wconf 73' lang='grc' dir='ltr'><strong><em>καλόν</em></strong></span> <span class='ocrx_word' id='word_1_238' title='bbox 829 4509 872 4522; x_wconf 90' lang='grc'><strong>-</strong></span> <span class='ocrx_word' id='word_1_239' title='bbox 896 4473 925 4536; x_wconf 87' lang='lat' dir='ltr'><strong>si</strong></span> <span class='ocrx_word' id='word_1_240' title='bbox 954 4471 1099 4535; x_wconf 86' lang='lat' dir='ltr'><strong>insit-</strong></span> <span class='ocrx_word' id='word_1_241' title='bbox 1123 4467 1304 4551; x_wconf 72' lang='grc' dir='ltr'><strong><em>κατασχών.</em></strong></span> 
     </span>
    </p>

    <p class='ocr_par' dir='ltr' id='par_1_6' title="bbox 1147 4590 1161 4639">
     <span class='ocr_line' id='line_1_30' title="bbox 1147 4590 1161 4639; baseline 0 0"><span class='ocrx_word' id='word_1_242' title='bbox 1147 4590 1161 4639; x_wconf 87' lang='lat'>1</span> 
     </span>
    </p>
   </div>
   <div class='ocr_carea' id='block_1_6' title="bbox 0 0 1620 5136">
    <p class='ocr_par' dir='ltr' id='par_1_7' title="bbox 0 0 1620 5136">
     <span class='ocr_line' id='line_1_31' title="bbox 0 0 1620 5136; baseline 0 0"><span class='ocrx_word' id='word_1_243' title='bbox 0 0 1620 5136; x_wconf 95' lang='lat' dir='ltr'><strong> </strong></span> 
     </span>
    </p>
   </div>
  </div>
 </body>
</html>
