3232 5136
872 349 916 425 70

298 541 349 611 bis
378 539 544 612 Harleiatli
574 545 730 619 casseoca
757 591 880 612 ......
906 547 1040 629 αἰσχύνη
1062 546 1212 634 praebeat
1233 540 1411 614 videamus.
1456 535 1488 610 Is

298 657 407 718 autem
441 651 537 718 habet
574 651 764 735 ,παιδευθείς
802 654 993 734 αἰσχύνομαι
1029 656 1110 740 aine
1132 651 1275 736 lacuna‘',
1306 649 1424 736 (Praei.
1454 673 1483 737 p.

298 760 425 845 xxxvij)
455 757 539 824 unde
570 778 650 843 quae
677 761 878 844 reposuimus
909 761 1109 828 παιδευθεῖσα
1127 765 1171 827 'et
1193 758 1380 840 αἰσχύνεται
1405 762 1490 824 certo

299 866 417 932 certius
451 863 547 940 liunt,
582 885 654 943 nam
688 863 747 930 hoc
782 887 820 931 ex
852 867 1036 953 compendio
1060 871 1187 933 tantum
1210 865 1295 932 male
1318 886 1337 932 a
1360 864 1490 932 librario

298 969 423 1058 expleto
456 991 640 1057 perversum
675 971 732 1038 est.
778 969 948 1040 Caeterum
983 975 1136 1060 quaeda
1171 975 1337 1058 utriusque
1366 969 1491 1038 Codicis

297 1079 484 1166 cognatione
506 1083 539 1144 et
562 1078 639 1145 olim
662 1084 695 1144 et
716 1098 799 1144 nnnc
823 1082 1023 1158 monuimus,
1047 1101 1084 1146 ea
1103 1081 1232 1168 egregie
1251 1087 1289 1144 ut
1309 1079 1376 1144 dixi
1389 1080 1491 1144 nostri

296 1184 358 1251 loci
392 1191 423 1250 et
458 1184 540 1250 vitio
574 1189 607 1250 et
635 1183 761 1250 medela
791 1183 1028 1272 confirmantur.
1076 1186 1175 1252 lhrant
1205 1189 1273 1252 sine
1296 1185 1394 1252 dnbio
1418 1191 1491 1271 post
1557 1183 1565 1204 '

296 1293 490 1368 σαιδινθεισ,
524 1327 564 1340 -
596 1293 727 1377 antiquo
758 1312 845 1358 more
876 1294 1033 1359 σαιδενθισ
1063 1297 1234 1380 scriptum,
1269 1329 1309 1342 -
1335 1290 1488 1358 nonnulla

297 1418 377 1485 qnae
394 1403 507 1465 neuter
523 1397 673 1464 librarius
691 1398 865 1464 discernere
883 1405 1015 1484 poterat.
1040 1399 1103 1480 Qui
1122 1398 1331 1466 Harlsiannm
1344 1399 1488 1464 exaravit

296 1509 337 1571 iis
372 1525 452 1591 quas
482 1504 630 1590 expedire
659 1506 810 1590 nequibat
839 1508 980 1591 spatium
1010 1527 1148 1572 vacuum
1174 1504 1320 1591 reliquit,
1348 1503 1486 1569 Parisini

296 1612 400 1678 scriba
422 1611 570 1678 lacunam
594 1610 795 1677 dissimulare
816 1611 942 1679 meluit.

345 1851 384 1910 α,
410 1823 487 1889 366.
510 1823 602 1890 Proui
626 1821 799 1908 Penelopes
822 1827 922 1890 forma
945 1823 1154 1910 obstupefacti
1178 1824 1293 1896 τιίντες
1312 1824 1489 1902 δίἰριίσαντο

221 1991 225 1998 .
299 1933 394 2013 caput
427 1929 572 2011 λεχέεσσι
602 1930 759 2005 κλιθῆναι,
790 1931 880 1994 cuius
909 1951 1017 1998 versus
1047 1932 1124 1996 haec
1155 1936 1204 1996 est
1233 1929 1432 2016 paraphrasis
1456 1931 1491 1994 in

299 2040 326 2104 B
358 2038 518 2127 (Ambroe.
550 2034 625 2120 99):
657 2035 721 2112 ι’ίτοι
748 2036 854 2114 μετὰ
885 2042 1112 2112 ratresei
1137 2040 1313 2112 κοιμηθῆναι
1339 2035 1491 2114 ηύξαντο,

299 2148 363 2211 ἐπεὶ
408 2145 590 2220 ἐθαύμασαν
633 2144 729 2217 αύτίην
773 2141 896 2214 ἰδίντες.
942 2141 987 2208 Ut
1020 2145 1097 2210 haee
1132 2142 1253 2229 aliquid
1288 2140 1490 2232 significent,

252 2249 254 2254 ’
299 2257 405 2342 priora
435 2253 481 2317 aio
510 2256 584 2316 sunt
607 2247 788 2316 scribenda:
813 2248 876 2324 ἥκοι
901 2250 986 2329 μετίι
1009 2249 1164 2326 ταύτης
1190 2253 1259 2334 [τοῦ
1282 2250 1360 2334 del]
1384 2271 1490 2326 κοιμη·

299 2360 385 2436 θῆναι
410 2357 551 2436 ηύξαντο.

344 2596 383 2649 α,
408 2569 485 2638 874.
509 2567 719 2633 Telemachus
740 2531 844 2653 procis
865 2570 966 2632 iratus
988 2570 1129 2634 intonat:

481 2725 482 2730 ι
565 2673 601 2740 ἵν’
628 2673 699 2751 ύμῖν
721 2675 813 2750 μῦθον
837 2675 1021 2752 αἰτηλεγέιις
1047 2675 1204 2754 ιίτοείιτιι,

480 2779 589 2857 ἐξιέναι
614 2779 775 2861 μεγάρων·
799 2779 905 2851 ιίλλας
928 2779 956 2844 θ’
981 2779 1154 2858 ἀλεγύνετε
1178 2781 1305 2856 δαῖτας,

300 2900 333 2958 et
368 2910 448 2975 qnae
481 2891 674 2972 sequuntur,
708 2906 787 2971 qnae
818 2890 986 2954 minaciter
1007 2890 1055 2951 itu
1078 2887 1255 2954 concludit:
1281 2887 1412 2962 νητσινσί
1435 2913 1490 2953 κεν
1610 2887 1611 2894 ’

298 2997 408 3063 ἔπειτα
437 2994 534 3072 δύμον
565 2993 699 3057 ἔντοσθεν
730 2991 854 3058 ύλοισθε.
895 2991 1082 3072 Quaesitum
1107 3001 1155 3059 est
1178 3016 1253 3070 cur,
1279 3014 1353 3059 cum
1378 3001 1489 3062 tamen

239 3135 241 3140 ¹
299 3102 509 3172 Telemachus
548 3119 715 3185 procorum
748 3097 943 3183 petulantiae
985 3099 1135 3164 obsistere
1160 3107 1330 3188 nequeat,
1373 3103 1490 3166 intem·

296 3213 418 3297 pestive
451 3203 710 3294 indignabundus
734 3213 798 3269 tam
824 3204 933 3270 acerbe
956 3207 990 3269 in
1013 3225 1066 3270 ecs
1090 3207 1269 3272 invehatur.
1316 3205 1354 3272 Id
1379 3213 1488 3273 sutem

297 3313 482 3382 Scholiastis
513 3312 584 3377 ideo
607 3310 727 3375 factum
753 3329 819 3376 esse
842 3309 985 3375 videtur:
1012 3311 1169 3390 προλέγων
1193 3311 1345 3386 νιολλοίκις
1370 3317 1490 3380 deauc-
1609 3295 1610 3321 ί

298 3423 430 3496 λθγητον
453 3419 557 3489 αὐτοῖς
575 3417 741 3496 παρίστησι
762 3417 816 3490 stc
840 3419 1047 3496 κατηγορίαν,
1073 3421 1120 3494 εἰς
1140 3421 1207 3485 καί
1229 3423 1275 3500 τῷ
1294 3423 1489 3502 Αἰγίσθῳ.

297 3527 339 3630 (hl
359 3527 411 3608 Q).
457 3530 501 3590 At
530 3522 758 3589 Telemachum
788 3525 872 3587 inter
902 3531 935 3586 et
966 3524 1159 3612 Aegisthum
1192 3526 1283 3592 nulls
1317 3531 1488 3594 necessitas

296 3639 447 3703 iuteresse
487 3638 631 3718 poterat,
673 3635 710 3693 nt
752 3627 832 3693 alter
866 3627 1003 3694 alterum
1038 3633 1329 3699 commonefaceret.
1377 3635 1488 3721 Itaque
1608 3669 1609 3704 ι

296 3763 390 3808 censu
424 3757 512 3804 cassa
545 3736 623 3802 haec
646 3741 755 3808 erunt.
780 3733 877 3800 donec
900 3738 932 3798 in
955 3735 1014 3802 tine
1038 3737 1101 3804 duo
1124 3739 1220 3805 verbs
1244 3739 1416 3806 addantur:
1441 3745 1487 3815 ύς

300 3849 366 3916 καί
390 3847 441 3927 τῷ
468 3844 646 3922 Αἰγίσθῳ
670 3842 697 3926 (θ
722 3841 848 3927 Ζεύς.)
881 3843 1030 3926 Spectant
1052 3847 1137 3910 enim
1162 3844 1246 3912 lovis
1269 3846 1307 3913 de
1331 3849 1489 3937 Aegistho

298 3957 396 4024 verba
430 3956 464 4018 in
498 3950 631 4016 concilio
665 3950 813 4016 deorum:
847 3948 912 4013 ἐτεί
946 3950 1018 4029 cpi
1048 3953 1074 4016 οἰ
1107 3951 1289 4037 (Aegistho)
1316 3953 1489 4033 εἰτσμεν

300 4066 407 4142 ἡμεῖς,
434 4063 452 4144 ΙΙ
478 4057 624 4138 Ἑρμείαν
646 4055 831 4136 πέμψαντες
857 4055 1001 4120 ἐΰσκοπον
1026 4055 1271 4140 ἈργείΦθντην,
1294 4066 1311 4139 ΙΙ
1333 4060 1411 4136 μήτ’
1434 4066 1489 4128 αὖ.

299 4173 351 4236 τὸν
381 4167 507 4234 κτείνειν
536 4167 618 4242 μήτε
647 4163 806 4240 μνοίασθαι
835 4162 961 4228 θιιοισιν.
993 4165 1046 4248 (α,
1072 4163 1114 4232 37
1145 4165 1244 4252 seqq.)
1291 4163 1358 4232 Nec
1388 4169 1488 4235 semel

300 4279 361 4344 hoc
382 4279 514 4343 factum.
548 4271 668 4336 Eodem
691 4267 786 4335 modo
809 4269 847 4334 ad
866 4271 899 4350 β,
927 4270 1011 4336 215:
1036 4271 1137 4338 νθστον
1162 4270 1347 4350 κενούμενος
1371 4277 1486 4356 πατρὸς

301 4383 353 4459 δην
383 4379 551 4463 οἰχομένοιο
575 4380 609 4441 in
632 4374 699 4441 solo
721 4376 866 4442 Parisino
888 4375 911 4442 S
935 4385 999 4443 est:
1024 4381 1078 4454 νίιν
1103 4379 1296 4463 ὑποστροφὴν
1319 4383 1487 4462 ιίνιονσθμε·

301 4512 347 4563 νος
381 4487 572 4568 τοῦπατρὸς
596 4487 649 4548 τοῦ
674 4483 724 4547 ε’τί
748 4483 845 4550 τολὺν
868 4481 992 4564 χρθνον,
1016 4484 1055 4550 ad
1079 4507 1159 4570 qnae
1182 4486 1363 4556 Dindorfius
1387 4497 1485 4558 recte:
