3232 5136
695 336 738 408 tt

136 527 172 594 de
202 529 362 598 Bodleiano
393 552 504 596 eornm
534 528 650 596 Codice
675 531 730 612 (O)
763 528 944 596 Diodorfius
967 530 1027 596 hoo
1051 529 1120 595 Iooo
1143 531 1241 605 tacet,
1270 563 1311 578 «-

134 636 186 700 sed
212 640 320 703 iamin
344 639 483 704 editione
505 658 567 703 non
592 637 734 703 multum
758 638 928 703 recentiore
954 637 1187 724 (Argentorati,
1213 633 1312 718 1539)

134 744 166 806 in
208 744 316 824 ε’φιιίνει
356 745 577 830 depravatum.
624 743 767 810 Solennis
802 742 880 808 haec
915 742 1057 808 confusio
1092 748 1157 815 est,
1194 743 1313 807 iterum

133 853 289 916 commissa
306 851 343 916 sd
358 875 395 928 α,
420 849 495 927 334,
516 850 557 915 ad
572 870 667 935 quem
681 870 809 915 versum
822 852 855 914 in
866 848 983 929 EQDII
996 855 1181 934 excerptum
1192 846 1314 936 legitur

133 975 170 1017 er
192 955 289 1041 ampla
310 955 531 1042 Porphyriane
555 957 715 1034 doctriua,
740 977 820 1041 quas
843 958 876 1020 in
900 955 1159 1021 antecedentibus
1187 955 1315 1042 integre

133 1064 262 1146 apposita
294 1067 353 1127 est.
400 1062 514 1127 Edibur
545 1069 653 1127 autem
685 1063 723 1127 ad
754 1087 798 1139 α,
826 1061 909 1127 334:
934 1061 969 1125 τὸ
994 1061 1024 1126 δέ
1048 1059 1129 1124 αίνπα
1157 1061 1311 1141 παρειοίοιν

132 1168 163 1232 οὔ
193 1167 349 1249 πιίριργον
373 1168 571 1252 (περίεργον
594 1191 706 1234 verum
730 1191 797 1235 esse
821 1175 929 1254 postea
953 1167 1234 1250 demonstrabitur)
1260 1169 1311 1232 οὐ·

132 1275 161 1338 δέ
196 1275 392 1356 έσερορρεπές·
429 1277 519 1341 οὶλλοὶ
555 1276 609 1355 πρὸ
645 1283 703 1341 τῶν
738 1283 865 1356 παρειῶν
901 1281 1136 1358 παρασχοῦσα,
1171 1273 1312 1338 τουτέστι

133 1381 388 1463 προκαλνψαμένη
409 1383 450 1462 τῷ
475 1383 663 1461 καλύμματι
688 1387 740 1447 τοῦ
765 1384 934 1466 προσώπου,
954 1385 1048 1464 φησίν
1067 1383 1080 1446 c‘
1102 1385 1244 1458 ποιητής,
1260 1381 1312 1444 καί

132 1489 185 1567 πρὸ
206 1495 258 1553 τῶν
278 1490 379 1567 λέγειν
400 1490 468 1574 (την
486 1489 557 1554 add.
579 1488 625 1574 Η)
647 1489 840 1568 σωφροσύνην
861 1492 957 1564 αὐτῆς
983 1489 1161 1566 ἐκφαίνειν.
1209 1487 1314 1553 Immo

133 1613 217 1660 vero:
251 1597 440 1679 ἐμφαίνων,
471 1603 508 1660 ut
540 1602 587 1662 est
618 1599 651 1660 in
681 1595 729 1680 D,
761 1617 817 1661 nec
850 1595 990 1660 multum
1024 1594 1116 1660 aliter
1148 1597 1182 1660 in
1205 1593 1239 1659 H
1259 1596 1315 1679 qui

131 1705 231 1766 minus
253 1709 335 1768 recte
360 1702 539 1780 ἐμφανίσας
564 1703 628 1768 dat.
653 1701 720 1768 Nec
744 1703 937 1766 contrarium
962 1700 1108 1780 exemplo
1132 1721 1190 1766 suo
1218 1712 1313 1765 curet.

132 1807 179 1872 Ad
200 1832 238 1880 α,
265 1806 345 1874 186:
371 1807 506 1890 διαφέρει
533 1810 661 1888 Νήριτον
686 1809 738 1873 καὶ
764 1812 877 1885 Nestor,
903 1844 922 1857 -
937 1844 991 1858 --
1014 1805 1087 1887 ὅπερ
1110 1807 1260 1886 κοίίυγρον
1284 1805 1315 1871 ὃν

129 1915 167 1984 είς
198 1914 247 1979 τὸν
278 1915 473 1990 ὑποκείμενον
498 1915 610 1992 λιμένα
636 1923 781 1980 πλεῖστον
805 1921 905 1994 ρεῦμα
928 1914 1131 1992 ἐνδίδωσι,
1158 1914 1212 1980 sed
1236 1913 1313 1979 Din-

129 2019 256 2086 dortium
270 2026 632 2105 sequamurnotantern:
649 2020 871 2105 „scribendum
892 2020 1075 2086 ἒκδίδυσι
1100 2021 1314 2108 (castenetto)

128 2147 163 2191 ex
192 2125 337 2192 D⁸.Db.’'
369 2126 484 2212 (Praei.
510 2149 540 2212 p.
564 2127 679 2214 τακῇ).
727 2125 797 2194 Hoc
822 2148 932 2192 verum
958 2133 1016 2192 est.
1042 2129 1099 2212 (Τί
1126 2129 1231 2212 Νιίιίν)
1258 2129 1313 2194 κοί-

128 2235 226 2313 ίυγρον
248 2233 278 2300 ὃν
303 2235 345 2306 είς
369 2234 421 2298 τὸν
445 2235 639 2310 ὑποκείμενον
656 2234 768 2308 λιμένα
791 2242 935 2298 πλεῖστον
956 2236 1055 2312 ῥεῦμα
1080 2234 1310 2315 ἐκδίδωσιν,

128 2335 187 2404 ὅθεν
219 2341 282 2405 οίπδ
317 2345 370 2404 τοῦ
407 2337 643 2419 συμβεβηκότος
679 2341 804 2418 Ῥείίρον
840 2340 1062 2418 προσηγόρευσε
1098 2340 1148 2404 τὸν
1180 2340 1312 2420 λιμένα,

128 2467 201 2532 quae
232 2447 315 2512 mihi
346 2448 452 2534 magis
482 2446 672 2533 Porphyrii,
700 2465 799 2531 quom
829 2444 1007 2510 Aristarchi
1031 2446 1156 2512 dicendi
1181 2448 1313 2513 modum

129 2553 239 2620 referre
262 2552 422 2618 videntur.

166 2765 225 2832 &d
248 2787 367 2852 porum
390 2771 506 2851 putum
525 2765 741 2852 Porphyrium
763 2766 917 2831 habemus
935 2768 970 2830 in
988 2767 1093 2841 hisce,
1117 2766 1156 2832 ad
1178 2789 1217 2844 α,
1237 2763 1313 2832 255.

127 2874 175 2938 Τὰ
202 2871 260 2948 έπη
286 2877 393 2938 ταῦτα
414 2868 513 2937 ὅντινα
537 2871 606 2953 ἔχει
630 2870 723 2949 λόγον
746 2873 909 2953 ζητοῦμεν,
935 2871 970 2937 τὸ
997 2873 1044 2948 ,εί
1068 2871 1131 2951 γὰρ
1155 2877 1204 2936 νῦν
1224 2873 1316 2936 tator

127 2979 213 3056 δι’μου
244 2981 275 3044 έν
311 2979 445 3062 τροίτησι
480 2980 578 3061 ίιίρησι
602 2981 620 3053 ΙΙ
643 2980 736 3051 σταίη
768 2980 850 3060 ἔχων
880 2981 1008 3053 πήληκα
1039 2978 1092 3042 καί
1117 2979 1239 3044 σίσπίδα
1263 2979 1315 3044 καί

126 3087 171 3152 δύο
212 3088 314 3172 δοῦρε,
345 3083 362 3165 ΙΙ
393 3094 471 3158 τοῖος
501 3087 553 3151 ἐῶν
586 3081 644 3151 οίόυ
676 3111 728 3163 μιν
753 3087 813 3162 ε’γιῖι
838 3085 881 3150 τοὶ
905 3090 997 3164 πρῶτ’
1023 3084 1131 3159 ἐνίησιν
1154 3082 1171 3158 Η
1193 3084 1261 3166 οίκςο
1286 3087 1317 3148 έν

128 3193 256 3274 ἡμετέρῳ
281 3193 408 3259 πίνοντοί
431 3216 466 3257 τε
490 3190 674 3273 τερπόμενόν
698 3191 769 3256 τέ’·
796 3186 868 3255 εἶτα
891 3189 965 3268 μετ’
991 3191 1113 3269 ὀλίγον·
1141 3199 1240 3273 ,τοῖος
1265 3192 1317 3256 ε’ίον

126 3309 306 3380 μνηστῆρσιν
342 3301 515 3378 ίμιλησειεν
550 3298 757 3376 ’οδυσσειίς,”
790 3335 833 3346 -
865 3317 1001 3382 quorum
1036 3300 1163 3364 etiamsi
1202 3319 1318 3364 nomen
1440 3390 1444 3398 .

126 3426 183 3472 non
215 3409 248 3471 in
276 3409 423 3494 margine
451 3409 631 3492 appositum
662 3405 826 3470 habuisset
850 3403 878 3469 D
901 3424 962 3469 non
988 3403 1116 3470 difficile
1141 3411 1247 3470 tamen
1272 3425 1318 3468 es·

126 3519 170 3578 set
206 3511 423 3599 Porphyrium
458 3517 619 3578 auctorem
656 3531 833 3600 agnoscere.
881 3508 963 3574 Sunt
998 3511 1077 3576 haec
1108 3513 1142 3574 in
1173 3509 1319 3595 pluribus

127 3619 285 3686 codicibus
316 3617 500 3704 (HEMQD)
523 3621 623 3684 variis
646 3617 750 3684 modis
774 3621 913 3700 servata,
937 3616 1033 3682 modo
1057 3616 1199 3701 plenius,
1223 3617 1318 3682 modo

127 3725 306 3804 decurtata,
339 3726 387 3791 ita
417 3725 490 3790 inde
522 3724 626 3801 edita,
660 3732 697 3789 ut
727 3743 837 3789 sensus
867 3729 1005 3805 constet,
1031 3723 1085 3787 sed
1108 3722 1320 3810 grammatica

127 3833 208 3896 ratIo
229 3833 263 3896 in
286 3830 478 3917 quibusdam
502 3829 635 3909 laboret,
660 3831 699 3895 de
723 3849 785 3915 qua
810 3849 910 3914 pauca
933 3850 1016 3893 nunc
1040 3849 1134 3915 agere
1154 3831 1189 3892 in
1213 3831 1319 3893 anImo

127 3943 183 4002 est.
216 3945 275 4002 Δεῖ
295 3939 323 4003 δ’
348 3939 431 4014 ἡμεῖς
456 3937 522 4002 οὐδὲ
547 3938 589 4002 τοὶ
614 3936 710 4015 μικροί
736 3936 924 4016 παροδεύειν,
951 3935 1039 4000 οίλλοὶ
1064 3935 1115 3998 καί
1141 3934 1178 3998 δι’
1202 3935 1320 3999 ἐκείνων

127 4043 179 4116 την
212 4045 329 4117 λεπτὴν
361 4043 515 4125 ἐξετάζειν
546 4049 600 4116 τῆς
631 4045 812 4114 Ἑλληνικῆς
836 4041 980 4118 γλώττης
1005 4039 1172 4124 φροντίδα,
1198 4047 1235 4104 ut
1256 4040 1320 4105 He·

127 4147 232 4214 rocliti
257 4149 312 4234 qui
336 4149 454 4215 dicitur
477 4150 582 4218 verbis
604 4148 738 4235 paulum
762 4149 944 4214 immutatis
969 4155 1049 4211 utar.
1074 4144 1193 4235 (alleg.
1221 4145 1319 4214 Hom.

127 4277 152 4320 c.
187 4252 323 4320 LXVIII
354 4254 469 4341 Mehl.)
500 4255 569 4321 Iam
595 4257 739 4342 primum
763 4253 879 4339 duplex
903 4254 1023 4318 vitium
1049 4259 1096 4317 est
1120 4255 1154 4317 in
1176 4255 1218 4320 iis
1241 4275 1322 4340 quaa

127 4361 225 4428 rerba
248 4381 344 4446 supra
367 4359 496 4426 laudata
519 4365 629 4427 etntIm
655 4362 828 4446 excipiunt.
852 4358 966 4429 ἄτοπος
986 4360 1003 4434 ἡ
1022 4359 1100 4438 εὐχὴ
1122 4367 1176 4432 τῆς
1189 4361 1320 4433 Ἀθηνᾶς

127 4467 316 4551 εὐχομένης,
340 4467 366 4532 εί
390 4465 485 4549 ἔλθη
508 4467 522 4531 δ
547 4466 715 4538 Ὀδυσσεὺς
740 4467 792 4530 καί
818 4475 888 4547 στῇ
914 4466 944 4529 ἐν
968 4473 1031 4538 τοῖς
1056 4473 1224 4546 μνηστῆρσι
1258 4488 1323 4548 τερ-
