3242 5140
718 327 782 407 377

155 526 278 609 ώρασώς,
304 525 416 612 φησίν,
441 527 456 593 ἀ
478 525 618 605 λόγος·
639 529 775 608 ἀρνεῖται
796 525 847 610 δέ,
870 520 901 612 (i'
906 531 958 605 τι)
979 521 1168 599 οώδώναμαώ
1186 547 1222 588 σε
1241 519 1342 597 δεῖσαι.

152 633 311 720 Apertum
323 639 389 718 est,
404 635 500 700 verbe
517 633 636 710 δλώγος
648 637 806 719 pertinere
820 633 859 697 ud
871 632 995 711 θρασύς,
1009 651 1071 696 nou
1084 630 1123 696 ed
1135 631 1241 712 φασίν,
1254 631 1345 695 cuius

154 741 333 806 subiectum
366 761 432 806 esse
463 740 574 814 debet,
604 749 641 805 ut
665 749 713 805 est
737 743 833 806 etiem
857 740 1026 804 verborum
1050 738 1186 816 ἀρνεῖται
1212 737 1256 813 δέ,
1282 758 1346 802 non

153 867 228 912 sene
253 848 267 911 ὃ
292 846 402 923 λόγος,
427 845 515 910 sedi
538 844 733 927 Ἥφαιστος,
756 853 793 911 ut
816 844 926 910 stetim
950 851 1030 928 post.
1055 843 1243 928 Respiciunt
1266 863 1347 928 ques

154 953 363 1019 emundabam
395 953 460 1038 (καῖ
481 957 547 1017 ,σοῖν
577 953 685 1032 θρασὺς
712 952 856 1029 διάγοι)
879 971 915 1017 ee
937 971 1017 1035 quse
1040 950 1208 1035 Neptunus
1230 970 1348 1037 magno

154 1060 246 1124 hictu
271 1060 495 1144 spoponderat:
520 1063 627 1123 λῦσον·
654 1061 713 1138 ε’γώ
737 1060 769 1124 δέ
793 1083 837 1123 τοι
862 1059 955 1122 αὐτὸν
981 1057 1155 1136 ὑπίσχομαι
1179 1091 1199 1106 -
1213 1093 1233 1106 -
1253 1059 1348 1120 τῖσειν

156 1164 271 1239 αῖσιμα
303 1163 420 1230 τάντα.
470 1165 581 1250 Neque
608 1167 811 1252 negaverim,
839 1163 1106 1249 quemadmodum
1138 1182 1213 1227 mox
1235 1163 1349 1228 desunt

156 1278 189 1340 et
224 1275 359 1353 ἀρνεῖται
392 1273 439 1344 δέ,
477 1281 508 1339 et
542 1273 698 1359 quaedam
730 1275 763 1337 in
795 1271 1000 1357 sequentibus
1031 1291 1069 1336 ex
1093 1269 1165 1335 eliis
1188 1269 1350 1334 codicibus

155 1384 309 1456 retractu,
334 1382 379 1445 sic
401 1401 484 1445 nunc
506 1401 630 1466 quoque
648 1378 800 1446 nonnulle
819 1378 971 1444 excidisse
991 1397 1070 1462 quse
1089 1377 1166 1441 hoec
1182 1375 1350 1442 Homerica
1391 1392 1397 1399 ·

156 1487 295 1551 strictim
314 1486 474 1551 referrent.
499 1485 568 1550 Iam
589 1491 697 1551 cutem
717 1485 775 1550 illu
792 1486 956 1570 sequentia
968 1483 1210 1548 consideremus.
1230 1475 1274 1546 ΔὈ
1288 1481 1351 1560 γάρ

157 1593 350 1670 ἐγγυώμενος
374 1595 541 1678 —inquit
565 1631 607 1642 -
632 1593 682 1656 ἐπὶ
709 1599 771 1662 τοῖς
798 1592 902 1660 αὐτοῖς
925 1588 1060 1666 γίνεται.
1107 1587 1351 1675 intellegimus,

157 1698 235 1784 quid
266 1704 425 1764 enarrator
456 1697 548 1764 velit:
583 1700 639 1783 qui
669 1697 764 1764 fidem
795 1717 886 1762 suem
917 1715 974 1780 pro
1005 1694 1104 1760 altero
1127 1695 1352 1780 interposuerit

159 1805 268 1870 eadem
288 1804 467 1871 conditione
487 1804 553 1870 fieri
575 1813 669 1890 utque
688 1806 716 1870 is
736 1810 802 1880 est,
820 1822 876 1888 pro
896 1823 958 1888 quo
977 1801 1198 1866 vadimonium
1222 1802 1351 1866 stiterit.

159 1909 222 1976 Sed
257 1911 468 1976 divinandum
504 1917 552 1976 est
586 1912 646 1976 hoc
678 1912 786 1996 potius
818 1929 915 1995 quem
946 1907 1092 1972 everbis
1123 1907 1351 1996 colligendum.

160 2016 206 2082 At
236 2017 318 2084 forte
346 2021 470 2083 fortune
502 2021 626 2101 evenit,
660 2024 698 2082 ut
731 2012 984 2103 „fragmentum”
1008 2011 1061 2078 vel
1082 2016 1189 2098 potins
1212 2031 1354 2079 extreme

160 2143 234 2210 pure
257 2123 371 2189 scholii
395 2127 532 2209 supersit
556 2127 590 2189 in
613 2123 653 2188 T:
679 2123 815 2203 ἀρνεῖται
840 2121 871 2185 δὲ
895 2117 956 2186 ὅτι
981 2121 1014 2184 οὐ
1038 2120 1176 2195 δώναμαῖ
1196 2143 1231 2184 σε
1251 2120 1352 2198 δεῖσαι,

162 2231 267 2303 εἰιειδδι
295 2230 375 2309 γὰρ
407 2233 421 2295 t
456 2231 652 2308 ἐγγυώμενος
687 2230 716 2293 ἐν
748 2237 812 2300 τοῖς
836 2230 942 2298 αὐτοῖς
969 2233 1092 2304 κακοῖς,
1118 2226 1148 2290 ἐν
1172 2221 1214 2298 οἷς
1239 2228 1252 2291 ἕ
1277 2228 1354 2292 ἀτο-

160 2337 288 2417 δράσας.
321 2334 382 2400 ώτι
407 2336 421 2399 ὃ
442 2340 539 2417 ’Ἄρης
563 2337 705 2416 οἴχεται,
731 2337 826 2417 φησί,
851 2335 950 2406 λυθεὶς
975 2333 1145 2413 φεύγει,
1169 2339 1233 2404 πῶς
1257 2331 1295 2398 ιἰν
1318 2357 1353 2397 σε

160 2445 231 2508 ἀντ’
267 2443 379 2507 ἐκείνου
410 2444 537 2521 δώσαιμι
570 2441 643 2507 ὄντα
677 2444 781 2524 πολλῷ
814 2444 935 2506 αὐτοῦ
968 2439 1191 2517 γενναιότερονς
1215 2439 1279 2516 ἤτοι
1304 2439 1353 2504 διά

160 2549 219 2622 τὴν
244 2549 354 2613 ἑαυτοῦ
378 2550 536 2614 ἀσθένειαν
559 2549 576 2623 ἢ
603 2549 653 2614 διώ
676 2551 731 2619 τὴν
755 2547 828 2613 αἰδῶ
852 2549 907 2623 τὴν
932 2547 1003 2624 ντρδς
1029 2545 1201 2614 ἐκεῖνον.
1226 2544 1356 2611 Scateut
1380 2599 1385 2609 .

161 2656 241 2722 haec
272 2655 429 2721 scribendi
461 2657 637 2728 erroribus.
661 2656 715 2720 sed
740 2677 797 2721 uec
820 2654 974 2743 gravibus
998 2663 1031 2719 et
1053 2652 1105 2719 rel
1129 2655 1196 2720 sine
1220 2657 1356 2719 οοοῖετο-

161 2785 236 2830 rum
268 2763 413 2829 codicum
449 2783 507 2848 ope
538 2763 631 2828 focile
662 2762 823 2828 tollendis.
872 2761 949 2827 Post
978 2761 1080 2833 tussit
1112 2762 1245 2826 verbum
1271 2761 1359 2826 dee'st

162 2873 340 2936 sententiae
371 2873 496 2934 exitum
527 2890 589 2935 non
620 2869 771 2946 babenti,
804 2868 859 2934 sed
890 2868 1041 2952 quoniam
1073 2863 1153 2948 γάρ,
1178 2865 1358 2944 γράφεται,

164 2980 288 3057 γίνεται
325 2997 382 3062 per
413 2977 636 3061 compendium
670 2979 788 3061 scripte
819 2983 970 3059 perpetuo
1002 2970 1040 3036 de
1070 2969 1301 3050 locutorium,
1325 2975 1359 3038 in

164 3090 317 3172 promptu
354 3090 402 3148 est
433 3085 607 3170 corrigere:
639 3082 742 3153 ε’τειδίι
774 3073 938 3158 γίνεται
970 3079 984 3140 ὁ
1016 3077 1211 3154 ἐγγυώμενος
1244 3079 1275 3141 ἒν
1298 3087 1360 3150 τοῖς

166 3194 271 3262 αὐτοῖς
303 3197 427 3266 κακοῖς,
461 3191 490 3252 ἐν
523 3183 563 3260 οἷς
591 3189 604 3252 i
629 3188 827 3262 ἀτοδρώσας,
852 3185 935 3249 unde
959 3185 1075 3248 caeteri
1098 3183 1221 3248 codices
1244 3205 1362 3272 magno

166 3319 241 3364 cum
266 3297 372 3361 fructu
397 3301 430 3360 et
452 3295 660 3382 emendentur
686 3295 728 3379 (ἐν
751 3313 808 3378 pro
832 3291 898 3376 ἐτῖ)
918 3295 950 3354 et
968 3291 1151 3355 traiectione
1170 3291 1254 3355 iacta
1275 3295 1362 3356 vocis

166 3403 346 3483 ἀτιδράσας
381 3401 578 3486 supplentur.
625 3401 698 3466 Non
734 3401 842 3465 minus
877 3395 970 3462 focile
1007 3399 1194 3483 corrigitur:
1228 3397 1316 3461 ἐπεὶ
1348 3398 1362 3461 ὃ

163 3514 261 3590 ”Apus
294 3509 414 3588 οἴχεται
439 3545 492 3560 --
518 3508 616 3580 λυθεὶς
649 3505 831 3588 φεύγων,
865 3509 897 3570 eb
920 3501 992 3567 ὄντα
1017 3503 1123 3584 πολλῷ
1148 3503 1268 3568 αὑτοῦ
1292 3529 1363 3582 γεν-

168 3617 336 3696 ναιότερον,
373 3616 433 3681 hoc
468 3615 597 3701 quidem
632 3636 671 3680 ex
706 3615 862 3679 adfectata
897 3612 1106 3676 recentiorum
1139 3609 1276 3676 dictione
1306 3631 1363 3696 pro

168 3725 366 3801 ἐμαυτοῦ.
393 3759 434 3770 -
460 3723 498 3786 de
530 3741 591 3807 quo
621 3721 699 3787 oiim
722 3717 868 3786 nonnihil
892 3721 923 3781 iu
950 3715 1130 3781 Obserrutt.
1155 3715 1239 3794 diri,
1266 3723 1364 3782 -et

168 3832 224 3904 τὴν
253 3830 326 3894 αἰδῶ
357 3831 412 3902 τὴν
444 3829 515 3907 πρὸς
551 3829 714 3892 ἐκεῖνον.
764 3825 883 3892 Contra
912 3844 951 3888 ex
984 3822 1010 3887 Τ
1043 3823 1076 3887 in
1108 3824 1239 3888 caeteris
1266 3826 1364 3890 corri-

168 3937 309 4025 gendum
335 3937 440 4014 πολλῷ
463 3955 519 4020 pro
544 3938 659 3998 πολλοῦ
679 3935 818 4022 gratiore
838 3951 913 3998 sono
934 3931 1033 4002 οῐτὶιν
1054 3930 1178 3994 αὑτοῦ
1199 3929 1363 3996 ἀσθένειαν.

170 4043 293 4122 Quibus
322 4043 471 4107 omnibus
501 4043 534 4105 in
565 4039 722 4105 auxilium
757 4037 936 4122 adsumptis
959 4040 1028 4100 tote
1051 4033 1158 4121 glossa
1180 4036 1227 4100 its
1251 4039 1364 4102 consti-

169 4155 297 4214 tuetur:
321 4155 388 4221 Πῶς
413 4147 452 4211 ἀν
477 4149 537 4224 ἐγώ
562 4171 597 4210 σε
622 4147 734 4222 δένιμιι
757 4145 935 4222 εὑρίσκοιμι,
956 4142 1258 4219 καταλαμβάννιμι·
1273 4143 1364 4222 (ἀπὸ

169 4260 238 4320 τοῦ
270 4255 376 4340 δεξιὴ·
417 4253 515 4336 ,δήεις
546 4253 598 4316 τών
629 4276 668 4329 γε
699 4249 836 4315 steen?
868 4251 882 4314 d
915 4251 945 4314 δὲ
979 4248 1203 4329 Ἀρίσταρχος,
1238 4254 1302 4320 τώς
1326 4248 1365 4314 διν

170 4364 332 4441 εώώώνοιμι.
357 4363 382 4426 οἱ
407 4360 438 4426 δὲ
461 4361 511 4424 ἐπὶ
537 4365 589 4423 τοῦ
614 4360 716 4432 δεῖσαι.
741 4358 801 4422 Καὶ
826 4361 896 4421 συῦ
923 4356 1050 4439 θρασύς,
1078 4355 1192 4436 Φνσίν,
1215 4358 1229 4420 d
1251 4355 1366 4433 λόγος·

172 4517 272 4538 .....
296 4470 431 4550 ἀρνεῖται
456 4467 505 4545 δέ,
531 4463 617 4554 (ὅτι)
641 4465 673 4530 νώ
697 4463 835 4544 δύναμαί
858 4488 891 4529 σε
917 4463 1019 4538 δῆσαι.
1045 4463 1058 4526 d
1083 4461 1147 4544 γάρ
1167 4462 1361 4545 ἐγγυώμενος
