3232 5136
931 240 941 273 t

809 331 852 404 56

229 525 351 594 Scholii
380 547 441 592 non
473 527 582 592 minus
612 533 758 615 corrupta
788 550 844 595 uos
876 529 1107 594 convertamus.
1154 524 1215 592 Kal
1240 524 1292 592 διά
1317 525 1350 592 τά
1374 563 1415 576 -

229 649 377 720 quaerere
411 635 518 720 pergit
550 671 591 682 --
617 636 647 698 ἐν
681 635 738 710 μὲν
772 645 810 716 τῇ
846 632 953 698 Ἰλιάδι
989 632 1049 697 οὐδ’
1082 631 1158 704 άλυς
1182 671 1225 681 -
1249 635 1295 698 sic
1333 637 1418 699 recte

228 741 351 824 (lodex,
386 739 469 824 quod
503 737 662 807 Prellerue
696 743 844 826 imperite
880 744 958 828 legit
983 740 1048 805 οὐδὲ
1080 741 1117 810 ὡς
1144 731 1251 824 (Dino.
1279 743 1361 826 App.
1385 761 1417 824 p.

231 847 310 933 737)
335 885 376 894 —
400 844 477 927 τόξῳ
507 847 661 925 χρώμενον
690 855 772 912 ποιεῖ
800 847 851 912 τὸν
882 845 1054 923 Ὀδυσσέα,
1091 883 1154 895 --
1180 846 1209 910 ἒν
1242 846 1344 924 μέντοι
1377 855 1417 926 τῇ

229 952 397 1036 Ὀδυσσεία
439 1001 456 1031 „
465 951 631 1035 <lippareos
668 954 845 1033 ἀνδροφόνον
883 946 1055 1034 διζημενον”
1090 954 1237 1018 άπελάεῑν
1273 954 1328 1033 τρὸ
1364 957 1417 1018 τοῦ

228 1059 373 1126 άπάπλου
392 1065 444 1124 τοῦ
465 1061 508 1130 εἰς
528 1061 583 1132 την
598 1063 694 1124 Ἴλιον
714 1060 806 1125 αὐτόν
824 1067 919 1141 Φησιν
942 1058 1045 1141 ,ὄφρα
1062 1061 1087 1123 οἱ
1107 1059 1153 1134 εἴη
1174 1060 1234 1132 ἰοὺς
1247 1057 1419 1141 χράεσάαι,”

228 1167 280 1233 καὶ
303 1152 412 1247 τυχεῖν
433 1213 532 1231 .....
549 1167 634 1247 παρά
659 1167 859 1254 ’Λγχιάλου,
886 1168 994 1245 „eunt
1020 1166 1122 1246 πατήρ
1147 1167 1172 1231 ol
1195 1166 1286 1262 δάκεν
1314 1164 1419 1250 ε’μάς,”

227 1289 310 1359 κτλ,
342 1273 398 1340 ubi
424 1271 507 1336 nihil
534 1271 623 1337 aliud
653 1272 860 1339 obliteratum
890 1293 957 1338 esse
979 1278 1083 1357 potest
1105 1292 1200 1357 quum
1224 1273 1354 1351 τούτου,
1379 1279 1416 1337 nt

226 1385 286 1447 sit:
320 1381 371 1444 xci
404 1387 513 1460 τυχεῖν
536 1379 678 1444 τούτου
702 1381 787 1459 παροδ
812 1379 1003 1462 Ἀγχιάλου.
1050 1379 1287 1464 Respondetur:
1311 1377 1414 1462 ῥητέον

227 1484 275 1554 οὖν
303 1484 348 1551 ὅτι
381 1491 487 1550 ταῦτα
518 1486 623 1550 πάντα
648 1489 719 1567 πρὸς
744 1490 938 1560 κατασκευὴν
962 1491 1015 1550 τοῦ
1039 1487 1191 1564 μεγίστου
1216 1487 1333 1564 άγῶνος
1358 1493 1414 1560 τῆς

226 1593 506 1674 μνηστηροφονίας,
543 1593 636 1664 αὐτὸς
672 1594 728 1670 μὲν
763 1593 995 1675 γυμναζόμενος
1033 1593 1062 1656 ἐν
1100 1587 1156 1658 ..ζ
1172 1643 1204 1659 ..
1242 1593 1292 1659 ἵνα
1327 1599 1415 1674 Φανῇ

227 1709 355 1788 τηρῆσαι
388 1701 442 1773 την
473 1699 552 1764 ἰδίαν
575 1697 636 1775 ἕξιν
660 1717 741 1773 κτλ..
764 1721 844 1785 quae
867 1702 914 1764 ite
937 1698 1112 1784 supplenda
1134 1719 1218 1765 esee:
1243 1700 1336 1771 αὐτὸς
1358 1703 1415 1777 μὲν

228 1791 459 1886 γυμναζόμενος
492 1807 649 1886 ε’μφανί
657 1807 677 1887 ζ
684 1832 791 1880 erar,
823 1805 872 1872 ἵνα
897 1822 967 1870 κτλ.
992 1809 1058 1870 iem
1083 1805 1149 1870 dixi
1173 1809 1208 1872 in
1231 1805 1413 1873 obser-vsu.

226 1937 257 2000 p.
291 1912 344 1978 39.
375 1911 463 1978 Haec
486 1914 588 1999 igitur
611 1933 705 1977 causa
728 1919 776 1978 est
799 1933 855 1977 cur
877 1915 910 1977 in
934 1910 1076 1998 Odyssea
1100 1916 1226 1977 tentum
1250 1913 1361 1978 Ulixes
1384 1919 1416 1978 et

225 2019 385 2086 iaculaudi
414 2025 481 2082 arte
513 2025 673 2103 praestans
704 2031 735 2084 et
768 2023 930 2086 venenatis
961 2017 1088 2105 sagittis
1112 2025 1204 2083 utens
1228 2020 1414 2097 inducetur,

228 2125 275 2192 ἵνα
299 2135 385 2206 Φανῇ
410 2133 537 2205 τηρῆσαι
562 2126 615 2198 την
640 2125 718 2190 ἰδίαν
742 2123 820 2204 ἕξιν,
846 2131 878 2190 et
902 2147 958 2190 our
982 2127 1015 2190 iu
1040 2143 1077 2187 ea
1101 2145 1164 2191 una
1188 2131 1416 2192 venenatarum

228 2235 419 2320 sagittarum
451 2233 571 2296 mentio
602 2229 667 2306 fist,
697 2229 746 2297 ἵνα
779 2233 938 2314 συμβαάνη
968 2234 1073 2318 λέγειν
1105 2235 1189 2313 αὐτῷ
1222 2234 1349 2311 ,βάλλε
1374 2257 1418 2296 τι-

228 2341 430 2423 τυσκομενος,
461 2339 505 2403 roi
539 2336 565 2401 δ’
596 2341 775 2421 άγχιοτῑνοι
799 2339 958 2432 ἔτιπτον.”
981 2349 1032 2420 (χ,
1060 2339 1148 2427 118).
1174 2339 1290 2424 Goptra
1311 2347 1360 2405 est
1384 2344 1417 2405 in

227 2447 343 2511 iliade:
369 2441 443 2509 ὅταν
466 2442 514 2510 οὖν
537 2447 581 2509 τά
604 2444 684 2523 βέλη
710 2446 740 2510 ἐν
764 2457 801 2528 τῇ
828 2446 935 2510 Ἰλιάδι
961 2447 1127 2526 κοινοτέρως
1151 2447 1245 2526 πικρά
1271 2448 1321 2510 καὶ
1344 2470 1416 2511 πευ-

227 2554 342 2618 κεδανά
378 2552 456 2632 λέγη
491 2553 542 2614 καὶ
579 2552 756 2633 ε’χετευκῆ,
791 2551 952 2626 πάντας
988 2553 1054 2619 διά
1090 2558 1156 2617 τοῦ
1191 2551 1414 2632 Φαρμάκου

228 2661 445 2742 κεχρΐσάαι
481 2658 724 2723 ἀκουστέον·
763 2660 897 2737 οὐδαμοῦ
934 2661 997 2739 γάρ
1031 2664 1121 2724 τοῦτο
1158 2660 1187 2724 ἐν
1218 2662 1260 2740 τῷ
1291 2663 1415 2741 Ἰλιακῷ

227 2765 352 2847 πολέμῳ
389 2765 623 2848 ἐπεσημήνατο,
658 2767 723 2830 διά
758 2767 797 2830 δὲ
832 2767 875 2832 τὸ
910 2768 982 2836 τάς
1019 2763 1060 2841 ἐξ
1087 2767 1220 2831 αὐτῶν
1250 2767 1414 2845 πληγάς

229 2871 445 2942 troitum
478 2871 595 2940 οὔσας
628 2869 721 2954 (Ood.
747 2871 893 2949 ὄντας),
919 2873 1000 2937 καάά
1025 2873 1076 2937 καὶ
1102 2875 1153 2940 τὸν
1177 2874 1313 2953 πόλεμον
1339 2899 1415 2940 πευ-

228 2979 351 3044 κεδανὸν
372 2975 433 3058 ἔφη
453 2981 723 3057 καταχρηστικῶς,
742 2977 890 3044 ἐπώδυνον
901 2979 1087 3056 βουλόμενος
1101 2982 1283 3062 ἐμφανίσαι.
1311 2982 1415 3062 Quam

227 3085 363 3152 absurde
386 3091 418 3149 et
441 3081 618 3149 malesane!
655 3087 761 3171 Atque
785 3088 944 3172 inpriore
969 3089 1098 3173 quidem
1122 3091 1296 3155 sententiae
1326 3097 1417 3176 parte

227 3197 352 3277 praeter
373 3189 437 3256 alie
459 3211 602 3275 perverse
626 3193 744 3276 scripta
764 3195 832 3278 ipss
855 3193 992 3280 negandi
1016 3194 1173 3278 particula
1197 3199 1229 3262 οὐ
1251 3196 1355 3276 deest,
1376 3197 1415 3262 de

228 3319 289 3384 quo
313 3297 422 3380 mendi
444 3317 559 3384 genere
583 3303 691 3382 postea
709 3297 801 3382 plura
822 3300 968 3384 exempla
988 3300 1158 3365 dabuntur.
1188 3285 1270 3368 Nem
1289 3323 1417 3389 prorsus

229 3407 383 3470 contraria
404 3405 523 3488 requiri
543 3424 750 3488 eorumquae
771 3406 857 3472 edita
875 3411 967 3490 eunt,
988 3408 1416 3496 quivisrationienonplsne

228 3530 337 3595 expers
360 3517 470 3594 sponte
494 3509 610 3574 videat.
635 3509 745 3594 ltaque
768 3532 879 3576 verum
903 3515 980 3577 erit:
1006 3512 1079 3576 truc
1103 3511 1213 3579 οὖντά
1233 3516 1313 3594 βέλη
1333 3519 1363 3582 ἒν
1383 3543 1414 3583 τ.

228 3615 337 3681 Ἰλιάδι
362 3641 392 3680 κ.
415 3616 509 3696 πικρά
523 3651 542 3663 -
556 3617 667 3698 -λὲγη
690 3617 742 3681 καὶ
764 3619 930 3703 ἓχετευκῆ,
951 3619 1074 3691 πάντας
1094 3622 1135 3685 οὐ
1160 3621 1224 3686 διά
1249 3624 1291 3689 τὸ
1315 3629 1416 3707 Φαρ-

228 3724 335 3805 μάκςρ
349 3726 507 3802 κεχρῖσάαι
521 3722 693 3798 άκουστέον,
708 3729 802 3808 atque
814 3727 860 3790 ita
872 3725 1003 3790 demum
1015 3725 1233 3814 intelligetur:
1246 3730 1414 3808 οὐδαμοῦ

230 3832 292 3910 γάρ
322 3835 411 3894 τοῦτο
435 3830 466 3892 ἐν
488 3831 529 3908 τῷ
553 3831 714 3910 Ἰλιακῷ
740 3833 901 3911 πολέμῳ
927 3832 1229 3909 ἐπεσημήνατο.
1256 3836 1342 3917 Quae
1367 3859 1416 3904 se·

230 3945 372 4022 quuntur
399 3938 498 4001 eiecto
530 3935 570 3997 τὸ
602 3937 648 4000 sio
672 3943 746 4001 sunt
770 3938 1005 4003 constituenda:
1030 3939 1081 4004 διά
1105 3940 1135 4004 δὲ
1160 3942 1231 4016 τάς
1257 3941 1290 4018 ἐξ
1313 3945 1416 4012 αὐτῶν

231 4047 360 4120 πληγάς
391 4041 555 4114 ἐτυδύνους
587 4041 698 4117 οὔσας,
728 4063 801 4108 nam
832 4050 864 4108 et
892 4045 968 4110 haee
990 4049 1163 4112 necessario
1187 4049 1226 4114 ab
1251 4052 1415 4117 ἀκουστέον

230 4151 376 4236 pendent,
389 4149 443 4214 sed
456 4154 581 4213 mutate
592 4153 834 4214 constructionis
846 4149 956 4216 forms.
981 4150 1168 4237 Simplicius
1181 4155 1303 4221 dictum
1316 4158 1416 4225 foret:

230 4259 270 4323 οὐ
295 4257 359 4323 διά
383 4257 424 4322 τὸ
449 4256 606 4336 φαρμάκῳ
631 4259 850 4336 κεχρῑσθαι
876 4258 1055 4336 άηουστέον,
1080 4258 1146 4324 διά
1167 4261 1204 4326 δὲ
1230 4263 1272 4328 τὸ
1296 4266 1354 4338 τάς
1381 4263 1416 4344 ἐξ

229 4367 329 4430 αὐτῶν
353 4363 481 4457 πληγάς
506 4363 671 4434 ε’πιοδάνους
697 4358 817 4440 εἶναι,
845 4365 898 4430 sed
917 4363 1034 4430 maluit
1053 4363 1249 4454 Porphyrius
1269 4370 1307 4436 de
1327 4392 1416 4440 more

230 4471 420 4558 exquisitius
442 4470 544 4534 dicere
568 4471 600 4533 οὐ
625 4468 688 4534 διά
714 4470 754 4535 τὸ
779 4509 821 4519 --
846 4473 1075 4552 κεχρῖσθαι,
1102 4471 1171 4540 διά
1195 4475 1234 4540 δὲ
1259 4479 1335 4551 τάς
1360 4515 1415 4530 --
