3318 5138
730 297 733 302 “
848 305 913 387 ιοι

286 503 335 578 De
358 509 531 578 sententiae
554 510 655 577 formo
678 509 804 578 Scholia
823 510 901 578 haec
923 512 1056 580 habent:
1081 513 1229 594 προειπών
1255 512 1341 592 ,ἐπεὶ
1372 501 1476 580 odrice

286 619 418 696 δείδιμεν
446 617 578 702 ἔμπνο”,
609 616 700 683 οὔτε
731 617 984 701 Τηλέμαχον
1014 619 1105 686 οὔτε
1128 619 1193 685 τὸν
1217 620 1370 700 μάντιν
1394 622 1477 687 οὐκ·

287 727 347 792 ἐτι
379 725 593 804 ἐπήγαγεν
624 725 694 790 οὔτε
724 722 822 789 chaace
845 724 932 805 τινά,
958 727 1059 791 κοιίτοι
1083 725 1097 793 ὃ
1122 726 1215 804 λόγος
1242 729 1372 810 άπῄτει,
1398 724 1474 792 άλλ’

287 822 321 906 ἣν
333 828 419 913 εἶχεν
431 831 602 914 άπὲχάειοιν
622 855 669 911 πρ
679 830 718 903 ὸς
738 830 778 895 τὸ
801 834 962 907 πλῆθος.
978 833 1144 915 (HMQV.)
1156 830 1203 900 At
1214 835 1291 900 hasa
1303 836 1348 900 sic
1360 836 1478 919 scripta

285 938 409 1006 nnllam
422 959 530 1004 sanam
542 940 835 1023 interpretationem
848 938 1035 1024 admittunt,
1062 939 1123 1021 Qui
1137 937 1243 1006 eniml
1261 939 1373 1007 Nonne
1392 940 1477 1026 apud

286 1044 467 1112 Homerum
490 1050 665 1130 sequuntur
688 1065 724 1110 ea
746 1047 834 1130 ipsa,
858 1066 937 1130 qnae
960 1047 1013 1113 hic
1035 1047 1120 1132 apud
1143 1068 1216 1113 eum
1243 1050 1332 1134 sequi
1360 1067 1478 1134 negan-

285 1150 358 1218 turl
389 1152 509 1218 Melius
538 1153 737 1238 interpunxit
766 1152 996 1233 Buttmannus,
1030 1159 1103 1221 ante
1124 1153 1204 1221 οὔτε
1227 1155 1420 1233 Τνιιέμοιχον
1445 1159 1476 1219 et

284 1264 356 1344 post
386 1259 438 1323 τὸν
468 1257 581 1336 μάντιν
606 1295 647 1307 -
672 1256 744 1336 vel,
775 1264 812 1323 ut
841 1259 909 1346 ipse
932 1260 1044 1339 habet,
1068 1262 1122 1336 τὴν
1146 1261 1297 1339 μιιντεάοιν
1322 1297 1364 1310 -·
1389 1281 1475 1326 com·

286 1369 372 1431 mate
403 1367 521 1452 posito,
552 1385 627 1431 nam
659 1369 691 1431 et
717 1365 794 1432 haec
818 1364 991 1432 Homerica
1014 1388 1080 1433 esse
1103 1373 1226 1434 centnm
1248 1373 1313 1447 est,
1336 1367 1413 1433 licet
1435 1387 1474 1432 ex

283 1470 532 1538 Scholiastarum
558 1471 784 1538 consuetudine
806 1474 838 1537 in
863 1473 991 1573 breuius
1014 1480 1184 1541 contracta.
1220 1472 1289 1540 Iam
1309 1473 1473 1560 apparebit

284 1578 362 1663 quid
384 1577 561 1644 Scholiasta
582 1576 734 1656 voluerit,
760 1580 787 1644 si
807 1599 887 1665 quae
904 1582 940 1645 in
957 1578 1017 1646 fine
1035 1601 1181 1666 perversa
1201 1587 1290 1656 sunt,
1310 1581 1474 1646 lenissima

285 1686 463 1750 mutatione
496 1686 742 1750 restituerimus.
788 1685 891 1752 Nemo
920 1686 973 1752 hic
1005 1693 1274 1754 commemoratur
1304 1686 1472 1766 μισόδημος

285 1791 376 1871 arip,
408 1791 463 1856 sed
493 1811 595 1856 sermo
628 1797 676 1857 est
706 1791 745 1858 de
776 1813 868 1878 sene,
892 1795 966 1879 qui,
990 1799 1028 1859 ut
1050 1796 1137 1880 proci
1160 1795 1288 1879 quidem
1313 1794 1473 1878 iudicent,

284 1898 565 1964 vaticinationibus
598 1900 665 1986 suia
699 1899 808 1985 populi
844 1900 951 1965 odium
988 1900 1021 1965 in
1056 1921 1089 1967 se
1124 1901 1314 1967 convertisse
1345 1901 1472 1966 dicitur.

283 2003 499 2070 Emendemus
530 2005 650 2091 igitur:
682 2005 829 2085 apostamia
863 2005 951 2084 ,ἐπεὶ
977 2005 1080 2072 οὔτινά
1104 2006 1236 2087 δείδιμεν
1260 2004 1379 2091 ἔμπης,
1403 2004 1474 2071 οὔτε

284 2109 479 2191 Τηλὲμοιχνν
502 2110 571 2176 οὔτε
595 2111 646 2176 τὸν
670 2110 812 2192 μάντιν”,
837 2112 938 2178 οὐκέτι
962 2112 1143 2193 ἐπήγαγεν,
1166 2112 1238 2180 οὔτε
1261 2113 1360 2180 άλλον
1383 2111 1473 2199 τινά,

284 2216 384 2284 κοιίτοι
420 2217 433 2280 ά
470 2215 563 2297 λόγος
599 2219 731 2302 άπῄτει,
769 2220 844 2285 άλλ’
883 2217 918 2295 ἣν
948 2215 1034 2302 εἶχεν
1066 2220 1239 2303 άπέχάειοιν
1273 2223 1369 2304 πρὸς
1404 2226 1472 2286 τοῦ

283 2325 471 2400 cultore.
520 2324 614 2391 Ultro
638 2332 747 2392 tamen
771 2327 870 2394 fateor
892 2325 1042 2394 Scholion
1066 2329 1164 2394 etiam
1185 2329 1390 2396 emendatum
1409 2349 1473 2394 non

283 2434 404 2518 optime
434 2435 637 2499 enunciatum
671 2455 755 2513 esse,
787 2434 841 2500 sed
867 2435 935 2500 cive
958 2435 997 2500 ab
1021 2437 1113 2502 initio
1137 2433 1222 2502 male
1245 2437 1401 2522 scriptum
1424 2441 1474 2502 est

282 2541 349 2606 sire
381 2540 529 2625 imperite
561 2545 766 2626 excerptum,
790 2546 821 2606 et
845 2541 1036 2606 obscuritate
1059 2540 1201 2608 laborare
1225 2547 1257 2608 et
1280 2563 1377 2628 prava
1400 2563 1473 2610 ver-

282 2645 396 2712 borum
430 2644 645 2712 collocatione.
693 2646 797 2726 Quam
830 2646 1000 2712 inscienter
1034 2669 1217 2733 expressum
1250 2654 1298 2715 est
1326 2651 1426 2716 κοιίτοι
1457 2650 1472 2716 ὃ

281 2752 373 2830 λόγος
410 2752 522 2834 άπῄτει
558 2772 615 2838 pro
630 2765 634 2776 ’
650 2752 762 2834 ιιοιάπερ
796 2755 850 2818 τοῦ
882 2752 977 2830 λόγου
1007 2751 1229 2828 άποιιτοῦντοςῖ
1260 2754 1367 2822 Simul
1395 2777 1472 2823 cum

281 2857 458 2945 multiplici
488 2859 660 2925 infortunio
692 2859 732 2925 ad
760 2880 818 2926 nos
840 2861 994 2945 pervenit.
1015 2863 1146 2939 Ἔμτνο
1172 2900 1213 2911 -
1238 2860 1350 2942 μάντιν
1373 2865 1471 2929 cmit-

280 2967 323 3029 tit
358 2963 397 3045 Q,
432 2963 544 3042 μάντιν
574 2965 691 3032 habent
721 2966 758 3031 M
790 2967 833 3053 (et
863 2963 929 3052 Hl)
963 2967 1114 3041 μοιντεΙοιν
1150 2966 1193 3046 V,
1230 2973 1262 3034 et
1296 2974 1378 3036 esset
1416 2991 1474 3036 cnr

281 3071 527 3157 praelerromus,
560 3076 622 3158 (est
651 3074 735 3137 enim
767 3071 966 3158 paraphrasis
996 3072 1162 3140 Homerici
1190 3073 1260 3140 οὔτε
1296 3077 1472 3156 θεοπροπίης

282 3175 489 3260 ἐμπαζόμεθ’)
514 3180 577 3244 nisi
599 3181 645 3244 sic
668 3199 761 3244 omne
784 3180 965 3245 subiectum
987 3181 1077 3246 verbi
1104 3175 1189 3262 εἶχεν
1221 3182 1471 3262 desideraretur,

281 3283 416 3369 denique
444 3275 478 3356 ἣν
511 3287 633 3351 omittit
662 3284 700 3364 V,
732 3306 794 3371 quo
817 3286 900 3352 fecto
924 3288 1040 3353 ultima
1065 3283 1164 3374 (εἶχεν
1188 3289 1363 3370 ereatura
1386 3290 1471 3378 κτλ.)

281 3395 369 3458 omni
392 3413 465 3458 cnm
489 3393 747 3478 praecedentibus
770 3391 900 3460 vinculo
923 3392 1077 3460 destituta
1101 3415 1164 3460 non
1187 3395 1336 3462 videntur
1358 3397 1474 3466 habere

283 3499 359 3586 quid
382 3499 435 3565 hic
458 3499 586 3566 faciant.

324 3681 366 3761 β,
393 3681 469 3750 247.
501 3682 588 3747 ιιιιτά
622 3683 711 3760 teca
735 3680 797 3748 ἕως
823 3685 901 3756 τινὲς
925 3684 961 3749 τὸ
984 3682 999 3750 ἕ
1007 3711 1028 3750 οι
1052 3685 1121 3751 άντὶ
1146 3691 1199 3752 τοῦ
1224 3690 1320 3756 αὐτοῦ
1345 3689 1472 3768 λέγουσι

279 3795 392 3862 aanor.
414 3787 512 3878 (MS).
535 3788 609 3868 „Sic
629 3791 678 3856 his
701 3795 833 3876 uterque
857 3789 963 3856 Codex
986 3812 1043 3878 pro
1063 3791 1139 3877 ἐόν”,
1158 3801 1195 3859 ut
1214 3794 1395 3862 Dindcrfius
1416 3798 1472 3863 ob·

279 3901 393 3964 serrat.
418 3896 552 3962 Minime
575 3899 732 3984 gentium.
758 3895 878 3962 Textus
898 3896 1032 3964 Homeri
1051 3899 1149 3966 hahet
1169 3901 1363 3980 leucopetram
1385 3903 1470 3970 ιιοιτά

280 4003 369 4080 supe
394 4001 472 4077 ἐάν,
496 4003 591 4088 idque
615 4008 717 4084 recte,
739 4024 853 4069 verum
877 4024 938 4069 non
962 4025 1000 4070 ex
1023 4005 1082 4071 hoc
1109 4002 1147 4069 ἕο
1170 4007 1378 4093 depravatum
1404 4017 1471 4087 eet,

278 4110 333 4176 sed
368 4131 406 4175 ex
442 4111 529 4175 varia
559 4107 693 4174 lectione
724 4104 776 4192 ἕο,
809 4130 906 4195 eaque
939 4117 971 4176 et
997 4109 1206 4179 inlemmate
1231 4117 1319 4180 etin
1343 4115 1471 4182 Scholia

279 4218 347 4301 ipso
371 4217 439 4281 sine
461 4215 558 4281 dubio
581 4220 629 4280 eet
651 4215 856 4282 restituenda.
884 4215 907 4303 ¹)
941 4215 1100 4303 Equidem
1124 4217 1297 4287 lectionem
1322 4219 1351 4287 ἕο
1375 4221 1472 4289 Zeno-

312 4431 338 4492 l)
365 4429 432 4479 Idem
458 4428 537 4478 iecisse
559 4427 626 4478 video
648 4427 806 4489 muchium,
829 4430 870 4495 qni
892 4431 958 4495 quasi
982 4432 1008 4481 in
1030 4448 1056 4481 rc
1074 4431 1146 4483 dubia
1165 4433 1360 4500 interrogationis
1378 4436 1472 4502 signum

277 4511 377 4566 addidit.
