3318 5138
767 337 809 404 95

191 531 279 610 Quid
309 529 348 596 nd
380 528 515 594 eundem
549 548 676 592 versum
708 527 849 594 Venetus
873 526 920 592 Bi
946 565 961 578 ·-
980 565 999 578 -
1025 529 1039 592 ό
1065 528 1095 592 δὲ
1120 526 1280 602 Ζηνόδοτος
1305 523 1384 606 μάρ-

190 636 278 716 τυρές
312 645 455 714 φησιν.
481 635 616 713 Ὀμιίρον
642 633 891 715 σχηματίζοντος
916 637 979 700 άτδ
1003 641 1056 702 τοῦ
1082 635 1244 714 μάρτυρος.
1269 633 1320 699 lta
1345 632 1385 699 ad
1451 659 1457 671 ·

193 755 242 822 Θ,
270 743 335 810 549
360 747 393 808 in
415 741 493 808 Ven.
520 743 548 806 A
573 747 638 806 est:
665 741 678 805 ό
704 740 865 814 Ζηνόδοτος
891 740 1045 822 γράφει
1079 741 1232 825 ,Γοργόνος
1263 738 1383 818 ὄμματ’

197 850 292 933 ἔρραν’
329 865 400 916 κτλ.
436 883 521 898 ---
553 849 758 930 Ἀρίσταρχος
794 849 825 914 δέ
861 851 1015 931 γράφει
1051 851 1105 913 σὺν
1140 851 1182 929 τῷ
1215 844 1245 924 i,
1282 845 1386 922 οἴματ’

191 956 301 1038 ἔχειν’·
337 958 392 1022 καί
422 962 523 1038 φασι
559 956 688 1040 (immot
718 956 833 1040 φησι)
866 957 952 1034 ταρόο
987 957 1042 1029 την
1075 952 1158 1032 οἷμον
1196 954 1383 1032 γεγενιῑοόαι

193 1080 267 1129 κτλ.
314 1063 434 1132 Eadem
465 1063 561 1129 habet
592 1061 731 1128 Venetus
763 1061 791 1126 B
822 1064 885 1127 ita:
918 1063 1123 1144 Ἀρίσταρχος
1159 1063 1216 1138 μέν
1245 1059 1385 1138 ,οίματοί

191 1181 339 1254 φησιν,
369 1172 394 1234 οί
428 1169 458 1234 δέ
488 1167 579 1234 άλλοι
602 1166 751 1245 ὄμματα·
778 1204 831 1217 ··
858 1171 1000 1249 Γοργόνος
1026 1171 1056 1235 δὲ
1081 1168 1197 1250 γράφει
1223 1166 1383 1246 Ἀρίσταρ-

191 1303 252 1359 χος
287 1279 358 1362 (hoo
388 1279 455 1342 sine
486 1276 583 1340 dubio
606 1274 722 1340 calami
746 1275 868 1361 lapsu),
895 1283 1014 1348 κακῶς·
1039 1276 1107 1342 οὔτε
1132 1278 1194 1356 γάρ
1218 1273 1232 1340 ό
1259 1274 1384 1348 ποιητέος

192 1387 266 1454 οὔτε
300 1383 434 1454 Ἡσίοδος
469 1381 587 1463 Γοργόν
617 1387 734 1466 φασιν,
765 1382 854 1447 άλλά
886 1383 998 1462 Γοργώ.
1047 1383 1167 1448 Eadem
1201 1401 1250 1446 res
1281 1382 1386 1446 estin

191 1500 332 1578 utroquo
355 1491 476 1574 codice,
500 1491 597 1556 verba
619 1510 681 1555 non
705 1489 847 1554 multum
875 1489 1065 1563 dissimilia.
1089 1490 1143 1555 sed
1164 1487 1248 1573 quod
1268 1484 1385 1567 γράφει

192 1599 362 1666 dicebatur
379 1599 414 1662 in
432 1599 607 1682 antiquiore
628 1602 726 1679 teste,
746 1597 779 1660 in
801 1598 895 1676 φησίν
914 1602 1078 1662 mutatum
1096 1602 1143 1662 est
1159 1598 1193 1660 in
1205 1596 1386 1680 posteriore.

191 1707 232 1772 In
257 1705 393 1772 Scholiis
416 1704 455 1769 ad
478 1701 654 1790 Odysseam
676 1701 796 1789 largior
819 1703 934 1768 horum
958 1710 1006 1770 est
1030 1706 1160 1770 messis:
1185 1727 1227 1786 α,
1254 1701 1292 1768 3:
1324 1699 1387 1766 νόον

192 1813 293 1892 ἔγνως
326 1811 487 1885 Ζηνόδοτος
519 1809 619 1892 ,νόμον
651 1807 741 1887 έγνω’
774 1810 897 1888 φησίν
930 1825 999 1875 κτλ.
1033 1811 1095 1896 (Μ)
1124 1847 1164 1860 -
1188 1836 1229 1894 α,
1254 1807 1297 1874 38
1322 1811 1389 1887 Ἐρ-

193 1919 292 2000 μείαν
315 1919 518 1996 τέμψοιντεςι
544 1914 610 1981 ένιοι
635 1915 826 1996 μέμψαιτό
851 1917 1007 1997 γράφουσι
1033 1918 1156 1988 δνίιιῶς·
1182 1953 1201 1966 -
1220 1951 1272 1966 --
1295 1911 1388 1987 οίίτοις

193 2027 228 2092 δέ
266 2025 318 2090 καί
354 2021 580 2102 Ἀριστοφάνης
612 2022 714 2102 φησί
753 2024 805 2088 καί
842 2022 1014 2096 Ζηνόδοτος.
1047 2022 1175 2107 (HMQ)
1202 2059 1243 2072 -
1268 2047 1301 2100 γ.
1327 2020 1389 2088 87:

192 2135 405 2212 Ἀρίσταρχος
440 2130 471 2194 δὲ
507 2129 541 2193 τό
577 2124 653 2212 ,ἦχί
689 2128 762 2193 άνεν
795 2135 848 2195 τοῦ
875 2133 1028 2210 ῑφησί.
1062 2127 1157 2214 (ΗΜ)
1185 2133 1285 2206 -ό,
1313 2127 1389 2194 494.

195 2240 305 2306 δόλοντ
343 2237 548 2317 Ἀρίσταρχος
585 2235 637 2300 καί
675 2234 903 2316 Ἀριστοφάνης
943 2237 1040 2315 ,δόλον1
1077 2237 1218 2315 φασίν.
1255 2235 1313 2324 (Η)
1348 2271 1389 2284 -

194 2363 237 2424 λ,
272 2344 355 2430 385,
388 2365 449 2430 quo
481 2342 611 2409 deloco
635 2345 699 2408 iam
724 2363 819 2428 supra
843 2345 990 2430 egimus,
1013 2343 1114 2425 ἄλλης
1142 2379 1194 2393 --
1209 2379 1228 2393 -
1253 2343 1390 2422 Ἀριστο-

198 2454 305 2536 φοόνης
331 2452 362 2516 δὲ
387 2451 509 2536 ,άλλην’
533 2449 646 2531 φησί.
674 2449 732 2536 (Η)
749 2487 789 2498 -
804 2475 829 2528 ν,
854 2431 908 2515 31'.
934 2461 1100 2530 τανημαρι
1127 2453 1141 2516 ὁ
1165 2449 1390 2530 Ἀριστοφάνης

197 2563 255 2626 οὐκ
278 2561 309 2622 έν
332 2560 465 2623 σννόέσει
490 2559 590 2636 φησί
616 2556 650 2620 τό
675 2563 825 2636 πανῆμαρ
849 2572 918 2621 κτλ.
947 2557 1006 2642 (Η)
1032 2595 1073 2606 -
1099 2555 1137 2642 ξ,
1162 2555 1244 2621 295:
1276 2552 1392 2626 Ῥιανός

196 2675 323 2748 φησιν
348 2664 534 2746 ,έφέσσατο’.
561 2663 721 2737 Ζηνόδοτος
747 2651 928 2743 ,έφείσατο’.
955 2663 1013 2748 (Η)
1041 2702 1082 2712 -
1106 2665 1142 2740 β,
1167 2662 1231 2728 247
1257 2684 1295 2728 ex
1319 2661 1389 2740 MS,

198 2793 265 2858 quo
288 2772 327 2836 de
350 2771 418 2837 loco
441 2791 517 2837 mox
540 2771 672 2835 dicetur.
699 2805 739 2818 --
766 2794 800 2847 γ.
826 2769 903 2836 245.
927 2769 962 2834 τό
987 2771 1017 2834 δὲ
1046 2769 1232 2846 ,άόανάτοιί
1256 2767 1392 2848 Ἀριστο-

199 2879 305 2962 φάνης
330 2878 505 2952 ,ἀθάνατοί
528 2879 642 2954 λέγει
667 2877 779 2950 ἑνικῶς.
805 2877 915 2962 (ΗΜ).
943 2915 984 2926 -
1009 2901 1042 2960 ε,
1067 2875 1142 2941 296.
1167 2875 1202 2941 τό
1226 2875 1252 2939 δ’
1277 2877 1391 2954 ,αίόρη-

200 2986 340 3068 γενέτης’
359 2987 474 3056 Ῥιανός
497 2985 547 3048 καὶ
569 2985 793 3064 Ἀριστοφάνης
812 2985 1028 3064 ,αίόρηγενενίό
1045 2983 1241 3060 λέγουσιν
1256 2981 1392 3067 (HMQ).

202 3133 246 3144 -
272 3118 301 3178 ε,
324 3091 389 3158 334
420 3099 464 3178 (p.
491 3090 567 3166 278,
600 3089 621 3156 8
652 3091 762 3173 Dind.)
788 3092 801 3155 ό
826 3092 882 3165 μὲν
906 3091 1131 3172 Ἀριστοφάνης
1156 3091 1215 3161 τάς
1240 3091 1393 3170 άνόρνιιτο·

200 3203 292 3274 ειδεῖς
321 3201 391 3272 όεόος
416 3199 590 3271 αὐδηέοσας
614 3197 708 3276 φησίν
733 3199 886 3284 (exponit)
913 3199 993 3264 οίονεδ
1018 3201 1120 3278 φωνην
1143 3197 1392 3275 μετειληφυίας,

199 3310 214 3374 ό
254 3306 284 3372 δὲ
317 3305 532 3386 Ἀριστοτέλης
565 3305 731 3378 οὐδείεσοαν
760 3303 877 3380 λέγει
907 3306 990 3369 οίονεί
1023 3305 1178 3382 έτίγειον,
1210 3303 1304 3378 οὕτως
1342 3305 1393 3370 καί

200 3413 400 3488 Χαμαιλέων.
427 3411 552 3496 (HPQ.)
578 3447 621 3460 -
644 3413 678 3495 ό,
702 3410 779 3474 251.
806 3410 966 3484 Ζηνόδοτος
992 3413 1168 3490 ,ταίσατον’
1196 3407 1332 3486 εἶτεν,
1361 3413 1395 3474 οὐ

199 3527 316 3590 κακῶς.
343 3517 440 3604 (HQ.)
465 3519 520 3582 ubi
540 3523 596 3582 aui
620 3520 651 3581 οὐ
677 3516 846 3584 delendum
871 3524 926 3583 aui
949 3521 1056 3604 potius
1080 3521 1112 3583 οὑ
1138 3525 1239 3592 καλῶς
1257 3518 1393 3584 seriben-

200 3629 301 3710 dum,
326 3605 394 3710 (cfr.
421 3628 441 3690 i.
456 3645 481 3689 a.
508 3625 548 3689 ad
573 3634 608 3694 λ.
637 3621 704 3701 60.)
728 3629 876 3690 monente
900 3623 1088 3691 Schmidiio.
1116 3627 1159 3710 (p.
1186 3623 1273 3710 198.)
1311 3623 1395 3690 Usus

199 3733 373 3802 verborum
398 3733 629 3807 όναγινόσιιενν,
654 3729 770 3808 λέγειν,
794 3731 895 3810 φάναι
916 3730 1000 3818 apud
1012 3733 1239 3817 grammaticos
1251 3733 1285 3796 in
1298 3732 1395 3796 variis

200 3838 394 3908 lectionibus
416 3838 592 3904 indicandis
616 3837 667 3902 his
690 3840 755 3902 iam
780 3840 857 3902 satis
882 3838 1045 3904 stabilitus
1069 3839 1140 3904 erit.

250 4051 285 4130 β.
311 4049 364 4114 65.
390 4049 504 4120 άλλονς
528 4053 557 4111 τ’
582 4048 757 4125 αίδέσόητε;
782 4048 911 4131 ἐλέγχει
931 4050 965 4113 τό
986 4053 1116 4127 πλῆθος,
1142 4048 1203 4116 ίτι
1229 4052 1322 4134 ἐχρῆν
1342 4053 1393 4118 καί

203 4157 305 4224 αὐτό
337 4163 409 4222 τῶν
442 4159 530 4236 παρ’
565 4157 690 4221 αὐτοῦ
723 4156 854 4234 λόγιον
879 4157 1115 4238 πάσχοντος
1140 4159 1328 4223 διακωλῦσαι
1352 4162 1395 4225 τά

202 4265 402 4343 τολμώμενα.
450 4261 502 4328 Sic
535 4284 662 4348 prorsus
693 4266 760 4330 sine
790 4284 882 4328 sensu
907 4262 945 4342 Q,
971 4263 1054 4329 unde
1079 4265 1155 4331 haee
1179 4265 1395 4333 Buttmannus

203 4381 237 4440 ei
272 4369 454 4436 Dindorfius
489 4369 666 4434 ediderunt.
713 4370 833 4435 Eadem
869 4372 901 4434 in
937 4369 1000 4434 HD
1036 4392 1101 4436 esse
1137 4373 1302 4442 videniur.
1334 4376 1396 4440 nisi

204 4481 289 4566 quod
319 4479 371 4544 hic
395 4483 527 4562 uterque
551 4477 647 4542 codex
672 4499 726 4564 pro
751 4480 859 4543 insano
883 4477 960 4542 αὐτὸ
984 4481 1104 4564 optime
1128 4481 1278 4564 praebent
1301 4480 1389 4562 οίνεν,
