3318 5138
767 335 809 402 79

182 527 320 594 tentiam
344 527 444 610 hanc,
468 531 505 590 ut
529 527 615 594 dicat
638 526 671 592 iu
694 525 869 594 Homerico
891 547 986 594 versu
1010 528 1065 604 όόος
1090 527 1147 606 μὲν
1172 525 1380 607 κροκόπεπλος

184 633 323 698 ἐκίδνατο
356 633 551 700 adicctivum
583 633 788 712 κροκόπεπλος
819 634 857 699 de
887 634 946 699 den
975 639 1101 708 tantum
1133 634 1219 720 ipsu,
1244 637 1380 702 verbum

184 741 324 806 s'xrbvcro
358 741 484 806 nonnisi
519 740 558 805 de
593 737 664 804 lucc
698 761 794 825 quam
834 741 957 805 emittit
996 741 1074 806 bens
1105 741 1236 814 habere,
1272 741 1381 826 itaque

184 846 525 922 animadvertendum,
544 851 670 932 poetam
691 846 768 912 haec
787 845 869 930 duo',
881 844 957 911 licet
969 846 1168 933 aliquantum
1187 851 1379 935 incongrue,

184 958 219 1019 in
249 973 352 1019 unum
377 960 484 1018 tamen
508 973 638 1018 versum
664 952 871 1030 conclusisse,
899 989 941 1004 -
963 955 989 1018 si
1013 955 1116 1040 igitur
1139 955 1217 1020 hacc
1242 955 1381 1020 auctoris

185 1061 344 1126 sententia
375 1063 443 1142 est,
467 1059 541 1124 binc
565 1071 675 1144 sponte
699 1061 857 1142 nascitur,
883 1058 1040 1144 quomodo
1063 1060 1131 1124 eius
1154 1060 1250 1126 verba
1274 1081 1380 1126 emen·

185 1167 307 1250 danda,
343 1165 427 1251 quod
469 1186 531 1232 non
568 1165 708 1231 multum
747 1177 811 1243 eet,
845 1177 939 1251 atque
969 1167 1002 1230 in
1034 1166 1176 1232 ordinem
1208 1165 1380 1256 redigenda

183 1277 261 1340 sint.
303 1271 373 1338 Iam
418 1273 560 1358 primum
602 1267 648 1335 ότι
691 1277 774 1336 stare
815 1292 878 1338 uon
912 1292 1001 1356 posse
1037 1277 1176 1357 apparet.
1221 1271 1378 1352 Quemad-

184 1381 320 1448 modum
345 1383 378 1444 in
402 1378 661 1464 praecedentibus
685 1378 785 1443 dixit:
811 1378 840 1441 ἕν
865 1377 896 1441 δὲ
923 1379 964 1458 τῷ
1000 1379 1074 1462 ,ἠὼς
1096 1379 1153 1456 μὲν
1173 1379 1378 1458 κροκόπεπλος

185 1487 325 1552 ἐκίδνατο
359 1488 466 1550 πᾶσαν
491 1486 540 1550 ἐπ’
565 1481 655 1549 αίοον”
679 1484 713 1548 τό
739 1484 875 1549 ἐκίδνατο
901 1483 1079 1564 παροίτασιν
1103 1482 1189 1564 ἔχει,
1216 1486 1248 1549 οὐ
1273 1485 1380 1550 σαντί·

185 1609 284 1658 λειαν.
322 1591 410 1658 ἐπεὶ
443 1593 505 1670 yar
541 1592 750 1670 σφαιροειδοῦς
786 1590 867 1665 όντος
906 1595 959 1656 τοῦ
997 1589 1111 1668 κόσμον
1136 1627 1189 1640 --
1212 1592 1273 1670 οὐχ
1309 1587 1380 1666 όίμα

185 1705 266 1766 πᾶσι
287 1700 374 1765 κατόι
399 1699 432 1763 τό
458 1699 534 1764 αὐτό
560 1699 573 1764 ό
599 1698 679 1775 ἥλιος
705 1697 1076 1770 οίνατίλλει--είκότιος
1100 1698 1134 1763 τό
1158 1698 1295 1763 ἐκίδνατο
1320 1695 1380 1778 ἔφη
1483 1689 1495 1704 ”

185 1825 271 1885 κτλ,
303 1807 414 1873 eadem
446 1806 549 1870 torma
579 1811 611 1871 et
643 1807 876 1870 constructione
899 1807 1063 1889 sequentis
1085 1825 1209 1890 quoquc
1232 1825 1306 1870 eum
1331 1826 1383 1870 ex-

185 1914 301 1980 tulisse
331 1921 364 1978 st
396 1920 482 1980 totos
513 1919 777 2000 argumentorum
811 1918 900 1977 tenor
931 1912 1086 1996 ostendit,
1111 1933 1284 1998 eorumque
1307 1933 1381 1978 cum

185 2019 450 2088 antecedentibus
485 2041 541 2104 per
570 2019 761 2104 particulam
792 2021 843 2084 καὶ
879 2017 1048 2105 copulatio.
1079 2017 1191 2104 Itaque
1222 2018 1303 2084 fuit:
1328 2019 1380 2082 καί

186 2128 279 2192 ἐπεί
310 2126 365 2190 σὺν
394 2129 435 2206 τῷ
468 2127 704 2202 οόποτελέσμοιτι
736 2141 805 2190 κτλ.
839 2123 961 2190 Deinde
986 2127 1002 2200 ἡ
1026 2126 1083 2203 μὲν
1107 2125 1170 2204 γὰρ
1196 2126 1259 2197 όεός
1288 2161 1377 2176 ---

186 2236 277 2314 παρὰ
308 2237 363 2307 τίρν
392 2242 453 2310 γῆν
475 2254 536 2298 nou
561 2231 739 2298 absolutam
762 2224 951 2298 sententiam
975 2231 1135 2316 efficiunt,
1160 2232 1213 2298 ssd
1238 2233 1379 2310 παρενόε·

187 2348 279 2412 resur
302 2342 406 2426 posita
424 2339 457 2405 id
476 2338 655 2424 explicant,
670 2341 702 2404 in
715 2358 777 2424 quo
790 2345 876 2405 totus
889 2337 1113 2424 disputationis
1127 2338 1219 2405 cardo
1231 2339 1379 2421 vertitur,

186 2467 247 2514 cur
278 2445 362 2512 illud
385 2445 590 2522 ἀποτέλεσμα
614 2452 647 2511 st
670 2446 843 2510 οίποτελοῦν
866 2445 919 2510 hic
941 2453 1240 2512 commemorentur.
1288 2443 1378 2524 Quod

187 2555 219 2620 ai
250 2556 297 2620 ita
326 2559 389 2628 est,
419 2555 593 2620 necessario
617 2551 759 2625 atribuere
785 2551 899 2637 incipit
924 2571 994 2636 per:
1020 2551 1034 2616 ό
1059 2551 1090 2616 δὲ
1113 2549 1221 2628 λαβὼν
1245 2553 1300 2624 τὴν
1320 2575 1379 2614 σοι·

185 2659 338 2739 ματοειδιῑ
369 2661 433 2725 όεόν
456 2673 526 2724 κτλ.
551 2664 589 2724 '0
615 2659 647 2724 δὲ
671 2659 704 2723 iu
729 2658 873 2744 epodosi,
895 2659 993 2722 stiam
1016 2655 1106 2722 nulla
1129 2657 1310 2742 parenthesi
1332 2659 1380 2722 iu-

187 2769 336 2850 teriscta,
369 2767 451 2852 apud
481 2787 590 2831 omues
613 2768 758 2831 omnium
782 2773 963 2851 temporum
987 2767 1152 2849 scriptores
1176 2765 1380 2830 tritissimum
1454 2751 1456 2758 ⁴

186 2883 247 2940 est.
296 2873 345 2938 Ns
375 2873 573 2962 Porphyrius
604 2894 728 2960 quoque
759 2872 852 2938 aliter
882 2873 998 2938 dixisse
1029 2871 1175 2937 videatur
1205 2892 1241 2937 uc
1266 2872 1383 2937 caeteri

186 3000 319 3056 omues,
356 3000 457 3046 unum
489 2979 597 3046 locum
628 2981 804 3056 adducam,
836 2980 891 3065 qui
922 2979 956 3044 in
987 2979 1046 3044 hoc
1076 2980 1145 3062 ipso
1176 2976 1257 3044 libro
1287 2975 1383 3062 paulo

184 3086 273 3152 infra
305 3087 360 3170 (ad
392 3107 438 3152 vs.
465 3085 524 3170 63)
548 3085 686 3175 legitur:
710 3087 774 3152 δέον
798 3087 862 3165 γὰρ
886 3083 988 3163 οίξιοῦν
1011 3083 1063 3150 καί
1087 3085 1233 3154 ἱκετεύειν
1259 3121 1311 3136 --
1325 3121 1345 3134 -
1370 3084 1383 3148 ό

186 3193 231 3258 δὲ
265 3192 450 3266 ἐπιπλήσσει
482 3192 583 3270 λέγων
614 3208 684 3259 κτλ.
722 3191 774 3258 Sic
798 3194 831 3257 in
855 3213 952 3258 unam
976 3194 1166 3258 sententiam
1190 3191 1380 3268 coalescant,

186 3321 272 3388 quae
305 3303 338 3365 in
369 3301 561 3366 editionibus
591 3303 624 3364 in
656 3306 720 3366 tres
750 3300 906 3388 discerpta
929 3298 1014 3365 male
1035 3297 1269 3386 iutelliguntur.
1303 3297 1384 3364 Tan·

188 3409 263 3475 dem
288 3409 322 3472 in
342 3408 446 3474 verbis
463 3428 543 3493 quac
563 3410 597 3472 in
617 3405 678 3472 fine
696 3409 799 3492 posita
811 3413 902 3472 suut:
924 3404 1015 3470 ἔνόα
1036 3405 1132 3479 διίπον
1145 3408 1162 3480 ἡ
1176 3405 1382 3482 σωματοειδίρς

188 3515 397 3594 ἐπεπόρευτο,
422 3515 497 3577 ἀλλ’
520 3514 554 3577 οιί
574 3515 609 3577 τό
628 3514 685 3576 ἀπ’
710 3515 807 3586 αὐτῆς
833 3518 898 3592 Φῶς
924 3511 1076 3594 ἦμερινόν,
1101 3511 1288 3576 adverbium
1313 3510 1380 3576 ἔνόα

187 3621 317 3687 nullam
351 3640 459 3685 eanum
495 3621 788 3706 interpretationem
825 3620 977 3686 admittit.
1016 3616 1123 3684 (lodex
1157 3617 1186 3682 D
1222 3638 1279 3702 pro
1313 3615 1383 3681 ἓνόοο

184 3729 287 3794 habet
318 3727 403 3810 καί,
437 3746 497 3811 que
528 3727 589 3792 etsi
619 3747 681 3792 non
712 3726 854 3791 multum
886 3729 1056 3807 iuvamur,
1088 3723 1243 3788 indicium
1275 3729 1383 3789 tamen

186 3841 255 3918 eet,
279 3833 376 3898 fuisse
401 3831 479 3898 olim
502 3832 536 3897 in
560 3833 734 3919 archetypo
756 3832 948 3899 vocabulum
974 3831 1057 3915 quod
1077 3830 1144 3918 legi
1166 3850 1228 3895 non
1247 3836 1383 3916 poterat,

187 3941 276 4008 uude
309 3941 429 4005 scribae
463 3960 519 4025 pro
551 3946 647 4024 captu
680 3960 737 4004 suo
773 3939 991 4024 arbitratuque
1027 3927 1150 4021 aliquid
1185 3940 1382 4002 effinxerunt.

186 4047 394 4134 Requiritur:
428 4047 529 4119 αιἰτίρ
560 4046 654 4119 διίπον
679 4049 696 4120 ἡ
720 4044 929 4122 σωματοειδίις
955 4043 1158 4120 ἐπεπόρευτο,
1184 4049 1292 4108 contra
1315 4045 1384 4108 cius

188 4155 249 4220 lux
274 4153 557 4218 σκεδάννυται.
583 4149 683 4217 Totus
706 4153 841 4238 denique
865 4150 953 4216 locus
977 4153 1005 4216 si
1027 4150 1074 4215 ita
1098 4149 1303 4215 exhibeatur:
1329 4149 1381 4214 καί

189 4261 281 4328 ἐπεί
307 4262 361 4324 σὺν
383 4261 426 4342 τῷ
450 4258 686 4335 οίποτελέσροατι
711 4257 763 4323 καί
785 4259 836 4323 τόν
854 4257 949 4336 κύριον
970 4263 1023 4321 τοῦ
1044 4256 1291 4331 οόποτελουραόνου
1305 4251 1381 4320 είναι

187 4367 362 4448 βούλεται·
392 4404 434 4414 -
460 4368 476 4442 ἡ
501 4365 645 4446 μὲνγὰρ
670 4365 732 4436 όεός
757 4363 980 4444 κροκόπεπλος,
1004 4365 1043 4436 ὥς
1064 4360 1102 4427 ἂν
1125 4358 1202 4426 οὖσα
1227 4361 1322 4436 ἔννους
1349 4388 1384 4427 τε

190 4475 246 4540 καί
268 4473 411 4554 ἔμψυχος
431 4473 482 4536 καί
505 4471 694 4558 ἐνσώματι,
715 4471 748 4561 (Ι.
776 4471 1025 4558 ε’νσόματος)
1047 4469 1081 4533 τό
1094 4469 1126 4536 δὲ
1138 4469 1196 4535 ἀπ’
1208 4470 1306 4548 αὐτοῖς
1318 4475 1384 4554 φῶς
