3242 5140
735 329 799 400 881

170 529 254 598 iem,
287 523 489 589 seribendum
519 541 727 610 proposuero:
762 528 911 588 ιιοιτῦι
942 522 972 589 δὲ
1004 521 1095 588 ῦυτυυ
1117 520 1162 588 ἔτι
1187 519 1225 588 ῦι
1248 523 1364 602 ἐπηγ-

169 632 300 708 γείλατο
335 631 369 695 τὸ
401 638 457 705 τῆς
487 629 563 711 ᾠδῆς
596 629 649 695 καὶ
684 631 719 695 τὸ
753 637 807 703 τῆς
840 632 963 705 ἐσθῆτος
994 645 1066 695 ιιτλ.
1114 631 1361 709 ’Λπαγγοῦλατο

169 757 336 822 operarum
367 739 485 802 vitium
516 736 682 814 haberem,
711 739 773 801 nisi
803 739 835 801 in
859 735 1051 802 Buttmanni
1075 736 1213 802 editione
1236 757 1363 823 prorsus

169 844 256 909 idem
286 841 446 930 legeretur
478 844 502 928 ¹)
533 841 675 908 Tandem
704 846 787 908 eirea
817 840 1043 928 disputationis
1071 841 1188 908 finem:
1221 839 1284 907 ileo
1307 843 1361 908 καὶ

168 949 327 1022 τούτοις
352 948 447 1014 πάλιυ
470 955 621 1028 μαρτυρεῖ
642 950 655 1013 ὃ
681 949 867 1022 Ὀδυσσεύς·
892 950 1076 1027 »ἀσπασίως
1100 951 1157 1027 ροὲι
1178 949 1245 1015 ἰδὼν
1262 951 1360 1029 θερμά

170 1055 299 1136 λοετρά”
331 1056 390 1142 (vs.
415 1053 510 1140 450)·
536 1055 587 1119 καὶ
613 1054 757 1134 περὶτοῦ
782 1056 855 1136 ᾠδοῦ
879 1056 980 1132 λέγων
1005 1058 1043 1128 ὦς
1070 1056 1362 1134 „maledicendum

171 1163 252 1227 ε’στὶυ
283 1161 400 1227 dorae?
429 1165 451 1248 (ι
485 1161 519 1246 3)
552 1177 620 1236 aaa.
647 1160 694 1226 At
719 1162 847 1227 dativus
869 1163 959 1228 verbi
985 1171 1148 1243 μαρτυρεῖν
1173 1163 1212 1228 de
1235 1163 1364 1229 homine

169 1272 316 1356 ponitur,
342 1289 404 1334 non
429 1269 469 1334 de
491 1289 545 1343 re,
570 1274 726 1352 utsupra
749 1269 800 1332 τὸν
825 1268 1067 1348 μαρτυρήσαντα
1090 1270 1238 1345 ἀλήθειαν
1262 1272 1361 1351 αὐτῷ,
1455 1347 1456 1356 ¹

168 1379 276 1461 itaque
312 1374 532 1440 scribendum:
569 1369 632 1437 ὅθεν
668 1372 720 1438 καὶ
759 1372 853 1461 (ἐπὶ)
889 1376 1005 1446 τούτοις
1042 1375 1136 1440 πάιιιι
1170 1385 1320 1458 μαρτυρεῖ
1349 1377 1362 1440 ὅ

171 1481 342 1553 Ὀδυσσεύς
366 1495 436 1547 κτλ.

218 1662 250 1740 ἀ,
276 1659 350 1726 393.
388 1662 433 1726 Τὸ
464 1659 495 1725 δὲ
525 1660 681 1726 τάλαιτου
705 1666 838 1742 χρυσοῦς
862 1658 930 1742 εἶχε
954 1671 1054 1742 τρεῖς,
1078 1666 1117 1736 ὦς
1142 1665 1195 1730 καὶ
1220 1666 1365 1742 Φιλήμων
1391 1709 1395 1718 ·

171 1769 186 1833 ὅ
210 1766 327 1845 κυμικδ
355 1789 362 1802 ’
389 1766 456 1844 ,33:5⁸
479 1769 505 1834 si
529 1767 625 1844 λάβυι
649 1767 817 1853 τάλαιτα,
840 1774 972 1850 χρυσοῦς
999 1761 1034 1848 ἓξ
1057 1767 1138 1853 ἔχων
1162 1771 1363 1837 ἀποίσεται.”

172 1874 225 1962 (Τ)
256 1873 305 1940 lta
337 1880 369 1940 et
399 1873 663 1962 Etymologieum
696 1874 854 1962 Magnum
880 1899 913 1962 p.
938 1875 1016 1955 744,
1041 1875 1097 1962 38,
1120 1879 1183 1942 nisi
1207 1879 1290 1965 quod
1314 1881 1364 1944 in-

171 2002 262 2051 verso
293 1981 403 2047 ordine
433 2001 530 2065 prave
560 1977 640 2060 ἔχου
672 1978 706 2057 ἓξ
738 1984 881 2067 praebet,
907 1983 991 2068 quod
1014 1992 1217 2049 correxerunt
1239 1985 1366 2050 Petitus

171 2097 204 2156 et
228 2087 403 2154 Bentleius.
425 2085 452 2171 Β)
475 2087 544 2153 Vox
567 2069 734 2154 ἀπὀίσεται
759 2110 833 2155 vero
857 2089 1037 2174 hueusque,
1072 2096 1227 2176 quantum
1252 2093 1365 2175 seiam,

171 2197 240 2262 sine
263 2196 440 2281 suspicione
464 2197 584 2278 evasit,
609 2198 686 2280 quin
708 2197 807 2260 etiam
825 2193 972 2262 Bentleio
991 2216 1097 2260 ansam
1121 2197 1209 2262 dedit
1228 2197 1365 2280 duriter,

170 2309 209 2368 ut
243 2301 382 2386 adsolet,
418 2300 535 2368 Clerici
566 2305 726 2368 inscitiam
757 2302 950 2387 increpandi.
984 2301 1119 2388 „Specta
1147 2303 1217 2381 hie,
1248 2302 1366 2386 laetor,

170 2409 384 2475 eruditionem
407 2407 476 2473 Viri
501 2404 584 2474 Clau.
611 2407 752 2493 (Clerici)
774 2414 805 2473 et
828 2409 956 2472 &imina
979 2411 1015 2472 οῦ
1035 2432 1094 2472 :too
1113 2409 1366 2474 Dieoehominem.

171 2517 352 2601 Principio,
383 2535 445 2580 non
469 2517 568 2580 sensit
591 2516 624 2580 in
648 2535 684 2580 eo
707 2514 839 2582 Senario
863 2516 953 2580 binos
976 2515 1071 2601 pedes
1096 2516 1179 2580 male
1203 2516 1366 2600 incedere3

171 2623 285 2689 deinde
319 2622 483 2686 ἀποίσεται
517 2624 615 2686 vertit
646 2622 756 2700 atisin
791 2624 881 2706 quasi
913 2622 1060 2686 futurum
1093 2627 1220 2707 tempus
1243 2635 1368 2687 esseta

170 2730 314 2794 themate
337 2728 526 2808 ἀποίχοιοαι,
551 2729 632 2792 obeo.
680 2725 764 2792 llum
789 2726 841 2792 vel
865 2727 1015 2812 disoipuli
1038 2728 1072 2791 in
1097 2727 1174 2794 ludo
1198 2725 1368 2794 Gramma·

172 2836 235 2900 tioo
269 2836 371 2900 soient
401 2832 578 2913 ἀποίχοροαι
610 2836 644 2898 In
677 2834 786 2900 futuro
817 2833 891 2898 dare
924 2835 1159 2916 ἀποιχάσοροαι;
1194 2835 1366 2909 ἀποίσομαι

171 2961 246 3007 vero
276 2941 350 3006 duci
382 2961 401 3005 a
430 2946 593 3025 praesenta
624 2939 843 3020 ἀποφέροροαι·
876 2974 895 2987 -
910 2978 928 2987 -
953 2938 1004 3005 'Pu
1029 2961 1120 3013 vero,
1142 2939 1259 3019 laetor,
1282 2941 1368 3005 huno

172 3069 246 3114 auae
275 3067 325 3112 res
356 3048 418 3112 sibi
448 3047 564 3111 habere
582 3048 680 3133 jube,
705 3054 738 3112 et
760 3048 806 3112 sie
828 3067 957 3112 meeum
980 3045 1070 3132 lege,
1092 3045 1270 3126 Τάλοιυτα,
1294 3071 1368 3126 χρυ

173 3159 243 3226 σοῦς
274 3145 308 3228 ἓξ
331 3151 409 3233 ἔχων
432 3151 628 3218 deotmar?
650 3155 696 3239 (p.
723 3151 807 3236 1333
832 3152 884 3218 vel
907 3175 938 3238 p.
964 3151 1029 3218 558
1052 3152 1211 3240 Meinek.)
1234 3156 1298 3229 At,
1326 3191 1367 3202 —

172 3262 349 3346 quodcum
369 3280 498 3325 summa
515 3263 596 3324 tanti
616 3263 679 3326 viri
698 3261 875 3326 reverentia
896 3259 1018 3325 dietum
1039 3266 1120 3336 esto,
1141 3297 1182 3310 -
1196 3260 1367 3348 intellego:

172 3367 368 3449 ἀποφέρεται
399 3372 529 3446 χρυσοῦς
558 3361 618 3445 ἕξ,“
642 3367 697 3433 sed
729 3365 921 3449 ἀποφέρεται
945 3372 1077 3447 χρυσοῦς
1101 3363 1136 3442 ἓξ
1160 3366 1240 3448 ἔχων
1263 3367 1368 3431 infen-

174 3477 303 3542 tissima
336 3473 419 3539 mihi
454 3473 631 3561 tautologia
666 3473 804 3546 videtur.
852 3473 950 3560 quue
987 3475 1092 3560 ipsum
1129 3475 1261 3540 sensisse
1290 3484 1368 3560 puto
1415 3547 1417 3552 ,

174 3580 353 3656 Olerieum.
389 3583 451 3644 nisi
482 3581 566 3664 quod
598 3600 701 3646 errore
734 3580 880 3665 pudendo
911 3581 1062 3665 quidem,
1079 3582 1147 3673 ‘sed
1178 3580 1235 3646 illa
1267 3587 1369 3646 aetate

175 3710 237 3754 non
261 3691 308 3752 ita
331 3705 419 3763 rare,
443 3687 477 3750 in
500 3689 716 3773 grammatica
739 3688 842 3753 forma
864 3689 1018 3772 peccavit.
1066 3687 1159 3752 Nihil
1183 3692 1310 3763 autem.
1331 3709 1370 3753 ne

174 3797 214 3861 ab
243 3795 303 3859 hae
334 3792 463 3878 quidem
494 3801 601 3878 parte,
626 3793 804 3860 offensionis
838 3793 999 3858 habebunt
1023 3795 1070 3857 ita
1093 3795 1232 3880 scripta:
1261 3794 1316 3858 Ad'
1344 3794 1368 3858 si

175 3899 270 3979 λάβοι
294 3897 471 3973 Τάλαιιτα,
496 3905 627 3979 χρυσοῦς
652 3891 686 3974 ἒξ
712 3897 792 3980 ἔχοι
814 3899 1055 3980 ἀποίχεται.

112 4067 124 4088 ’
222 4087 254 4159 d,
288 4079 363 4145 462.
406 4079 564 4145 Nausicaa
598 4077 728 4144 Ulixem
763 4099 781 4144 a
816 4078 902 4144 ludis
937 4077 1119 4162 balneisque
1157 4085 1369 4144 revertentem

178 4213 250 4256 cum
275 4189 481 4254 admiratione
506 4186 701 4270 conspicata:
762 4208 771 4230 ⁴

215 4421 239 4482 l)
258 4417 308 4467 cfr.
328 4417 403 4464 Praei.
424 4432 444 4480 p.
466 4415 550 4462 LXIII
568 4415 597 4461 ad
616 4429 638 4478 p.
657 4415 714 4470 fill,
735 4415 773 4461 13.

216 4503 237 4561 l)
255 4499 304 4549 Cir.
324 4501 352 4548 Α.
372 4497 496 4547 Mainake:
519 4496 646 4546 Menandri
665 4499 689 4544 et
707 4495 854 4545 Philemonis
874 4493 1009 4559 Reliquiae,
1028 4511 1051 4562 p.
1070 4493 1127 4545 424.
