<?xml version="1.0" encoding="UTF-8"?>
<!DOCTYPE html PUBLIC "-//W3C//DTD XHTML 1.0 Transitional//EN"
    "http://www.w3.org/TR/xhtml1/DTD/xhtml1-transitional.dtd">
<html xmlns="http://www.w3.org/1999/xhtml" xml:lang="en" lang="en">
 <head>
  <title>
</title>
<meta http-equiv="Content-Type" content="text/html;charset=utf-8" />
  <meta name='ocr-system' content='tesseract 3.04.00' />
  <meta name='ocr-capabilities' content='ocr_page ocr_carea ocr_par ocr_line ocrx_word'/>
</head>
<body>
  <div class='ocr_page' id='page_1' title='image "./adodysseameiusq01polagoog_0322.png"; bbox 0 0 3278 5148; ppageno 0'>
   <div class='ocr_carea' id='block_1_1' title="bbox 744 369 809 444">
    <p class='ocr_par' dir='ltr' id='par_1_1' title="bbox 744 369 809 444">
     <span class='ocr_line' id='line_1_1' title="bbox 744 369 809 444; baseline 0.062 -5"><span class='ocrx_word' id='word_1_1' title='bbox 744 369 809 444; x_wconf 80' lang='lat'><strong>307</strong></span> 
     </span>
    </p>
   </div>
   <div class='ocr_carea' id='block_1_2' title="bbox 178 563 1457 3674">
    <p class='ocr_par' dir='ltr' id='par_1_2' title="bbox 178 563 1457 3674">
     <span class='ocr_line' id='line_1_2' title="bbox 178 563 1369 653; baseline -0.003 -19"><span class='ocrx_word' id='word_1_2' title='bbox 178 579 216 648; x_wconf 67' lang='grc' dir='ltr'><strong>τῇ</strong></span> <span class='ocrx_word' id='word_1_3' title='bbox 251 569 359 634; x_wconf 88' lang='lat' dir='ltr'><strong>addidi</strong></span> <span class='ocrx_word' id='word_1_4' title='bbox 396 567 575 633; x_wconf 85' lang='lat' dir='ltr'><strong>defensione</strong></span> <span class='ocrx_word' id='word_1_5' title='bbox 610 587 671 631; x_wconf 93' lang='lat' dir='ltr'><strong>non</strong></span> <span class='ocrx_word' id='word_1_6' title='bbox 707 587 800 653; x_wconf 81' lang='lat' dir='ltr'><strong>egere</strong></span> <span class='ocrx_word' id='word_1_7' title='bbox 835 572 955 650; x_wconf 88' lang='lat' dir='ltr'><strong>putem.</strong></span> <span class='ocrx_word' id='word_1_8' title='bbox 1005 563 1051 630; x_wconf 93' lang='lat' dir='ltr'><strong>Ut</strong></span> <span class='ocrx_word' id='word_1_9' title='bbox 1086 565 1261 652; x_wconf 87' lang='lat' dir='ltr'><strong>plurimum</strong></span> <span class='ocrx_word' id='word_1_10' title='bbox 1293 565 1369 630; x_wconf 84' lang='lat' dir='ltr'><strong>Din-</strong></span> 
     </span>
     <span class='ocr_line' id='line_1_3' title="bbox 178 673 1369 760; baseline -0.003 -19"><span class='ocrx_word' id='word_1_11' title='bbox 178 675 296 742; x_wconf 87' lang='lat' dir='ltr'><strong>dorfius</strong></span> <span class='ocrx_word' id='word_1_12' title='bbox 336 675 414 740; x_wconf 86' lang='lat' dir='ltr'><strong>tolia</strong></span> <span class='ocrx_word' id='word_1_13' title='bbox 457 675 630 740; x_wconf 78' lang='lat' dir='ltr'><strong>minutiora</strong></span> <span class='ocrx_word' id='word_1_14' title='bbox 670 673 872 738; x_wconf 87' lang='lat' dir='ltr'><strong>inemendata</strong></span> <span class='ocrx_word' id='word_1_15' title='bbox 921 675 1101 760; x_wconf 87' lang='lat' dir='ltr'><strong>praeteriit,</strong></span> <span class='ocrx_word' id='word_1_16' title='bbox 1144 693 1369 760; x_wconf 86' lang='lat' dir='ltr'><strong>nonnunquam</strong></span> 
     </span>
     <span class='ocr_line' id='line_1_4' title="bbox 178 779 1457 866; baseline 0.002 -18"><span class='ocrx_word' id='word_1_17' title='bbox 178 783 263 848; x_wconf 85' lang='lat' dir='ltr'><strong>male</strong></span> <span class='ocrx_word' id='word_1_18' title='bbox 287 781 466 848; x_wconf 76' lang='lat' dir='ltr'><strong>deficientia</strong></span> <span class='ocrx_word' id='word_1_19' title='bbox 490 780 686 846; x_wconf 85' lang='lat' dir='ltr'><strong>restituenda</strong></span> <span class='ocrx_word' id='word_1_20' title='bbox 709 779 880 863; x_wconf 80' lang='lat' dir='ltr'><strong>indicavit,</strong></span> <span class='ocrx_word' id='word_1_21' title='bbox 906 783 997 845; x_wconf 90' lang='lat' dir='ltr'><strong>ouius</strong></span> <span class='ocrx_word' id='word_1_22' title='bbox 1020 782 1065 846; x_wconf 88' lang='lat' dir='ltr'><strong>rei</strong></span> <span class='ocrx_word' id='word_1_23' title='bbox 1090 802 1190 844; x_wconf 89' lang='lat' dir='ltr'><strong>unum</strong></span> <span class='ocrx_word' id='word_1_24' title='bbox 1213 781 1369 866; x_wconf 79' lang='lat' dir='ltr'><strong>proferam</strong></span> <span class='ocrx_word' id='word_1_25' title='bbox 1451 833 1457 850; x_wconf 90' lang='lat'><strong>.</strong></span> 
     </span>
     <span class='ocr_line' id='line_1_5' title="bbox 179 885 1368 976; baseline -0.003 -21"><span class='ocrx_word' id='word_1_26' title='bbox 179 889 379 976; x_wconf 83' lang='lat' dir='ltr'><strong>exemplum,</strong></span> <span class='ocrx_word' id='word_1_27' title='bbox 411 889 450 954; x_wconf 88' lang='lat' dir='ltr'><strong>de</strong></span> <span class='ocrx_word' id='word_1_28' title='bbox 481 909 543 973; x_wconf 89' lang='lat' dir='ltr'><strong>quo</strong></span> <span class='ocrx_word' id='word_1_29' title='bbox 575 885 675 952; x_wconf 87' lang='lat' dir='ltr'><strong>simul</strong></span> <span class='ocrx_word' id='word_1_30' title='bbox 706 895 738 952; x_wconf 88' lang='lat' dir='ltr'><strong>et</strong></span> <span class='ocrx_word' id='word_1_31' title='bbox 769 886 857 951; x_wconf 85' lang='lat' dir='ltr'><strong>aliud</strong></span> <span class='ocrx_word' id='word_1_32' title='bbox 889 887 1207 952; x_wconf 87' lang='lat' dir='ltr'><strong>animadvertendum</strong></span> <span class='ocrx_word' id='word_1_33' title='bbox 1231 889 1368 952; x_wconf 81' lang='lat' dir='ltr'><strong>videtur.</strong></span> 
     </span>
     <span class='ocr_line' id='line_1_6' title="bbox 179 993 1368 1090; baseline -0.001 -30"><span class='ocrx_word' id='word_1_34' title='bbox 179 996 284 1060; x_wconf 83' lang='lat' dir='ltr'><strong>Locus</strong></span> <span class='ocrx_word' id='word_1_35' title='bbox 307 1001 355 1060; x_wconf 88' lang='lat' dir='ltr'><strong>est</strong></span> <span class='ocrx_word' id='word_1_36' title='bbox 377 1016 470 1079; x_wconf 90' lang='lat' dir='ltr'><strong>quem</strong></span> <span class='ocrx_word' id='word_1_37' title='bbox 492 995 562 1090; x_wconf 77' lang='lat' dir='ltr'><strong>dipo</strong></span> <span class='ocrx_word' id='word_1_38' title='bbox 586 994 626 1059; x_wconf 88' lang='lat' dir='ltr'><strong>ad</strong></span> <span class='ocrx_word' id='word_1_39' title='bbox 649 997 743 1070; x_wconf 78' lang='grc' dir='ltr'><strong><em>όρώοιι</em></strong></span> <span class='ocrx_word' id='word_1_40' title='bbox 770 993 794 1057; x_wconf 73' lang='grc' dir='ltr'><strong>δ’</strong></span> <span class='ocrx_word' id='word_1_41' title='bbox 816 995 969 1071; x_wconf 74' lang='grc' dir='ltr'><strong><em>οὐρανόθεν</em></strong></span> <span class='ocrx_word' id='word_1_42' title='bbox 995 993 1048 1074; x_wconf 80' lang='grc' dir='ltr'><strong>νύξ</strong></span> <span class='ocrx_word' id='word_1_43' title='bbox 1073 1003 1101 1073; x_wconf 86' lang='grc' dir='ltr'><strong>(ε</strong></span> <span class='ocrx_word' id='word_1_44' title='bbox 1126 993 1216 1080; x_wconf 76' lang='grc'>294),</span> <span class='ocrx_word' id='word_1_45' title='bbox 1241 995 1296 1058; x_wconf 92' lang='lat' dir='ltr'><strong>ubi</strong></span> <span class='ocrx_word' id='word_1_46' title='bbox 1320 1015 1368 1060; x_wconf 91' lang='lat' dir='ltr'><strong>os·</strong></span> 
     </span>
     <span class='ocr_line' id='line_1_7' title="bbox 180 1100 1369 1186; baseline 0 -20"><span class='ocrx_word' id='word_1_47' title='bbox 180 1103 321 1167; x_wconf 88' lang='lat' dir='ltr'><strong>tenditur</strong></span> <span class='ocrx_word' id='word_1_48' title='bbox 350 1123 406 1166; x_wconf 87' lang='lat' dir='ltr'><strong>enr</strong></span> <span class='ocrx_word' id='word_1_49' title='bbox 437 1100 561 1166; x_wconf 85' lang='lat' dir='ltr'><strong>caelum</strong></span> <span class='ocrx_word' id='word_1_50' title='bbox 590 1101 728 1166; x_wconf 88' lang='lat' dir='ltr'><strong>nubibus</strong></span> <span class='ocrx_word' id='word_1_51' title='bbox 760 1101 964 1166; x_wconf 79' lang='lat' dir='ltr'><strong>obscuratum</strong></span> <span class='ocrx_word' id='word_1_52' title='bbox 996 1123 1014 1165; x_wconf 88' lang='lat' dir='ltr'><strong>a</strong></span> <span class='ocrx_word' id='word_1_53' title='bbox 1040 1105 1132 1185; x_wconf 79' lang='lat' dir='ltr'><strong>poiita</strong></span> <span class='ocrx_word' id='word_1_54' title='bbox 1157 1101 1369 1186; x_wconf 76' lang='lat' dir='ltr'><strong>metaphorice</strong></span> 
     </span>
     <span class='ocr_line' id='line_1_8' title="bbox 180 1205 1368 1287; baseline -0.001 -15"><span class='ocrx_word' id='word_1_55' title='bbox 180 1207 233 1284; x_wconf 77' lang='grc' dir='ltr'><strong>νύξ</strong></span> <span class='ocrx_word' id='word_1_56' title='bbox 264 1209 398 1273; x_wconf 80' lang='lat' dir='ltr'><strong>dicatur.</strong></span> <span class='ocrx_word' id='word_1_57' title='bbox 433 1207 524 1272; x_wconf 86' lang='grc' dir='ltr'><strong><em>τοῦτό</em></strong></span> <span class='ocrx_word' id='word_1_58' title='bbox 556 1207 636 1270; x_wconf 82' lang='grc' dir='ltr'><strong><em>ἐστιν</em></strong></span> <span class='ocrx_word' id='word_1_59' title='bbox 669 1208 873 1287; x_wconf 74' lang='grc' dir='ltr'><strong><em>ἐπιφώνημα,</em></strong></span> <span class='ocrx_word' id='word_1_60' title='bbox 901 1205 973 1272; x_wconf 76' lang='grc' dir='ltr'><strong><em>ἴδιον</em></strong></span> <span class='ocrx_word' id='word_1_61' title='bbox 998 1207 1027 1271; x_wconf 72' lang='grc' dir='ltr'><strong>δὲ</strong></span> <span class='ocrx_word' id='word_1_62' title='bbox 1052 1214 1105 1272; x_wconf 79' lang='grc' dir='ltr'><strong>τοῦ</strong></span> <span class='ocrx_word' id='word_1_63' title='bbox 1131 1207 1368 1286; x_wconf 74' lang='grc' dir='ltr'><strong><em>ἒπιφυννὶματος</em></strong></span> 
     </span>
     <span class='ocr_line' id='line_1_9' title="bbox 179 1312 1369 1394; baseline -0.002 -15"><span class='ocrx_word' id='word_1_64' title='bbox 179 1315 214 1380; x_wconf 78' lang='grc' dir='ltr'><strong>τό</strong></span> <span class='ocrx_word' id='word_1_65' title='bbox 246 1312 373 1393; x_wconf 78' lang='grc' dir='ltr'><strong><em>ἔχεσόαι</em></strong></span> <span class='ocrx_word' id='word_1_66' title='bbox 404 1316 460 1390; x_wconf 78' lang='grc' dir='ltr'><strong>μὲν</strong></span> <span class='ocrx_word' id='word_1_67' title='bbox 492 1319 550 1378; x_wconf 79' lang='grc' dir='ltr'><strong>τῶν</strong></span> <span class='ocrx_word' id='word_1_68' title='bbox 582 1314 716 1392; x_wconf 73' lang='grc' dir='ltr'><strong>ἀνωτέρω</strong></span> <span class='ocrx_word' id='word_1_69' title='bbox 748 1320 904 1393; x_wconf 68' lang='grc' dir='ltr'><strong><em>προσεχοῦς</em></strong></span> <span class='ocrx_word' id='word_1_70' title='bbox 936 1315 1078 1394; x_wconf 78' lang='grc' dir='ltr'><em>ῥηθέντων</em></span> <span class='ocrx_word' id='word_1_71' title='bbox 1109 1313 1193 1378; x_wconf 86' lang='grc' dir='ltr'><strong><em>κατοό</em></strong></span> <span class='ocrx_word' id='word_1_72' title='bbox 1218 1336 1267 1389; x_wconf 88' lang='grc' dir='ltr'><strong>τι,</strong></span> <span class='ocrx_word' id='word_1_73' title='bbox 1293 1315 1369 1394; x_wconf 61' lang='lat' dir='ltr'><strong>aipi-</strong></span> 
     </span>
     <span class='ocr_line' id='line_1_10' title="bbox 181 1417 1369 1500; baseline 0 -16"><span class='ocrx_word' id='word_1_74' title='bbox 181 1423 314 1485; x_wconf 86' lang='grc' dir='ltr'><strong><em>στασόαι</em></strong></span> <span class='ocrx_word' id='word_1_75' title='bbox 336 1421 367 1486; x_wconf 73' lang='grc' dir='ltr'><strong>δὲ</strong></span> <span class='ocrx_word' id='word_1_76' title='bbox 387 1421 498 1485; x_wconf 81' lang='grc' dir='ltr'><strong><em>τούτων</em></strong></span> <span class='ocrx_word' id='word_1_77' title='bbox 521 1422 564 1500; x_wconf 79' lang='grc' dir='ltr'><strong>τῷ</strong></span> <span class='ocrx_word' id='word_1_78' title='bbox 583 1419 668 1484; x_wconf 78' lang='grc' dir='ltr'><strong><em>κοντοὶ</em></strong></span> <span class='ocrx_word' id='word_1_79' title='bbox 692 1443 720 1483; x_wconf 93' lang='grc' dir='ltr'><strong>τι</strong></span> <span class='ocrx_word' id='word_1_80' title='bbox 746 1420 799 1484; x_wconf 74' lang='grc' dir='ltr'><strong>καὶ</strong></span> <span class='ocrx_word' id='word_1_81' title='bbox 826 1419 922 1485; x_wconf 80' lang='grc' dir='ltr'><strong><em>δοκεῖν</em></strong></span> <span class='ocrx_word' id='word_1_82' title='bbox 946 1421 1105 1499; x_wconf 79' lang='grc' dir='ltr'><strong><em>οόλλότριον</em></strong></span> <span class='ocrx_word' id='word_1_83' title='bbox 1130 1417 1227 1495; x_wconf 82' lang='grc' dir='ltr'><strong><em>εἶναι,</em></strong></span> <span class='ocrx_word' id='word_1_84' title='bbox 1254 1424 1291 1491; x_wconf 78' lang='lat' dir='ltr'><strong>cir</strong></span> <span class='ocrx_word' id='word_1_85' title='bbox 1315 1420 1369 1484; x_wconf 74' lang='lat' dir='ltr'><strong>nol</strong></span> 
     </span>
     <span class='ocr_line' id='line_1_11' title="bbox 180 1526 1368 1606; baseline 0 -15"><span class='ocrx_word' id='word_1_86' title='bbox 180 1529 326 1592; x_wconf 81' lang='grc' dir='ltr'><strong><em>ἐνταῦθα.</em></strong></span> <span class='ocrx_word' id='word_1_87' title='bbox 351 1526 458 1598; x_wconf 78' lang='grc' dir='ltr'><strong><em>σκότος</em></strong></span> <span class='ocrx_word' id='word_1_88' title='bbox 482 1527 539 1604; x_wconf 78' lang='grc' dir='ltr'><strong>μὲν</strong></span> <span class='ocrx_word' id='word_1_89' title='bbox 563 1527 626 1604; x_wconf 74' lang='grc' dir='ltr'><strong>γὰρ</strong></span> <span class='ocrx_word' id='word_1_90' title='bbox 650 1527 772 1603; x_wconf 73' lang='grc' dir='ltr'><strong><em>ἐγένετο</em></strong></span> <span class='ocrx_word' id='word_1_91' title='bbox 798 1527 860 1590; x_wconf 67' lang='lat' dir='ltr'><strong>atat</strong></span> <span class='ocrx_word' id='word_1_92' title='bbox 887 1535 942 1600; x_wconf 71' lang='grc' dir='ltr'><strong>τῆς</strong></span> <span class='ocrx_word' id='word_1_93' title='bbox 963 1536 1148 1605; x_wconf 71' lang='grc' dir='ltr'><strong><em>συναγωγῆς</em></strong></span> <span class='ocrx_word' id='word_1_94' title='bbox 1168 1531 1303 1606; x_wconf 73' lang='grc' dir='ltr'><strong><em>νεφελῶν</em></strong></span> <span class='ocrx_word' id='word_1_95' title='bbox 1317 1528 1368 1591; x_wconf 74' lang='grc' dir='ltr'><strong>καὶ</strong></span> 
     </span>
     <span class='ocr_line' id='line_1_12' title="bbox 181 1633 1369 1712; baseline -0.001 -13"><span class='ocrx_word' id='word_1_96' title='bbox 181 1639 234 1699; x_wconf 81' lang='grc' dir='ltr'><strong><em>σοῦ</em></strong></span> <span class='ocrx_word' id='word_1_97' title='bbox 258 1639 426 1712; x_wconf 79' lang='grc' dir='ltr'><strong><em>ταραγμοῡ</em></strong></span> <span class='ocrx_word' id='word_1_98' title='bbox 451 1637 505 1698; x_wconf 81' lang='grc' dir='ltr'><strong>τοῦ</strong></span> <span class='ocrx_word' id='word_1_99' title='bbox 529 1633 717 1697; x_wconf 78' lang='grc' dir='ltr'><strong><em>τόντουκαό</em></strong></span> <span class='ocrx_word' id='word_1_100' title='bbox 743 1639 801 1696; x_wconf 80' lang='grc' dir='ltr'><strong>τῶν</strong></span> <span class='ocrx_word' id='word_1_101' title='bbox 824 1635 965 1707; x_wconf 63' lang='lat' dir='ltr'><strong>driade,</strong></span> <span class='ocrx_word' id='word_1_102' title='bbox 990 1635 1023 1697; x_wconf 82' lang='lat' dir='ltr'><strong>od</strong></span> <span class='ocrx_word' id='word_1_103' title='bbox 1047 1634 1107 1710; x_wconf 72' lang='lat' dir='ltr'><strong>pelas</strong></span> <span class='ocrx_word' id='word_1_104' title='bbox 1132 1634 1272 1698; x_wconf 77' lang='grc' dir='ltr'><strong><em>καθόλου·</em></strong></span> <span class='ocrx_word' id='word_1_105' title='bbox 1298 1637 1314 1709; x_wconf 76' lang='grc' dir='ltr'><em>ἦ</em></span> <span class='ocrx_word' id='word_1_106' title='bbox 1339 1635 1369 1698; x_wconf 79' lang='grc' dir='ltr'><strong>δὲ</strong></span> 
     </span>
     <span class='ocr_line' id='line_1_13' title="bbox 182 1736 1371 1821; baseline -0.001 -16"><span class='ocrx_word' id='word_1_107' title='bbox 182 1738 236 1816; x_wconf 78' lang='grc' dir='ltr'><strong>νὺξ</strong></span> <span class='ocrx_word' id='word_1_108' title='bbox 266 1740 373 1810; x_wconf 88' lang='grc' dir='ltr'><strong><em>σκότος</em></strong></span> <span class='ocrx_word' id='word_1_109' title='bbox 406 1740 470 1803; x_wconf 75' lang='grc' dir='ltr'><strong><em>ἐστὶ</em></strong></span> <span class='ocrx_word' id='word_1_110' title='bbox 496 1739 635 1803; x_wconf 83' lang='grc' dir='ltr'><strong><em>καόόλου.</em></strong></span> <span class='ocrx_word' id='word_1_111' title='bbox 662 1739 714 1802; x_wconf 71' lang='grc' dir='ltr'><strong>καὶ</strong></span> <span class='ocrx_word' id='word_1_112' title='bbox 740 1736 852 1821; x_wconf 77' lang='grc' dir='ltr'><strong><em>ἔχεται</em></strong></span> <span class='ocrx_word' id='word_1_113' title='bbox 877 1743 934 1817; x_wconf 80' lang='grc' dir='ltr'><strong>μὲν</strong></span> <span class='ocrx_word' id='word_1_114' title='bbox 958 1742 976 1814; x_wconf 78' lang='grc' dir='ltr'><em>ἦ</em></span> <span class='ocrx_word' id='word_1_115' title='bbox 1001 1740 1054 1816; x_wconf 84' lang='grc' dir='ltr'><strong>νὺξ</strong></span> <span class='ocrx_word' id='word_1_116' title='bbox 1076 1745 1128 1804; x_wconf 85' lang='grc' dir='ltr'><strong>τοῦ</strong></span> <span class='ocrx_word' id='word_1_117' title='bbox 1153 1745 1274 1819; x_wconf 67' lang='grc' dir='ltr'><strong><em>μανικοῦ</em></strong></span> <span class='ocrx_word' id='word_1_118' title='bbox 1299 1739 1371 1805; x_wconf 85' lang='grc' dir='ltr'><strong><em>σκό-</em></strong></span> 
     </span>
     <span class='ocr_line' id='line_1_14' title="bbox 180 1831 1372 1926; baseline 0 -15"><span class='ocrx_word' id='word_1_119' title='bbox 180 1871 266 1922; x_wconf 87' lang='grc' dir='ltr'><strong><em>τους,</em></strong></span> <span class='ocrx_word' id='word_1_120' title='bbox 291 1847 358 1911; x_wconf 73' lang='grc' dir='ltr'><strong>ἐπεὶ</strong></span> <span class='ocrx_word' id='word_1_121' title='bbox 383 1847 435 1910; x_wconf 77' lang='grc' dir='ltr'><strong>καὶ</strong></span> <span class='ocrx_word' id='word_1_122' title='bbox 463 1847 543 1916; x_wconf 69' lang='grc' dir='ltr'><strong><em>αὐτόν</em></strong></span> <span class='ocrx_word' id='word_1_123' title='bbox 567 1837 687 1916; x_wconf 85' lang='grc' dir='ltr'><strong>σκότος·Ι</strong></span> <span class='ocrx_word' id='word_1_124' title='bbox 710 1847 890 1924; x_wconf 65' lang='grc' dir='ltr'><strong><em>ἀφίσταται</em></strong></span> <span class='ocrx_word' id='word_1_125' title='bbox 915 1847 945 1911; x_wconf 74' lang='grc' dir='ltr'><strong>δὲ</strong></span> <span class='ocrx_word' id='word_1_126' title='bbox 969 1847 1094 1922; x_wconf 83' lang='grc' dir='ltr'><strong><em>τούτου,</em></strong></span> <span class='ocrx_word' id='word_1_127' title='bbox 1121 1849 1145 1910; x_wconf 80' lang='grc' dir='ltr'><strong>εἰ</strong></span> <span class='ocrx_word' id='word_1_128' title='bbox 1167 1831 1218 1910; x_wconf 67' lang='grc' dir='ltr'><strong>ὀὖν</strong></span> <span class='ocrx_word' id='word_1_129' title='bbox 1242 1848 1275 1910; x_wconf 81' lang='grc' dir='ltr'><strong>οὐ</strong></span> <span class='ocrx_word' id='word_1_130' title='bbox 1295 1871 1372 1926; x_wconf 75' lang='grc' dir='ltr'><strong><em>συν-</em></strong></span> 
     </span>
     <span class='ocr_line' id='line_1_15' title="bbox 181 1949 1370 2038; baseline -0.001 -20"><span class='ocrx_word' id='word_1_131' title='bbox 181 1955 313 2034; x_wconf 74' lang='grc' dir='ltr'><strong><em>κρίνεται</em></strong></span> <span class='ocrx_word' id='word_1_132' title='bbox 351 1956 422 2033; x_wconf 82' lang='grc' dir='ltr'><strong><em>πρὸς</em></strong></span> <span class='ocrx_word' id='word_1_133' title='bbox 459 1959 548 2018; x_wconf 82' lang='grc' dir='ltr'><strong><em>τοῦτο</em></strong></span> <span class='ocrx_word' id='word_1_134' title='bbox 583 1953 616 2017; x_wconf 78' lang='grc' dir='ltr'><strong>οὐ</strong></span> <span class='ocrx_word' id='word_1_135' title='bbox 652 1951 758 2023; x_wconf 83' lang='grc' dir='ltr'><strong><em>σκότος</em></strong></span> <span class='ocrx_word' id='word_1_136' title='bbox 793 1949 870 2018; x_wconf 84' lang='grc' dir='ltr'><strong><em>οὖσα</em></strong></span> <span class='ocrx_word' id='word_1_137' title='bbox 903 1953 1044 2018; x_wconf 82' lang='grc' dir='ltr'><strong><em>καόόλου.</em></strong></span> <span class='ocrx_word' id='word_1_138' title='bbox 1078 1955 1129 2038; x_wconf 77' lang='grc' dir='ltr'><strong>(Β)</strong></span> <span class='ocrx_word' id='word_1_139' title='bbox 1165 1953 1289 2030; x_wconf 89' lang='lat' dir='ltr'><strong>„Immo</strong></span> <span class='ocrx_word' id='word_1_140' title='bbox 1313 1963 1370 2019; x_wconf 82' lang='grc' dir='ltr'><strong>τῶν</strong></span> 
     </span>
     <span class='ocr_line' id='line_1_16' title="bbox 181 2058 1370 2147; baseline 0.001 -21"><span class='ocrx_word' id='word_1_141' title='bbox 181 2064 349 2144; x_wconf 73' lang='grc' dir='ltr'><strong><em>νεφελῶν,”</em></strong></span> <span class='ocrx_word' id='word_1_142' title='bbox 371 2063 594 2147; x_wconf 75' lang='lat' dir='ltr'><strong>pronunciavit</strong></span> <span class='ocrx_word' id='word_1_143' title='bbox 617 2058 800 2125; x_wconf 89' lang='lat' dir='ltr'><strong>Dindorfius</strong></span> <span class='ocrx_word' id='word_1_144' title='bbox 823 2063 856 2124; x_wconf 92' lang='lat' dir='ltr'><strong>in</strong></span> <span class='ocrx_word' id='word_1_145' title='bbox 881 2063 960 2146; x_wconf 86' lang='lat' dir='ltr'>App.</span> <span class='ocrx_word' id='word_1_146' title='bbox 987 2083 1015 2146; x_wconf 91' lang='lat' dir='ltr'><strong>p.</strong></span> <span class='ocrx_word' id='word_1_147' title='bbox 1041 2059 1124 2138; x_wconf 80' lang='lat'><strong>763,</strong></span> <span class='ocrx_word' id='word_1_148' title='bbox 1146 2062 1370 2146; x_wconf 78' lang='lat' dir='ltr'><strong>nequehercle</strong></span> 
     </span>
     <span class='ocr_line' id='line_1_17' title="bbox 182 2165 1370 2254; baseline -0.001 -20"><span class='ocrx_word' id='word_1_149' title='bbox 182 2168 276 2253; x_wconf 79' lang='lat' dir='ltr'><strong>iaoilo</strong></span> <span class='ocrx_word' id='word_1_150' title='bbox 300 2171 371 2254; x_wconf 85' lang='lat' dir='ltr'><strong>quia</strong></span> <span class='ocrx_word' id='word_1_151' title='bbox 395 2167 599 2234; x_wconf 76' lang='lat' dir='ltr'><strong>contradicet.</strong></span> <span class='ocrx_word' id='word_1_152' title='bbox 646 2165 753 2231; x_wconf 82' lang='lat' dir='ltr'><strong>Simul</strong></span> <span class='ocrx_word' id='word_1_153' title='bbox 776 2166 815 2230; x_wconf 90' lang='lat' dir='ltr'><strong>de</strong></span> <span class='ocrx_word' id='word_1_154' title='bbox 840 2166 965 2232; x_wconf 79' lang='lat' dir='ltr'><strong>ultimis</strong></span> <span class='ocrx_word' id='word_1_155' title='bbox 989 2167 1172 2243; x_wconf 85' lang='lat' dir='ltr'><strong>videamus,</strong></span> <span class='ocrx_word' id='word_1_156' title='bbox 1197 2168 1370 2252; x_wconf 85' lang='lat' dir='ltr'><strong>dequibus</strong></span> 
     </span>
     <span class='ocr_line' id='line_1_18' title="bbox 182 2273 1370 2358; baseline -0.002 -17"><span class='ocrx_word' id='word_1_157' title='bbox 182 2277 267 2342; x_wconf 89' lang='lat' dir='ltr'><strong>idem</strong></span> <span class='ocrx_word' id='word_1_158' title='bbox 301 2275 534 2340; x_wconf 87' lang='lat' dir='ltr'><strong>Buttmannum</strong></span> <span class='ocrx_word' id='word_1_159' title='bbox 568 2273 698 2338; x_wconf 79' lang='lat' dir='ltr'><strong>adducit</strong></span> <span class='ocrx_word' id='word_1_160' title='bbox 728 2276 772 2338; x_wconf 88' lang='lat' dir='ltr'><strong>sio</strong></span> <span class='ocrx_word' id='word_1_161' title='bbox 806 2273 1039 2358; x_wconf 80' lang='lat' dir='ltr'><strong>disputantem:</strong></span> <span class='ocrx_word' id='word_1_162' title='bbox 1066 2275 1191 2351; x_wconf 85' lang='lat' dir='ltr'><strong>„neseio</strong></span> <span class='ocrx_word' id='word_1_163' title='bbox 1214 2275 1370 2358; x_wconf 89' lang='lat' dir='ltr'><strong>quomodo</strong></span> 
     </span>
     <span class='ocr_line' id='line_1_19' title="bbox 184 2375 1370 2464; baseline -0.002 -18"><span class='ocrx_word' id='word_1_164' title='bbox 184 2382 233 2446; x_wconf 87' lang='lat' dir='ltr'><strong>hia</strong></span> <span class='ocrx_word' id='word_1_165' title='bbox 266 2382 459 2448; x_wconf 89' lang='lat' dir='ltr'><strong>medendum</strong></span> <span class='ocrx_word' id='word_1_166' title='bbox 493 2383 553 2464; x_wconf 86' lang='lat' dir='ltr'><strong>sit,</strong></span> <span class='ocrx_word' id='word_1_167' title='bbox 577 2380 610 2444; x_wconf 93' lang='lat' dir='ltr'><strong>in</strong></span> <span class='ocrx_word' id='word_1_168' title='bbox 636 2379 837 2464; x_wconf 79' lang='lat' dir='ltr'><strong>quibostree</strong></span> <span class='ocrx_word' id='word_1_169' title='bbox 860 2379 992 2444; x_wconf 81' lang='lat' dir='ltr'><strong>ronulas</strong></span> <span class='ocrx_word' id='word_1_170' title='bbox 1015 2375 1062 2445; x_wconf 80' lang='grc' dir='ltr'><strong>οὖν</strong></span> <span class='ocrx_word' id='word_1_171' title='bbox 1085 2382 1219 2445; x_wconf 79' lang='lat' dir='ltr'><strong>orl-orl</strong></span> <span class='ocrx_word' id='word_1_172' title='bbox 1244 2401 1370 2446; x_wconf 87' lang='lat' dir='ltr'><strong>sensum</strong></span> 
     </span>
     <span class='ocr_line' id='line_1_20' title="bbox 183 2485 1370 2572; baseline 0 -20"><span class='ocrx_word' id='word_1_173' title='bbox 183 2488 334 2562; x_wconf 87' lang='lat' dir='ltr'><strong>turbant,</strong></span> <span class='ocrx_word' id='word_1_174' title='bbox 364 2490 420 2572; x_wconf 90' lang='lat' dir='ltr'><strong>qui</strong></span> <span class='ocrx_word' id='word_1_175' title='bbox 453 2508 520 2551; x_wconf 89' lang='lat' dir='ltr'><strong>esae</strong></span> <span class='ocrx_word' id='word_1_176' title='bbox 552 2485 679 2550; x_wconf 86' lang='lat' dir='ltr'><strong>videtur</strong></span> <span class='ocrx_word' id='word_1_177' title='bbox 701 2485 770 2550; x_wconf 89' lang='lat' dir='ltr'><strong>hio:</strong></span> <span class='ocrx_word' id='word_1_178' title='bbox 795 2487 975 2566; x_wconf 71' lang='grc' dir='ltr'><strong><em>ἀφίσταται</em></strong></span> <span class='ocrx_word' id='word_1_179' title='bbox 999 2486 1031 2549; x_wconf 72' lang='grc' dir='ltr'><strong>δὲ</strong></span> <span class='ocrx_word' id='word_1_180' title='bbox 1052 2486 1159 2550; x_wconf 84' lang='grc' dir='ltr'><strong><em>τούτου</em></strong></span> <span class='ocrx_word' id='word_1_181' title='bbox 1184 2491 1215 2566; x_wconf 75' lang='grc' dir='ltr'><strong>(ἡ</strong></span> <span class='ocrx_word' id='word_1_182' title='bbox 1240 2487 1294 2564; x_wconf 78' lang='grc' dir='ltr'><strong>νὺξ</strong></span> <span class='ocrx_word' id='word_1_183' title='bbox 1317 2493 1370 2552; x_wconf 84' lang='grc' dir='ltr'><strong>τοῦ</strong></span> 
     </span>
     <span class='ocr_line' id='line_1_21' title="bbox 182 2591 1369 2678; baseline 0.001 -20"><span class='ocrx_word' id='word_1_184' title='bbox 182 2595 307 2665; x_wconf 83' lang='grc' dir='ltr'><strong><em>σκότους</em></strong></span> <span class='ocrx_word' id='word_1_185' title='bbox 333 2592 385 2659; x_wconf 80' lang='lat' dir='ltr'><strong>vel</strong></span> <span class='ocrx_word' id='word_1_186' title='bbox 410 2596 515 2678; x_wconf 86' lang='lat' dir='ltr'><strong>potius</strong></span> <span class='ocrx_word' id='word_1_187' title='bbox 540 2597 593 2656; x_wconf 83' lang='grc' dir='ltr'><strong>τοῦ</strong></span> <span class='ocrx_word' id='word_1_188' title='bbox 617 2597 739 2669; x_wconf 64' lang='lat' dir='ltr'><strong>pacano</strong></span> <span class='ocrx_word' id='word_1_189' title='bbox 763 2591 875 2665; x_wconf 79' lang='grc' dir='ltr'><strong><em>σκότ.),</em></strong></span> <span class='ocrx_word' id='word_1_190' title='bbox 901 2593 925 2654; x_wconf 76' lang='grc' dir='ltr'><strong>τό</strong></span> <span class='ocrx_word' id='word_1_191' title='bbox 949 2593 1145 2670; x_wconf 76' lang='grc' dir='ltr'><strong><em>σνγκοόνεται</em></strong></span> <span class='ocrx_word' id='word_1_192' title='bbox 1171 2593 1242 2671; x_wconf 76' lang='grc' dir='ltr'><strong>πρὸς</strong></span> <span class='ocrx_word' id='word_1_193' title='bbox 1266 2599 1369 2673; x_wconf 83' lang='grc' dir='ltr'><strong><em>τοῦτο,</em></strong></span> 
     </span>
     <span class='ocr_line' id='line_1_22' title="bbox 182 2698 1371 2787; baseline 0.002 -21"><span class='ocrx_word' id='word_1_194' title='bbox 182 2701 289 2775; x_wconf 85' lang='grc' dir='ltr'><strong><em>σκότος</em></strong></span> <span class='ocrx_word' id='word_1_195' title='bbox 313 2699 390 2767; x_wconf 80' lang='grc' dir='ltr'><strong><em>οὖσα</em></strong></span> <span class='ocrx_word' id='word_1_196' title='bbox 414 2699 572 2766; x_wconf 56' lang='lat' dir='ltr'><strong>amedaeo?</strong></span> <span class='ocrx_word' id='word_1_197' title='bbox 595 2699 667 2765; x_wconf 90' lang='lat' dir='ltr'><strong>Non</strong></span> <span class='ocrx_word' id='word_1_198' title='bbox 690 2706 798 2764; x_wconf 90' lang='lat' dir='ltr'><strong>tamen</strong></span> <span class='ocrx_word' id='word_1_199' title='bbox 823 2698 984 2765; x_wconf 90' lang='lat' dir='ltr'><strong>Dindorfio</strong></span> <span class='ocrx_word' id='word_1_200' title='bbox 1004 2703 1177 2785; x_wconf 77' lang='lat' dir='ltr'><strong>persuasit,</strong></span> <span class='ocrx_word' id='word_1_201' title='bbox 1199 2705 1255 2787; x_wconf 89' lang='lat' dir='ltr'><strong>qui</strong></span> <span class='ocrx_word' id='word_1_202' title='bbox 1276 2705 1371 2768; x_wconf 89' lang='lat' dir='ltr'><strong>inter-</strong></span> 
     </span>
     <span class='ocr_line' id='line_1_23' title="bbox 181 2805 1370 2896; baseline 0 -22"><span class='ocrx_word' id='word_1_203' title='bbox 181 2811 351 2896; x_wconf 89' lang='lat' dir='ltr'><strong>punetione</strong></span> <span class='ocrx_word' id='word_1_204' title='bbox 384 2813 510 2871; x_wconf 88' lang='lat' dir='ltr'><strong>tantum</strong></span> <span class='ocrx_word' id='word_1_205' title='bbox 543 2811 698 2878; x_wconf 83' lang='lat' dir='ltr'><strong>correcta.</strong></span> <span class='ocrx_word' id='word_1_206' title='bbox 731 2843 772 2853; x_wconf 94' lang='lat'>-</span> <span class='ocrx_word' id='word_1_207' title='bbox 798 2805 881 2890; x_wconf 89' lang='lat' dir='ltr'><strong>apud</strong></span> <span class='ocrx_word' id='word_1_208' title='bbox 907 2805 1138 2871; x_wconf 89' lang='lat' dir='ltr'><strong>Buttmannum</strong></span> <span class='ocrx_word' id='word_1_209' title='bbox 1162 2814 1233 2892; x_wconf 89' lang='lat' dir='ltr'><strong>post</strong></span> <span class='ocrx_word' id='word_1_210' title='bbox 1257 2809 1370 2889; x_wconf 81' lang='grc' dir='ltr'><strong><em>ιὶΦόοτ.</em></strong></span> 
     </span>
     <span class='ocr_line' id='line_1_24' title="bbox 180 2915 1372 3002; baseline 0.001 -21"><span class='ocrx_word' id='word_1_211' title='bbox 180 2919 207 2982; x_wconf 77' lang='lat' dir='ltr'><strong>l.</strong></span> <span class='ocrx_word' id='word_1_212' title='bbox 229 2917 336 2980; x_wconf 84' lang='grc' dir='ltr'><strong><em>τούτου</em></strong></span> <span class='ocrx_word' id='word_1_213' title='bbox 362 2935 418 3000; x_wconf 91' lang='lat' dir='ltr'><strong>pro</strong></span> <span class='ocrx_word' id='word_1_214' title='bbox 442 2929 601 2980; x_wconf 84' lang='lat' dir='ltr'><strong>commate</strong></span> <span class='ocrx_word' id='word_1_215' title='bbox 625 2919 781 2998; x_wconf 90' lang='lat' dir='ltr'><strong>punotum</strong></span> <span class='ocrx_word' id='word_1_216' title='bbox 806 2918 892 2988; x_wconf 87' lang='lat' dir='ltr'><strong>erat,</strong></span> <span class='ocrx_word' id='word_1_217' title='bbox 908 2949 949 2962; x_wconf 92' lang='lat'><em>-</em></span> <span class='ocrx_word' id='word_1_218' title='bbox 963 2921 1086 2978; x_wconf 83' lang='lat' dir='ltr'><strong>caetera</strong></span> <span class='ocrx_word' id='word_1_219' title='bbox 1109 2915 1142 2977; x_wconf 91' lang='lat' dir='ltr'><strong>in</strong></span> <span class='ocrx_word' id='word_1_220' title='bbox 1166 2921 1257 2980; x_wconf 86' lang='lat' dir='ltr'><strong>textu</strong></span> <span class='ocrx_word' id='word_1_221' title='bbox 1278 2927 1372 3002; x_wconf 89' lang='lat' dir='ltr'><strong>prout</strong></span> 
     </span>
     <span class='ocr_line' id='line_1_25' title="bbox 181 3019 1373 3119; baseline -0.003 -29"><span class='ocrx_word' id='word_1_222' title='bbox 181 3027 213 3090; x_wconf 89' lang='lat' dir='ltr'><strong>in</strong></span> <span class='ocrx_word' id='word_1_223' title='bbox 244 3023 349 3088; x_wconf 83' lang='lat' dir='ltr'><strong>rodina</strong></span> <span class='ocrx_word' id='word_1_224' title='bbox 373 3043 465 3086; x_wconf 88' lang='lat' dir='ltr'><strong>sensu</strong></span> <span class='ocrx_word' id='word_1_225' title='bbox 486 3040 576 3119; x_wconf 75' lang='lat' dir='ltr'><strong>passa</strong></span> <span class='ocrx_word' id='word_1_226' title='bbox 599 3019 752 3107; x_wconf 84' lang='lat' dir='ltr'><strong>leguntur</strong></span> <span class='ocrx_word' id='word_1_227' title='bbox 774 3021 1032 3104; x_wconf 87' lang='lat' dir='ltr'><strong>repraesentavit.</strong></span> <span class='ocrx_word' id='word_1_228' title='bbox 1079 3019 1163 3084; x_wconf 87' lang='lat' dir='ltr'><strong>Mihi</strong></span> <span class='ocrx_word' id='word_1_229' title='bbox 1186 3025 1373 3088; x_wconf 88' lang='lat' dir='ltr'><strong>Buttmanni</strong></span> 
     </span>
     <span class='ocr_line' id='line_1_26' title="bbox 181 3125 1372 3209; baseline -0.003 -11"><span class='ocrx_word' id='word_1_230' title='bbox 181 3132 337 3198; x_wconf 80' lang='lat' dir='ltr'><strong>sententia</strong></span> <span class='ocrx_word' id='word_1_231' title='bbox 362 3131 528 3194; x_wconf 83' lang='lat' dir='ltr'><strong>verissima</strong></span> <span class='ocrx_word' id='word_1_232' title='bbox 551 3126 696 3203; x_wconf 83' lang='lat' dir='ltr'><strong>ridetur,</strong></span> <span class='ocrx_word' id='word_1_233' title='bbox 722 3127 784 3188; x_wconf 85' lang='lat' dir='ltr'><strong>nisi</strong></span> <span class='ocrx_word' id='word_1_234' title='bbox 806 3125 889 3209; x_wconf 88' lang='lat' dir='ltr'><strong>qnod</strong></span> <span class='ocrx_word' id='word_1_235' title='bbox 914 3125 1008 3209; x_wconf 90' lang='lat' dir='ltr'><strong>paulo</strong></span> <span class='ocrx_word' id='word_1_236' title='bbox 1032 3130 1168 3209; x_wconf 87' lang='lat' dir='ltr'><strong>pressius</strong></span> <span class='ocrx_word' id='word_1_237' title='bbox 1191 3128 1230 3192; x_wconf 88' lang='lat' dir='ltr'><strong>ad</strong></span> <span class='ocrx_word' id='word_1_238' title='bbox 1253 3129 1372 3194; x_wconf 80' lang='lat' dir='ltr'><strong>codicis</strong></span> 
     </span>
     <span class='ocr_line' id='line_1_27' title="bbox 181 3229 1370 3322; baseline -0.005 -18"><span class='ocrx_word' id='word_1_239' title='bbox 181 3241 371 3322; x_wconf 86' lang='lat' dir='ltr'><strong>seripturam</strong></span> <span class='ocrx_word' id='word_1_240' title='bbox 398 3237 442 3300; x_wconf 85' lang='lat' dir='ltr'><strong>sia</strong></span> <span class='ocrx_word' id='word_1_241' title='bbox 466 3232 554 3298; x_wconf 87' lang='lat' dir='ltr'><strong>loeus</strong></span> <span class='ocrx_word' id='word_1_242' title='bbox 577 3230 729 3298; x_wconf 82' lang='lat' dir='ltr'><strong>constitui</strong></span> <span class='ocrx_word' id='word_1_243' title='bbox 753 3237 877 3317; x_wconf 88' lang='lat' dir='ltr'><strong>potest:</strong></span> <span class='ocrx_word' id='word_1_244' title='bbox 903 3231 955 3293; x_wconf 79' lang='grc' dir='ltr'><strong>καὶ</strong></span> <span class='ocrx_word' id='word_1_245' title='bbox 982 3229 1092 3310; x_wconf 78' lang='grc' dir='ltr'><strong><em>ἔχεται</em></strong></span> <span class='ocrx_word' id='word_1_246' title='bbox 1116 3234 1172 3307; x_wconf 76' lang='grc' dir='ltr'><strong>μὲν</strong></span> <span class='ocrx_word' id='word_1_247' title='bbox 1198 3235 1213 3308; x_wconf 73' lang='grc' dir='ltr'><strong><em>ἡ</em></strong></span> <span class='ocrx_word' id='word_1_248' title='bbox 1239 3234 1293 3312; x_wconf 77' lang='grc' dir='ltr'><strong>νὺξ</strong></span> <span class='ocrx_word' id='word_1_249' title='bbox 1317 3239 1370 3298; x_wconf 84' lang='grc' dir='ltr'><strong>τοῦ</strong></span> 
     </span>
     <span class='ocr_line' id='line_1_28' title="bbox 181 3337 1371 3426; baseline -0.004 -17"><span class='ocrx_word' id='word_1_250' title='bbox 181 3349 303 3425; x_wconf 82' lang='grc' dir='ltr'><strong><em>μερικοῦ</em></strong></span> <span class='ocrx_word' id='word_1_251' title='bbox 324 3342 469 3425; x_wconf 87' lang='grc' dir='ltr'><strong><em>σκότους,</em></strong></span> <span class='ocrx_word' id='word_1_252' title='bbox 594 3337 775 3420; x_wconf 80' lang='grc' dir='ltr'><strong><em>οόφόσταται</em></strong></span> <span class='ocrx_word' id='word_1_253' title='bbox 808 3337 838 3401; x_wconf 75' lang='grc' dir='ltr'><strong>δὲ</strong></span> <span class='ocrx_word' id='word_1_254' title='bbox 872 3337 997 3413; x_wconf 84' lang='grc' dir='ltr'><strong><em>τούτου,</em></strong></span> <span class='ocrx_word' id='word_1_255' title='bbox 1031 3339 1056 3402; x_wconf 73' lang='grc' dir='ltr'><strong>εἰ</strong></span> <span class='ocrx_word' id='word_1_256' title='bbox 1086 3345 1185 3414; x_wconf 77' lang='grc' dir='ltr'><strong><em>γοῦν</em></strong></span> <span class='ocrx_word' id='word_1_257' title='bbox 1210 3341 1270 3426; x_wconf 82' lang='grc' dir='ltr'><strong><em>[οὐ]</em></strong></span> <span class='ocrx_word' id='word_1_258' title='bbox 1294 3365 1371 3418; x_wconf 78' lang='grc' dir='ltr'><strong><em>συν·</em></strong></span> 
     </span>
     <span class='ocr_line' id='line_1_29' title="bbox 181 3440 1373 3532; baseline -0.003 -17"><span class='ocrx_word' id='word_1_259' title='bbox 181 3451 314 3532; x_wconf 76' lang='grc' dir='ltr'><strong>κρίνεται</strong></span> <span class='ocrx_word' id='word_1_260' title='bbox 347 3449 419 3528; x_wconf 80' lang='grc' dir='ltr'><strong>πρὸς</strong></span> <span class='ocrx_word' id='word_1_261' title='bbox 451 3451 557 3529; x_wconf 79' lang='grc' dir='ltr'><strong><em>τοῦτο,</em></strong></span> <span class='ocrx_word' id='word_1_262' title='bbox 591 3447 637 3516; x_wconf 83' lang='grc' dir='ltr'><strong>όις</strong></span> <span class='ocrx_word' id='word_1_263' title='bbox 670 3442 777 3514; x_wconf 86' lang='grc' dir='ltr'><strong><em>σκότος</em></strong></span> <span class='ocrx_word' id='word_1_264' title='bbox 802 3440 878 3508; x_wconf 83' lang='grc' dir='ltr'><strong><em>οὖσα</em></strong></span> <span class='ocrx_word' id='word_1_265' title='bbox 903 3444 1040 3508; x_wconf 79' lang='grc' dir='ltr'><strong><em>καόόλου.</em></strong></span> <span class='ocrx_word' id='word_1_266' title='bbox 1090 3443 1236 3510; x_wconf 88' lang='lat' dir='ltr'><strong>Primum</strong></span> <span class='ocrx_word' id='word_1_267' title='bbox 1261 3449 1293 3510; x_wconf 83' lang='grc' dir='ltr'><strong>οὐ</strong></span> <span class='ocrx_word' id='word_1_268' title='bbox 1318 3469 1373 3532; x_wconf 87' lang='lat' dir='ltr'><strong>per</strong></span> 
     </span>
     <span class='ocr_line' id='line_1_30' title="bbox 182 3550 1263 3645; baseline -0.006 -21"><span class='ocrx_word' id='word_1_269' title='bbox 182 3556 434 3645; x_wconf 82' lang='lat' dir='ltr'><strong>dittographiam</strong></span> <span class='ocrx_word' id='word_1_270' title='bbox 460 3574 498 3618; x_wconf 85' lang='lat' dir='ltr'><strong>ex</strong></span> <span class='ocrx_word' id='word_1_271' title='bbox 523 3576 560 3616; x_wconf 91' lang='grc' dir='ltr'><strong><em>συ</em></strong></span> <span class='ocrx_word' id='word_1_272' title='bbox 586 3559 698 3616; x_wconf 91' lang='lat' dir='ltr'><strong>natum</strong></span> <span class='ocrx_word' id='word_1_273' title='bbox 723 3557 788 3628; x_wconf 82' lang='lat' dir='ltr'><strong>est,</strong></span> <span class='ocrx_word' id='word_1_274' title='bbox 809 3550 984 3615; x_wconf 86' lang='lat' dir='ltr'><strong>secundnm</strong></span> <span class='ocrx_word' id='word_1_275' title='bbox 1007 3552 1041 3614; x_wconf 91' lang='lat' dir='ltr'><strong>in</strong></span> <span class='ocrx_word' id='word_1_276' title='bbox 1064 3553 1103 3622; x_wconf 71' lang='grc' dir='ltr'><strong>ὥς</strong></span> <span class='ocrx_word' id='word_1_277' title='bbox 1128 3554 1263 3618; x_wconf 84' lang='lat' dir='ltr'><strong>mutavi.</strong></span> 
     </span>
     <span class='ocr_line' id='line_1_31' title="bbox 1244 3651 1253 3674; baseline 0.111 -1"><span class='ocrx_word' id='word_1_278' title='bbox 1244 3651 1253 3674; x_wconf 75' lang='grc' dir='ltr'><strong><em>ι</em></strong></span> 
     </span>
    </p>
   </div>
   <div class='ocr_carea' id='block_1_3' title="bbox 149 3760 1374 4598">
    <p class='ocr_par' dir='ltr' id='par_1_3' title="bbox 149 3760 1374 4598">
     <span class='ocr_line' id='line_1_32' title="bbox 228 3760 1369 3848; baseline -0.003 -15"><span class='ocrx_word' id='word_1_279' title='bbox 228 3766 248 3848; x_wconf 84' lang='grc' dir='ltr'><em>ζ</em></span> <span class='ocrx_word' id='word_1_280' title='bbox 254 3819 263 3844; x_wconf 89' lang='grc'>,</span> <span class='ocrx_word' id='word_1_281' title='bbox 291 3767 366 3832; x_wconf 83' lang='grc'><strong>164.</strong></span> <span class='ocrx_word' id='word_1_282' title='bbox 416 3764 529 3830; x_wconf 82' lang='lat' dir='ltr'><strong>Ulixes</strong></span> <span class='ocrx_word' id='word_1_283' title='bbox 557 3762 772 3848; x_wconf 76' lang='lat' dir='ltr'><strong>pulcherrima</strong></span> <span class='ocrx_word' id='word_1_284' title='bbox 802 3760 987 3846; x_wconf 90' lang='lat' dir='ltr'><strong>metaphora</strong></span> <span class='ocrx_word' id='word_1_285' title='bbox 1018 3783 1091 3826; x_wconf 88' lang='lat' dir='ltr'><strong>oum</strong></span> <span class='ocrx_word' id='word_1_286' title='bbox 1113 3761 1239 3846; x_wconf 89' lang='lat' dir='ltr'><strong>palmae</strong></span> <span class='ocrx_word' id='word_1_287' title='bbox 1260 3785 1369 3844; x_wconf 87' lang='lat' dir='ltr'><strong>ramo,</strong></span> 
     </span>
     <span class='ocr_line' id='line_1_33' title="bbox 182 3867 1372 3961; baseline -0.003 -21"><span class='ocrx_word' id='word_1_288' title='bbox 182 3895 276 3961; x_wconf 86' lang='lat' dir='ltr'><strong>quem</strong></span> <span class='ocrx_word' id='word_1_289' title='bbox 301 3872 373 3938; x_wconf 90' lang='lat' dir='ltr'><strong>Deli</strong></span> <span class='ocrx_word' id='word_1_290' title='bbox 396 3871 520 3936; x_wconf 85' lang='lat' dir='ltr'><strong>viderat</strong></span> <span class='ocrx_word' id='word_1_291' title='bbox 544 3868 738 3936; x_wconf 74' lang='grc' dir='ltr'><strong>’Λπόλλωνος</strong></span> <span class='ocrx_word' id='word_1_292' title='bbox 763 3867 849 3947; x_wconf 73' lang='grc' dir='ltr'><strong>παρὰ</strong></span> <span class='ocrx_word' id='word_1_293' title='bbox 874 3867 987 3947; x_wconf 80' lang='grc' dir='ltr'><em>βωμῷ,</em></span> <span class='ocrx_word' id='word_1_294' title='bbox 1012 3867 1187 3933; x_wconf 81' lang='lat' dir='ltr'><strong>Nausicaae</strong></span> <span class='ocrx_word' id='word_1_295' title='bbox 1210 3891 1372 3954; x_wconf 76' lang='lat' dir='ltr'><strong>proceram</strong></span> 
     </span>
     <span class='ocr_line' id='line_1_34' title="bbox 181 3969 1371 4060; baseline -0.002 -16"><span class='ocrx_word' id='word_1_296' title='bbox 181 3987 337 4045; x_wconf 86' lang='lat' dir='ltr'><strong>staturam</strong></span> <span class='ocrx_word' id='word_1_297' title='bbox 370 3995 555 4060; x_wconf 78' lang='lat' dir='ltr'><strong>comparans</strong></span> <span class='ocrx_word' id='word_1_298' title='bbox 588 3974 691 4039; x_wconf 88' lang='lat' dir='ltr'><strong>addit:</strong></span> <span class='ocrx_word' id='word_1_299' title='bbox 720 3969 808 4045; x_wconf 76' lang='grc' dir='ltr'><strong><em>ἦλόον</em></strong></span> <span class='ocrx_word' id='word_1_300' title='bbox 841 3974 903 4053; x_wconf 75' lang='grc' dir='ltr'><strong>γὰρ</strong></span> <span class='ocrx_word' id='word_1_301' title='bbox 933 3973 985 4036; x_wconf 75' lang='grc' dir='ltr'><strong>καὶ</strong></span> <span class='ocrx_word' id='word_1_302' title='bbox 1018 3981 1120 4050; x_wconf 80' lang='grc' dir='ltr'><strong><em>κεῖσε,</em></strong></span> <span class='ocrx_word' id='word_1_303' title='bbox 1147 3975 1242 4047; x_wconf 81' lang='grc' dir='ltr'><strong><em>πολὺς</em></strong></span> <span class='ocrx_word' id='word_1_304' title='bbox 1265 3975 1297 4040; x_wconf 77' lang='grc' dir='ltr'><strong>δέ</strong></span> <span class='ocrx_word' id='word_1_305' title='bbox 1320 4002 1371 4054; x_wconf 83' lang='grc' dir='ltr'><strong>μοι</strong></span> 
     </span>
     <span class='ocr_line' id='line_1_35' title="bbox 149 4078 1372 4156; baseline 0.002 -8"><span class='ocrx_word' id='word_1_306' title='bbox 149 4143 151 4148; x_wconf 88' lang='grc'><em>,</em></span> <span class='ocrx_word' id='word_1_307' title='bbox 179 4085 291 4152; x_wconf 77' lang='grc' dir='ltr'><strong><em>ἕσπετο</em></strong></span> <span class='ocrx_word' id='word_1_308' title='bbox 323 4085 412 4154; x_wconf 74' lang='grc' dir='ltr'><strong><em>λαός.</em></strong></span> <span class='ocrx_word' id='word_1_309' title='bbox 460 4079 549 4146; x_wconf 85' lang='lat' dir='ltr'><strong>Haeo</strong></span> <span class='ocrx_word' id='word_1_310' title='bbox 583 4079 786 4145; x_wconf 88' lang='lat' dir='ltr'><strong>illustrantur</strong></span> <span class='ocrx_word' id='word_1_311' title='bbox 804 4082 869 4144; x_wconf 87' lang='lat' dir='ltr'><strong>ita:</strong></span> <span class='ocrx_word' id='word_1_312' title='bbox 895 4078 982 4156; x_wconf 68' lang='grc' dir='ltr'><strong><em>λέγοι</em></strong></span> <span class='ocrx_word' id='word_1_313' title='bbox 1006 4080 1032 4144; x_wconf 79' lang='grc' dir='ltr'><strong>δ’</strong></span> <span class='ocrx_word' id='word_1_314' title='bbox 1058 4079 1313 4148; x_wconf 65' lang='lat' dir='ltr'><strong>dorotheam</strong></span> <span class='ocrx_word' id='word_1_315' title='bbox 1338 4088 1372 4150; x_wconf 81' lang='grc' dir='ltr'><strong>οὔ</strong></span> 
     </span>
     <span class='ocr_line' id='line_1_36' title="bbox 181 4183 1374 4265; baseline -0.003 -6"><span class='ocrx_word' id='word_1_316' title='bbox 181 4195 233 4259; x_wconf 82' lang='grc' dir='ltr'><strong>τόν</strong></span> <span class='ocrx_word' id='word_1_317' title='bbox 255 4192 327 4256; x_wconf 76' lang='grc' dir='ltr'><strong><em>όδιον</em></strong></span> <span class='ocrx_word' id='word_1_318' title='bbox 351 4189 478 4259; x_wconf 81' lang='grc' dir='ltr'><strong><em>στόλον,</em></strong></span> <span class='ocrx_word' id='word_1_319' title='bbox 504 4189 590 4252; x_wconf 73' lang='grc' dir='ltr'><strong>ἀλλὰ</strong></span> <span class='ocrx_word' id='word_1_320' title='bbox 613 4186 663 4251; x_wconf 86' lang='grc' dir='ltr'><strong>τόν</strong></span> <span class='ocrx_word' id='word_1_321' title='bbox 683 4185 881 4264; x_wconf 72' lang='grc' dir='ltr'><strong><em>Ἑλληνικόν,</em></strong></span> <span class='ocrx_word' id='word_1_322' title='bbox 903 4183 955 4250; x_wconf 73' lang='grc' dir='ltr'><strong>ὅτ’</strong></span> <span class='ocrx_word' id='word_1_323' title='bbox 976 4187 1193 4265; x_wconf 71' lang='grc' dir='ltr'><strong><em>ἀφηγούμενος</em></strong></span> <span class='ocrx_word' id='word_1_324' title='bbox 1216 4190 1257 4261; x_wconf 77' lang='grc' dir='ltr'><strong>εἰς</strong></span> <span class='ocrx_word' id='word_1_325' title='bbox 1272 4199 1374 4265; x_wconf 75' lang='grc' dir='ltr'><strong><em>Δῆλον</em></strong></span> 
     </span>
     <span class='ocr_line' id='line_1_37' title="bbox 183 4290 1373 4376; baseline -0.001 -12"><span class='ocrx_word' id='word_1_326' title='bbox 183 4297 254 4376; x_wconf 80' lang='grc' dir='ltr'><strong><em>ἦλόε</em></strong></span> <span class='ocrx_word' id='word_1_327' title='bbox 286 4298 445 4368; x_wconf 73' lang='grc' dir='ltr'><strong><em>Μενέλαος</em></strong></span> <span class='ocrx_word' id='word_1_328' title='bbox 478 4294 532 4359; x_wconf 84' lang='grc' dir='ltr'><strong><em>σὺν</em></strong></span> <span class='ocrx_word' id='word_1_329' title='bbox 564 4293 712 4359; x_wconf 79' lang='grc' dir='ltr'><strong><em>Ὀδυσσεῖ</em></strong></span> <span class='ocrx_word' id='word_1_330' title='bbox 741 4293 790 4356; x_wconf 76' lang='grc' dir='ltr'><strong>ἐπὶ</strong></span> <span class='ocrx_word' id='word_1_331' title='bbox 823 4295 881 4365; x_wconf 73' lang='grc' dir='ltr'><strong><em>τοὶς</em></strong></span> <span class='ocrx_word' id='word_1_332' title='bbox 914 4295 1014 4358; x_wconf 86' lang='grc' dir='ltr'><strong><em>Ἀνόου</em></strong></span> <span class='ocrx_word' id='word_1_333' title='bbox 1048 4293 1237 4373; x_wconf 73' lang='grc' dir='ltr'><strong><em>όυγατέρας,</em></strong></span> <span class='ocrx_word' id='word_1_334' title='bbox 1262 4290 1298 4362; x_wconf 78' lang='lat' dir='ltr'><strong>ol</strong></span> <span class='ocrx_word' id='word_1_335' title='bbox 1321 4299 1373 4363; x_wconf 78' lang='grc' dir='ltr'><strong>καὶ</strong></span> 
     </span>
     <span class='ocr_line' id='line_1_38' title="bbox 184 4399 1374 4488; baseline -0.002 -14"><span class='ocrx_word' id='word_1_336' title='bbox 184 4405 361 4488; x_wconf 80' lang='grc' dir='ltr'><strong><em>Οἶνότρστνι</em></strong></span> <span class='ocrx_word' id='word_1_337' title='bbox 388 4405 562 4468; x_wconf 75' lang='grc' dir='ltr'><strong><em>ἐκαλοῦντο.</em></strong></span> <span class='ocrx_word' id='word_1_338' title='bbox 588 4399 698 4487; x_wconf 78' lang='lat' dir='ltr'>(EPQ)</span> <span class='ocrx_word' id='word_1_339' title='bbox 722 4400 826 4476; x_wconf 83' lang='lat' dir='ltr'><strong>Quem</strong></span> <span class='ocrx_word' id='word_1_340' title='bbox 848 4401 898 4466; x_wconf 85' lang='lat' dir='ltr'><strong>vel</strong></span> <span class='ocrx_word' id='word_1_341' title='bbox 923 4401 1000 4487; x_wconf 84' lang='lat' dir='ltr'><strong>quid</strong></span> <span class='ocrx_word' id='word_1_342' title='bbox 1020 4399 1260 4480; x_wconf 70' lang='grc' dir='ltr'><strong><em>οὶΦνιγνόμενσςό</em></strong></span> <span class='ocrx_word' id='word_1_343' title='bbox 1284 4403 1374 4485; x_wconf 81' lang='lat' dir='ltr'><strong>Quod</strong></span> 
     </span>
     <span class='ocr_line' id='line_1_39' title="bbox 184 4507 1373 4598; baseline -0.003 -18"><span class='ocrx_word' id='word_1_344' title='bbox 184 4537 223 4580; x_wconf 84' lang='lat' dir='ltr'><strong>ne</strong></span> <span class='ocrx_word' id='word_1_345' title='bbox 255 4515 373 4578; x_wconf 78' lang='lat' dir='ltr'><strong>{rosera</strong></span> <span class='ocrx_word' id='word_1_346' title='bbox 406 4531 615 4598; x_wconf 84' lang='lat' dir='ltr'><strong>quaeramus,</strong></span> <span class='ocrx_word' id='word_1_347' title='bbox 649 4509 871 4576; x_wconf 85' lang='lat' dir='ltr'><strong>emendemur:</strong></span> <span class='ocrx_word' id='word_1_348' title='bbox 901 4510 935 4572; x_wconf 80' lang='grc' dir='ltr'><strong>οὐ</strong></span> <span class='ocrx_word' id='word_1_349' title='bbox 965 4513 1017 4574; x_wconf 82' lang='grc' dir='ltr'><strong>τὸν</strong></span> <span class='ocrx_word' id='word_1_350' title='bbox 1040 4507 1111 4573; x_wconf 70' lang='grc' dir='ltr'><strong><em>ἴδιον</em></strong></span> <span class='ocrx_word' id='word_1_351' title='bbox 1134 4510 1260 4588; x_wconf 75' lang='grc' dir='ltr'><strong><em>στόλον,</em></strong></span> <span class='ocrx_word' id='word_1_352' title='bbox 1286 4513 1373 4576; x_wconf 68' lang='grc' dir='ltr'><strong>ἀλλὰ</strong></span> 
     </span>
    </p>
   </div>
   <div class='ocr_carea' id='block_1_4' title="bbox 0 0 1651 5148">
    <p class='ocr_par' dir='ltr' id='par_1_4' title="bbox 0 0 1651 5148">
     <span class='ocr_line' id='line_1_40' title="bbox 0 0 1651 5148; baseline 0 0"><span class='ocrx_word' id='word_1_353' title='bbox 0 0 1651 5148; x_wconf 95' lang='lat' dir='ltr'><strong> </strong></span> 
     </span>
    </p>
   </div>
  </div>
 </body>
</html>
