3318 5138
817 281 880 352 lto

253 473 397 546 Minerva
421 501 475 564 per
509 479 623 542 tonitru
655 478 828 544 adolevisse
858 481 1013 564 potuerit,
1045 499 1183 568 magnus
1206 477 1288 544 mihi
1310 475 1439 562 quidem

253 590 313 652 erit
342 586 466 671 Apollo.
502 584 589 665 Quae
620 584 660 649 ad
682 584 817 650 Iliadem
844 586 865 649 l.
880 607 906 650 o.
932 584 1084 674 leguntur
1107 585 1170 651 alia
1193 588 1301 650 omnia
1325 589 1438 669 atque,

251 697 345 759 utin
369 693 501 779 mytho,
526 694 649 758 saniora
672 691 765 756 dant:
788 697 891 764 Μῆτιν
916 692 970 766 τὴν
994 692 1168 769 Ὠκεανοῦ,
1193 690 1229 764 ὥς
1255 698 1370 774 φασιν,
1396 692 1438 763 εἰς

252 800 357 865 πολλοὶ
392 801 446 873 τὴν
481 800 599 880 μορφὴν
632 797 826 876 οἱμεέβουσαν
857 798 1044 878 βουλόμενοι
1077 799 1090 863 ὃ
1122 798 1198 871 Ζεὺς
1231 801 1304 878 παρ’
1342 797 1439 878 ἑαυτῷ

251 906 335 988 ἔχειν
367 904 513 972 κατέπιεν
545 902 688 983 ἔγκυον
718 899 837 970 οὖσαν
870 906 942 970 ὑπὸ
976 906 1143 985 Βρόντου
1175 911 1228 970 τοῦ
1254 903 1438 976 Κύκλωπος.

250 1014 522 1094 τελεσφορνθεέσκς
547 1013 578 1077 δὲ
603 1019 657 1086 τῆς
682 1012 790 1084 παιδὸς
814 1015 828 1076 d
854 1013 929 1086 Ζεὺς
955 1013 1005 1078 asa
1029 1019 1084 1086 τῆς
1110 1018 1254 1092 κεφαλῆς
1279 1011 1372 1076 τεκΐον
1395 1011 1441 1076 δι’·

248 1121 320 1185 δωσι
355 1121 397 1202 τῷ
432 1120 560 1199 Τρίτωνι
597 1118 665 1204 [τῷ]
703 1122 833 1198 ποταμῷ
869 1118 1002 1200 τρέφειν.
1039 1115 1127 1183 ὅθεν
1162 1117 1441 1198 Τριτογένεια

247 1227 393 1303 ἐκλήθη
436 1228 482 1299 ὡς
518 1226 559 1290 ἔκ
594 1231 710 1305 τριῶν
755 1225 1081 1303 συναυξηθεῖσα,
1129 1224 1300 1305 Βρόντου
1346 1224 1437 1297 Διὸς

246 1334 462 1412 Τρίτουοο.
488 1331 560 1399 Iam
583 1337 733 1417 apparet,
758 1331 866 1416 credo,
892 1339 925 1398 ct
941 1331 1104 1418 'quomodo
1127 1338 1235 1397 nostra
1255 1329 1441 1416 explicanda

247 1444 311 1505 sint
334 1446 366 1506 et
387 1439 471 1505 unde
495 1441 639 1504 venerint
663 1445 694 1502 et
718 1457 823 1522 quam
837 1442 1012 1504 necessario
1031 1427 1173 1520 βροντῆς,
1196 1460 1234 1504 ex
1251 1439 1335 1526 sigla
1356 1437 1440 1503 male

246 1546 410 1613 intellecta
432 1567 577 1631 perverse
599 1545 779 1630 expletum,
804 1543 1025 1633 retingendum
1048 1549 1091 1610 sit
1114 1549 1148 1610 in
1171 1545 1311 1625 Βρόντου,
1345 1543 1441 1609 simul

245 1652 436 1742 particulam
467 1653 519 1715 καὶ
552 1659 623 1737 post
654 1651 725 1725 Διὸς
759 1658 866 1718 contra
897 1651 1027 1739 linguae
1058 1650 1198 1718 Graecae
1230 1673 1322 1717 usum
1356 1649 1441 1716 male
1521 1645 1523 1650 ’

244 1764 397 1826 insertam
429 1758 617 1824 eliciendam
647 1778 713 1822 esse
744 1756 974 1824 confirmamur.
1023 1759 1075 1824 Ad
1106 1781 1174 1824 rem
1199 1757 1284 1844 quod
1308 1761 1438 1836 attinet,

245 1868 439 1932 conveniunt
468 1885 505 1930 ea
534 1885 614 1950 quae
636 1863 671 1928 in
694 1863 829 1930 Scholiis
852 1864 892 1929 ad
915 1864 1050 1930 Iliadem
1075 1875 1101 1930 Θ
1128 1865 1170 1930 39
1195 1872 1228 1932 et
1250 1867 1377 1932 brevius
1402 1863 1442 1929 ad

249 1983 277 2038 A
301 1971 366 2038 194
386 1970 500 2046 infine
524 1971 691 2036 traduntur
714 1992 787 2035 cum
812 1969 996 2058 Apollodori
1018 1971 1219 2040 Bibliotheca
1240 1973 1277 2038 h.
1301 1969 1441 2039 1.c.111

246 2077 325 2164 §6‚
352 2115 394 2127 -
417 2097 655 2162 nonnumquam
687 2075 739 2142 vel
767 2079 802 2140 in
834 2078 940 2143 verbis
969 2098 1110 2164 quoque,
1142 2087 1193 2144 ut:
1228 2080 1380 2158 μίγνυται
1409 2077 1439 2142 δέ

249 2186 325 2260 Ζεὺς
350 2185 484 2262 Μήτιδι,
510 2182 837 2264 μεταβαλλούσῃ
860 2185 917 2257 εἰς
938 2187 1103 2265 ,πολλαὶς
1128 2185 1246 2258 ἰδέας
1270 2184 1440 2271 Apollodo-

246 2315 318 2379 rus,
350 2294 407 2365 εἰς
441 2291 576 2356 πολλοὶ
608 2293 678 2366 τὴν
701 2291 858 2370 μορφὴν
883 2292 1149 2368 ἀμείβουσαν
1172 2292 1300 2358 Scholia
1323 2303 1349 2356 Θ
1376 2290 1440 2368 39,

245 2403 284 2471 ὥς
317 2399 347 2464 δέ
379 2399 392 2463 ὁ
419 2406 477 2487 τῆς
503 2399 648 2476 γενέσεως
673 2395 776 2470 ἐνέστη
801 2395 906 2478 χρόνος
1027 2399 1141 2474 ’Adurni
1165 2398 1219 2463 σὺν
1243 2395 1346 2472 ὅπλοις
1372 2399 1442 2464 οἰνέ-

245 2510 308 2586 θορε
340 2505 568 2593 Apollodorus,
601 2505 630 2568 έν
655 2506 696 2584 τῷ
720 2503 870 2585 ὡρισμένῳ
894 2513 948 2579 τῆς
973 2507 1168 2581 ἀποκυήσεως
1191 2507 1289 2587 χρόνῳ
1313 2506 1441 2586 ἐξέθορεν

246 2613 263 2686 ἡ
293 2613 355 2684 θεὸς
380 2614 434 2677 σὺν
459 2609 563 2686 ὅπλοις
587 2614 620 2675 in
641 2607 701 2676 fine
720 2609 840 2675 Scholii
859 2620 887 2674 A
903 2610 977 2687 194,
992 2648 1034 2660 -
1047 2633 1148 2698 neque
1168 2633 1263 2678 cares
1275 2611 1440 2699 Heynium

243 2719 341 2784 latuit
364 2720 411 2804 (in
435 2717 613 2783 Observatt.
638 2723 660 2780 t.
686 2715 727 2781 ll.
747 2739 776 2802 p.
802 2717 964 2804 lliscqq.)‚
989 2722 1174 2803 praesertim
1197 2741 1269 2784 cnm
1291 2718 1440 2784 Scholion

163 2807 167 2816 ¹
245 2839 272 2890 A
289 2823 352 2890 194
367 2823 446 2910 (195
460 2823 561 2888 Behh.
574 2825 671 2907 recte)
683 2826 717 2887 in
730 2824 922 2908 quibusdam
935 2825 1110 2902 codicibus,
1125 2827 1186 2890 etsi
1197 2846 1260 2890 non
1271 2828 1305 2892 in
1317 2825 1440 2890 Veneto

244 2933 281 3009 B,
301 2932 351 2996 his
372 2932 476 2996 verbis
496 2927 641 2995 finiatur:
667 2931 683 3004 ἡ
708 2931 740 2994 δὲ
763 2931 880 3011 ἱστορία
905 2933 992 3010 παρὰ
1019 2931 1236 3013 Ἀπολλοδώρῳ
1262 2933 1291 2995 έν
1316 2935 1438 3013 πρώτῳ,

245 3037 300 3104 sed
325 3038 400 3102 dum
431 3037 582 3101 οονύονυια
614 3055 801 3101 consensum
830 3043 939 3114 notat,
965 3060 1062 3102 οονιινι
1086 3038 1306 3105 diversitatem
1330 3047 1439 3104 notare

244 3153 276 3210 et
307 3143 464 3229 explicare
496 3140 720 3228 praetermisit
765 3144 849 3209 Nam
880 3146 914 3210 in
941 3145 1132 3230 Apollodoro
1155 3145 1238 3210 nihil
1261 3147 1299 3211 de
1323 3146 1440 3210 Bronte

242 3272 344 3336 neque
386 3250 494 3314 eadem
525 3249 572 3334 ⁴da
610 3247 750 3315 Tritone.
798 3250 997 3336 Quapropter
1032 3273 1086 3337 ea,
1122 3274 1201 3337 qnae
1236 3256 1270 3317 in
1304 3252 1440 3319 Scholiis

242 3359 410 3446 leguntur,
444 3377 482 3420 ex
512 3358 684 3443 integriore
713 3356 903 3441 Apollodoro
936 3379 1001 3422 esse
1032 3363 1180 3443 excerpta
1203 3359 1283 3424 mihi
1307 3358 1438 3444 quidem

243 3465 417 3532 admodum
438 3462 600 3548 probabile
624 3463 761 3528 videtur.
793 3458 814 3548 ¹)

255 3631 429 3644 ——..-—-——··

278 3732 301 3790 l)
326 3729 382 3777 Post
405 3723 500 3774 Scholia
522 3706 551 3771 ad
576 3721 676 3770 Iliadem
692 3725 716 3771 ct
733 3724 865 3787 Odysseam
881 3728 906 3773 ct
923 3723 1063 3789 Apollodori
1082 3725 1256 3775 Bibliothecam
1274 3723 1393 3776 uberrima
1411 3725 1441 3774 de

243 3817 315 3868 variis
332 3813 484 3880 etymologiis
501 3811 564 3860 vocis
581 3808 737 3873 Τριτογένεια
754 3816 827 3876 agunt
843 3813 943 3862 Photius
958 3817 981 3862 et
995 3813 1185 3878 Etymologienm
1205 3817 1333 3880 Magnum,
1352 3815 1440 3880 inqui-

242 3901 341 3951 busdam
359 3899 388 3947 sd
405 3895 503 3945 verbnm
517 3893 580 3943 inter
594 3911 618 3944 sc
631 3895 817 3952 consentientes,
833 3894 858 3943 in
873 3895 926 3944 eliis
942 3896 1091 3955 dissidentes,
1106 3897 1141 3945 ita
1155 3900 1236 3946 tamen
1251 3903 1277 3947 ut
1287 3897 1440 3961 Etymologus

244 4007 306 4040 nunc
323 3988 416 4055 planior
434 3985 471 4034 sit.
509 3984 608 4033 Photiua
626 3985 682 4033 haec
701 3985 782 4034 habet:
803 3985 1024 4045 Τριτογενιίςι
1046 3984 1059 4041 A
1082 3983 1181 4043 Ἀθηνᾶ·
1202 3985 1256 4044 ἤτοι
1276 3985 1315 4034 ὅτι
1332 3982 1365 4034 έκ
1382 3991 1439 4058 τῆς

244 4072 940 4138 νηδύοςκαὶτῆςμέτρᾱςκᾱῖτῆςκεφαλῆς
958 4072 1439 4142 τοῦΔιδςέξῆλέεν,ἰὶέτιπαρὰτῷ

242 4169 379 4235 τρίτοννι
399 4171 442 4229 τῷ
462 4170 600 4228 ποταμῷ
621 4161 746 4225 Λιβίοις
764 4163 937 4224 haeredici,
957 4161 971 4222 ll
992 4167 1064 4232 τρΙτρι
1085 4167 1205 4231 φθίνοντος
1223 4167 1253 4226 ὡς
1269 4167 1311 4217 καὶ
1323 4165 1439 4226 Ἀθηναῖοι

242 4261 358 4322 ἄγουσιν,
388 4252 402 4312 ii
429 4253 467 4304 dra
493 4255 566 4317 τρίτη
593 4255 652 4314 μετ’
675 4251 792 4315 ΙἈρτνμιν
817 4253 858 4302 καὶ
880 4254 1024 4305 Ἀπόλλωνα
1044 4252 1171 4318 έγνννιὶέιρ,
1191 4255 1205 4315 li
1226 4257 1279 4307 hercl
1298 4263 1374 4322 τριτιυ
1397 4262 1439 4318 τὴν

242 4351 350 4416 κεφαλὴν
378 4341 512 4406 Ἀθαμᾶνες
539 4343 665 4405 λέγουσιν,
688 4339 714 4408 [ll
735 4340 806 4393 iant
825 4347 911 4408 παρὰ
930 4347 1068 4408 Τρίτωνι
1091 4346 1259 4414 νγένντοΙ,
1278 4347 1292 4406 il
1312 4345 1358 4400 τοῦ
1376 4349 1440 4413 τρεῖν

243 4441 284 4494 καὶ
301 4435 455 4502 ειίλαβεῖσέοιι
474 4437 559 4496 αἰτία,
580 4432 594 4492 'i
614 4435 809 4498 γεννητική,
829 4435 881 4485 ὅτι
901 4435 1116 4488 ἀπελούσατο
1133 4436 1165 4489 έν
1181 4447 1223 4506 τῷ
1238 4443 1380 4506 «Τρίτωνι
1398 4441 1439 4508 aql
