3330 5144
841 355 908 434 246

279 557 408 644 quidam
442 556 482 624 ad
505 577 613 624 meam
635 543 785 624 notitiam
808 560 1034 643 pervenerunt,
1058 562 1182 623 eertum
1206 563 1239 624 ot
1261 557 1381 625 vitium
1405 575 1472 625 osso

281 665 509 751 deprehensum
545 672 577 730 at
606 668 783 731 remedium
814 663 971 730 adlatum.
1017 663 1067 730 Ad
1098 685 1235 743 versus,
1268 687 1346 752 quos
1378 685 1475 732 unus·

281 774 415 858 quisque
448 771 513 838 fere
548 775 634 837 tenet
664 772 865 836 memoriter:
897 771 944 842 τίς
975 767 1060 849 σ’ἀρ,
1078 769 1162 857 (τάρ)
1197 778 1285 853 σφωε
1308 776 1380 838 tatia
1404 771 1474 852 ἔριδι

283 877 408 954 ξυνέηκε
431 878 615 960 μάχεσύαι;
648 878 666 952 ΙΙ
689 881 810 952 Λητοῦς
834 877 886 942 καί
912 875 984 949 Διὸς
1008 877 1080 950 νίές.
1105 891 1175 944 κτλ.
1200 879 1347 946 observat
1370 898 1476 968 grom-

282 987 421 1050 matious
451 985 556 1050 nescio
583 985 671 1069 quis:
702 983 751 1049 έπί
776 985 811 1049 τὸ
832 983 1057 1062 διηγηματικὸν
1079 983 1191 1063 μετιὼν
1216 985 1392 1065 ὑποβάλλει
1415 987 1474 1058 τάς

282 1091 437 1171 διηγήσεις
469 1091 681 1169 αύτομάτονς,
712 1087 760 1156 ἵνα
785 1093 829 1169 μη
852 1091 924 1173 δοκῇ
948 1100 1010 1163 τοῖς
1034 1093 1175 1158 ἀκούουσι
1200 1095 1363 1175 προσιοορης
1386 1088 1475 1177 εἶναι,

281 1198 395 1264 ἀλλά
433 1197 484 1262 tut
520 1197 655 1271 πεύσεως
691 1198 743 1263 καί
778 1197 965 1279 ἀποκρίσεως
997 1197 1049 1262 τὸν
1085 1205 1143 1264 τῶν
1179 1200 1374 1280 ἀκροωμένων
1408 1203 1475 1264 νοῦν

281 1303 431 1385 ἀναρτῶν,
456 1303 508 1368 καί
534 1304 616 1383 ὑψῶν
641 1303 753 1377 αύτούς
779 1303 918 1385 πρύτερον
945 1313 983 1385 τῇ
1008 1303 1128 1384 πεύσει,
1154 1301 1224 1371 εἶτα
1242 1308 1297 1382 την
1316 1305 1476 1386 ἀπόκρισιν

282 1409 422 1487 έπάρων.
470 1408 562 1490 Quod
585 1411 640 1495 qui
665 1410 827 1494 indicit,
851 1409 934 1478 nihil
957 1409 1046 1475 dicit.
1083 1409 1258 1500 Subiungit
1280 1414 1476 1478 narrationes

284 1552 325 1565 -
349 1517 456 1601 inquit
479 1553 521 1563 -—
547 1521 675 1600 sponte,
700 1515 906 1602 simplieiter‚
931 1517 999 1582 sine
1023 1527 1107 1602 arte,
1131 1517 1244 1604 idque,
1269 1520 1298 1583 si
1326 1518 1375 1582 dis
1404 1517 1475 1602 pia-

284 1625 352 1700 oet,
385 1643 425 1688 ne
455 1621 626 1688 lectoribus
655 1621 798 1688 taedium
822 1622 943 1688 afferat.
989 1622 1164 1712 Subiungit
1187 1629 1295 1690 autern
1320 1645 1372 1690 eas
1395 1626 1475 1689 sim-

282 1728 422 1815 pliciter,
444 1765 485 1777 -
505 1729 559 1792 sed
579 1748 635 1814 per
658 1730 937 1816 interrogationem
961 1734 993 1794 et
1017 1728 1270 1815 responsionem!
1296 1729 1375 1810 Quis
1397 1730 1476 1795 haee

285 1832 479 1920 oonooquati
509 1831 710 1901 Contrarium
736 1835 819 1900 dixit
842 1841 966 1912 auctor,
991 1841 1091 1901 artem
1115 1841 1225 1921 po'e'tae
1248 1839 1315 1902 iarn
1339 1837 1413 1902 inde
1436 1837 1476 1900 ab

285 1943 380 2007 initio
411 1941 578 2021 extollens,
613 1942 662 2006 έπί
695 1945 729 2008 τὸ
753 1941 977 2021 διημηματικίν
1001 1941 1112 2019 μετιὼν
1136 1941 1311 2021 ὑποβάλλει
1336 1947 1395 2014 τάς
1415 1941 1476 2017 διη-

288 2050 395 2126 γήσεις
418 2049 509 2133 (οὐκ)
529 2047 734 2124 αύτομάτονς,
749 2083 769 2098 -
783 2083 803 2098 -
816 2083 836 2098 -
856 2048 966 2113 ἀλλά
986 2047 1037 2112 aa
1058 2046 1192 2120 πεύσεως
1211 2049 1262 2113 καί
1277 2049 1476 2128 ἀποκρίσεως.

286 2156 393 2240 Atque
422 2155 482 2220 hoo
512 2153 642 2240 quidem
671 2161 816 2240 apertum
840 2175 906 2221 esso
928 2155 1079 2239 arbitror,
1103 2175 1187 2221 nuno
1210 2157 1361 2222 omissam
1382 2175 1478 2244 nego·

285 2263 406 2328 tionem
429 2263 463 2326 in
487 2259 622 2328 Scholiis
645 2261 685 2327 ad
708 2259 881 2348 Odysseam
907 2261 1171 2349 pervestigamus.

332 2369 437 2456 Igitur
456 2368 543 2434 deest
564 2370 595 2433 ού
617 2367 656 2433 ad
680 2366 705 2446 β
729 2367 810 2432 17οε
838 2369 870 2434 ού
893 2368 957 2449 γάρ
981 2369 1143 2449 ἀπείρητος
1167 2369 1375 2448 μαντεύομαι,
1400 2370 1477 2434 ἀλλ’

288 2471 322 2542 εύ
345 2475 445 2559 είδύς,
469 2473 509 2539 ad
533 2471 685 2562 quaeCH:
712 2508 765 2523 -·
789 2475 827 2546 ύς
852 2476 1050 2559 συνεχῶς,
1083 2477 1177 2552 ἤμουν
1209 2473 1350 2554 ἀπειρος,
1382 2475 1476 2549 αὐτὸς

288 2581 495 2660 μαντεύομαι.
519 2581 630 2664 Neque
653 2581 815 2660 ἀπείρητος
840 2601 941 2665 noque
962 2583 1014 2647 ούκ
1035 2582 1196 2663 ἀπείρητος
1218 2581 1377 2670 signifieat
1395 2606 1478 2647 συνε-

290 2697 374 2773 χῶς,
407 2689 461 2754 sed
493 2687 645 2753 eorrectio
674 2689 882 2773 inpromptu
907 2693 971 2752 est:
997 2688 1034 2759 ὥς
1059 2688 1242 2774 σννετίς,
1267 2689 1360 2768 ἤγουν
1386 2689 1477 2776 (οὐκ)

288 2795 426 2873 ἀπειρος,
453 2795 546 2867 αύτὸς
571 2793 779 2870 μαντεύομαι.
801 2831 841 2844 —-
866 2792 988 2858 Iterum
1014 2793 1102 2859 deest
1125 2820 1142 2869 η
1168 2795 1228 2860 14:
1253 2796 1306 2860 καί
1329 2796 1342 2860 t
1365 2796 1421 2876 ἀηρ
1446 2796 1478 2860 δέ

289 2901 342 2967 καί
368 2903 384 2976 ἦ
410 2901 466 2980 ἀηρ
490 2899 525 2964 τὸ
550 2899 637 2965 αύτέ.
665 2901 681 2973 η
705 2901 762 2978 ἀηρ
785 2902 849 2979 γάρ
875 2901 892 2974 ἡ
923 2899 1064 2979 ἀορασία,
1090 2901 1104 2964 o'
1129 2902 1185 2979 ἀηρ
1209 2902 1235 2966 εί
1268 2905 1312 2978 μη
1344 2900 1411 2982 ἔχει
1442 2905 1477 2968 τύ

229 3023 231 3028 ·
288 3005 430 3088 φωτίζον.
454 3006 507 3092 (Ε)
530 3003 730 3090 Disorimen‚
755 3005 838 3092 quod
862 3004 1008 3071 nonnulli
1030 3007 1229 3092 statuebant,
1252 3008 1367 3073 meiius
1384 3029 1478 3094 expo·

289 3116 389 3179 situm
411 3116 459 3176 est
483 3112 522 3176 ab
545 3109 716 3196 Apollonio
738 3109 888 3197 Sophiste
912 3115 933 3176 i.
948 3133 978 3178 ν.
1003 3107 1036 3176 at
1058 3111 1111 3177 hio
1135 3114 1367 3192 confusissime;
1396 3113 1479 3180 illud

290 3225 399 3286 tamen
422 3224 569 3303 apparet,
593 3217 764 3284 discrimen
789 3239 855 3284 essa
879 3223 1057 3302 statutum,
1081 3221 1302 3305 quamobrem:
1331 3222 1422 3302 ύάηρ
1447 3222 1478 3287 δὲ

290 3327 343 3393 καί
368 3329 385 3402 ἡ
410 3327 467 3404 ἀὴρ
490 3325 554 3408 (οὐ)
578 3324 612 3388 τὸ
637 3322 715 3389 αύτί
738 3327 845 3391 verius
869 3328 938 3389 erit.
967 3363 1009 3373 -
1035 3323 1161 3391 Curtius
1192 3332 1240 3391 est
1270 3331 1284 3390 t
1308 3326 1393 3407 246,
1422 3329 1478 3394 ubi

287 3433 443 3500 Alcinous
466 3429 571 3496 Ulixi:
596 3433 628 3495 ού
645 3431 709 3510 γάρ
731 3431 899 3510 πυμμάχοι
921 3433 1005 3508 εἰμέν
1025 3431 1181 3510 ἀμύμονες
1202 3433 1269 3498 οὐδὲ
1289 3434 1478 3500 παλαισταί.

286 3539 336 3608 Ad
368 3541 446 3606 haee
476 3536 604 3624 quidam
636 3541 670 3602 in
698 3535 742 3602 T:
776 3537 948 3618 έφύσαμεν.
982 3539 1034 3602 ούκ
1059 3538 1112 3613 ἤδη
1136 3539 1190 3614 την
1215 3539 1344 3616 δύναμιν
1367 3542 1477 3607 Ἀλκί-

288 3672 350 3720 νοος
374 3644 554 3723 ἐσεμνύνετο
577 3643 642 3721 περί
668 3651 726 3708 τῶν
750 3644 829 3709 ἰδίων
852 3651 995 3728 πολιτῶν,
1019 3645 1111 3709 ύπύτε
1135 3645 1166 3710 δέ
1197 3645 1275 3725 ἔγνω
1309 3646 1478 3721 εἰιάττονας

288 3752 458 3836 πεφηνέναι
490 3751 560 3822 τούς
597 3751 740 3822 Φαίακας
772 3755 824 3815 τοῦ
857 3749 1040 3835 Ὀδυσσέως,
1073 3751 1236 3831 προσέύηιιε
1268 3753 1303 3818 τί
1337 3755 1479 3832 ,,ἀμύμο·

288 3859 370 3945 νες”,
402 3861 462 3939 οὐχ
487 3855 687 3938 ύπερέχοντές
711 3857 813 3934 ἐσμεν.
860 3857 971 3923 Priora
993 3879 1084 3923 sensu
1110 3877 1197 3924 oassa
1220 3879 1258 3924 ex
1282 3859 1388 3926 oodioe
1410 3864 1478 3947 ipso

289 3969 483 4055 peritissime
512 3965 558 4030 ita
588 3965 730 4030 restituit
761 3963 984 4030 Ludwiohius:
1018 3968 1032 4030 ε’
1042 3971 1079 4045 Φ·
1112 3963 1200 4029 ὅσον
1222 3965 1295 4041 μέν
1318 3967 1371 4030 ούκ
1395 3968 1479 4049 ᾔδει

290 4077 346 4151 τέρν
376 4073 503 4150 δύναμιν
532 4071 689 4142 ’Λλκίνοος
713 4069 890 4150 ἐσεμνύνετο
916 4071 982 4142 περί
1007 4077 1065 4136 τῶν
1090 4071 1168 4137 ἰδίων
1191 4079 1332 4138 πολιτῶν.
1368 4074 1404 4139 In
1428 4074 1479 4140 ul·

290 4181 380 4248 timis
408 4197 545 4264 parrum
575 4175 727 4242 mendum
757 4176 907 4243 relietum
940 4183 996 4244 est.
1043 4177 1107 4244 Res
1139 4181 1225 4244 enim
1258 4181 1326 4266 ipsa
1361 4180 1480 4247 oiarnnt

290 4288 387 4354 sonti
417 4289 574 4370 oportere:
606 4281 699 4347 ίπέτε
728 4281 759 4348 δέ
783 4281 860 4362 ἔγνω
887 4283 1056 4357 έηάττονας
1081 4284 1253 4366 πεφηνέναι
1277 4310 1307 4350 τ.
1333 4287 1478 4362 Φαίακας

291 4419 320 4460 τ.
348 4391 538 4468 Ὀδυσσέως,
571 4389 734 4470 προσέθηκε
759 4389 793 4455 τὸ
820 4392 936 4477 ,,(ούα)
965 4393 1122 4468 ἀμύμονες
1136 4391 1168 4468 ,”
1192 4395 1252 4474 οὐχ
1277 4395 1477 4474 ύπερέχοντές

290 4503 394 4579 έομεν.
427 4535 459 4546 -
494 4497 611 4564 atto.
659 4493 811 4566 Servatur
836 4495 945 4564 Ulixes
968 4520 987 4563 n
1009 4499 1175 4564 fraudibus
1200 4499 1323 4575 Circes,
1350 4509 1478 4591 aooepta
