3318 5138
829 343 901 422 '158

269 543 342 629 quie
364 542 486 609 nescibi
510 567 583 610 cum
608 544 724 611 Ovidio
745 546 896 623 dixerim,
922 546 1030 630 quiin
1051 541 1341 626 Metamorphoseou
1364 537 1460 605 LVII

271 651 329 736 (vs.
365 648 431 715 690
465 654 563 738 seqq.)
599 653 731 718 eandem
767 651 910 717 subulam
946 671 1009 716 uon
1043 649 1147 715 solum
1178 647 1374 713 luculentius
1406 647 1460 712 sed

268 760 366 824 etiem
396 759 526 824 uberius
554 761 705 824 narravit.
751 759 876 823 Procris
908 757 1042 843 pelicem
1072 759 1117 822 sic
1141 749 1282 820 invocari
1304 755 1462 840 suspicata

267 868 302 930 iu
324 865 488 932 frondibus
512 887 544 931 se
569 866 777 932 abscondidit.
801 865 920 931 Merito
945 867 1063 930 iterum
1088 885 1197 929 aurum
1222 865 1400 939 invocante,
1418 899 1461 908 -

267 975 335 1058 ipse
358 980 483 1052 narret,
510 1009 551 1022 -

570 1079 683 1144 Subito
703 1082 850 1168 gemitus
872 1082 956 1144 iuter
980 1099 1052 1144 mee
1075 1079 1172 1144 verbe
1195 1077 1326 1142 videbar

362 1185 477 1252 Nescio
501 1205 579 1270 quos
602 1185 735 1250 audisse.
763 1184 885 1263 „Veni”
910 1191 1017 1250 tomen
1043 1181 1200 1271 „optimal
1226 1184 1303 1249 dixi.

358 1292 482 1358 Fronde
504 1292 609 1358 levem
633 1313 744 1358 rursus
769 1295 939 1378 strepitum
963 1293 1098 1358 iaciente
1122 1292 1240 1358 caduco

358 1397 438 1464 Sum
460 1405 549 1464 ratus
572 1393 638 1464 esde
662 1399 781 1478 feram,
806 1398 972 1484 telumque
995 1398 1126 1465 volatile
1149 1401 1235 1463 misi.

182 1523 186 1538 ·
272 1551 274 1554 -
360 1505 485 1571 Procris
508 1511 585 1571 erat.
610 1505 782 1592 Medisque
805 1512 914 1572 teneus
937 1510 970 1571 iu
995 1513 1119 1593 pectore
1146 1505 1276 1582 vulnus,

362 1595 447 1690 „Hei
470 1610 586 1677 mihi!''
612 1613 802 1679 conclamet.
827 1612 899 1678 Vox
924 1619 971 1678 cst
995 1615 1050 1678 ubi
1074 1614 1202 1700 cognite
1225 1609 1304 1676 fidae

360 1715 530 1806 Coniugis,
555 1719 595 1783 sd
619 1740 729 1784 vocem
753 1741 901 1806 praeceps
926 1741 1096 1805 amensque
1119 1721 1260 1794 cucurri,
1285 1754 1304 1766 ·
1319 1754 1338 1766 -
1352 1751 1371 1766 -

408 1860 428 1874 ·
443 1860 462 1874 -
487 1841 519 1889 et
542 1845 678 1890 errorem
704 1831 775 1890 tum
800 1826 934 1910 denique
956 1827 1095 1890 nominis
1114 1808 1181 1890 esse

360 1931 509 1996 Elt'sensi
533 1938 565 1997 ot
587 1932 691 1997 docui.
716 1930 779 1998 Sed
802 1932 878 2018 quid
903 1933 1046 1998 docuisse
1068 1933 1225 1998 iuvabat?

361 2037 513 2115 Labitur,
539 2005 710 2124 el⁵parvse
734 2039 866 2125 fugiunt
890 2059 964 2104 oum
989 2042 1143 2126 sanguine
1167 2040 1258 2103 vires.

360 2143 510 2230 Dumque
533 2145 655 2230 aliquid
680 2151 821 2230 spectare
846 2150 967 2231 potest,
993 2166 1045 2210 me
1068 2151 1206 2230 spectat,
1231 2151 1263 2210 et
1286 2147 1321 2209 in
1344 2166 1414 2229 me,

363 2250 530 2316 Infelicem
555 2255 696 2316 enimam
720 2259 890 2336 nostroque
914 2251 1042 2317 exhalat
1064 2253 1099 2314 in
1122 2271 1184 2316 ore.

362 2354 425 2422 Sed
449 2357 544 2423 vultu
568 2358 698 2424 meliore
722 2364 804 2424 mori
829 2378 939 2423 securo
960 2357 1098 2423 ridetur.

272 2465 290 2538 ἡ
315 2463 346 2527 δὲ
371 2464 488 2543 ἱστορία
512 2468 600 2543 παρά
625 2464 774 2546 Φερεκύδῃ
794 2464 824 2528 ἕν
844 2463 972 2544 ἑβδάμρ.
1001 2503 1039 2512 -
1064 2463 1163 2529 Porro
1183 2487 1201 2526 σ
1222 2461 1288 2528 229
1309 2465 1348 2530 ad
1368 2463 1462 2544 πάρες

270 2571 296 2635 δ’
325 2569 371 2635 ἔτι
404 2572 506 2645 νάπας
537 2565 577 2644 ἦα
599 2575 686 2638 vorin
711 2571 806 2636 lectio
829 2571 950 2659 legitur
972 2571 1068 2636 hoec:
1095 2571 1256 2649 γράφεται
1284 2571 1364 2653 (καὶ
1387 2574 1463 2656 ins.)

272 2677 398 2756 „ulysse
434 2676 466 2741 δέ
498 2701 532 2742 κε
563 2678 664 2752 νάπας
697 2677 794 2752 εἵην,”
938 2676 1043 2754 μέγας
1068 2676 1119 2760 δέ,
1144 2677 1207 2751 ἦσαν
1233 2677 1338 2755 μέγας
1364 2676 1402 2741 ὢν
1425 2688 1464 2760 τῇ

271 2785 389 2866 ἡλικία,
411 2783 427 2859 ἢ
449 2781 578 2847 δύναται
599 2785 667 2848 καὶ
693 2784 926 2854 ε’πντάσεως
953 2784 1015 2869 (ἐπὶ
1042 2783 1160 2854 τάσεως
1185 2783 1224 2864 Q)
1251 2779 1329 2848 εἶναι
1355 2783 1463 2862 μέγας

271 2890 368 2970 μωρὸς
404 2888 473 2953 riori
512 2895 563 2954 τσῦ
598 2889 682 2956 πάνυ
716 2891 857 2974 άνάντσς,
891 2893 928 2962 ὡς
961 2891 1013 2955 καὶ
1046 2892 1076 2956 ἕν
1108 2899 1146 2971 τῇ
1187 2891 1338 2975 συνηθείᾳ.
1365 2891 1464 2978 (HQ.)
1551 2907 1555 2912 '

271 2997 434 3063 Sententia
464 2999 532 3082 ipso
563 3003 688 3062 tontum
712 3018 774 3061 non
798 2997 915 3063 clamat
939 2999 1162 3084 corrigendum
1187 3019 1270 3063 esse:
1294 2999 1310 3074 ἢ
1336 2999 1464 3065 δύναται

272 3104 359 3169 κατ’
385 3104 581 3168 ἐπίτασιν
604 3099 680 3168 εἶναι
706 3102 810 3181 μέγας
835 3105 931 3184 μωρὸς
951 3105 1027 3184 άντὶΙ
1042 3107 1095 3168 τσῦ
1115 3103 1197 3168 πάνυ
1219 3103 1355 3178 indures.
1380 3104 1465 3170 Cum

271 3212 343 3276 κατ’
372 3212 406 3275 in
437 3209 488 3273 sol
515 3211 662 3284 abiisset,
687 3209 913 3296 compendium
937 3212 1168 3276 terminationis
1191 3211 1276 3275 mele
1300 3200 1465 3296 expletum

271 3321 319 3384 est
351 3317 385 3382 in
419 3315 471 3391 H;
506 3317 608 3382 scribe
639 3305 756 3382 codicis
785 3317 811 3398 Q
843 3323 1049 3384 correctorem
1084 3337 1182 3404 egens
1212 3317 1299 3383 dedit
1331 3319 1382 3382 xci
1414 3320 1464 3384 ἐπὶ

270 3423 402 3495 τάσεως.
416 3461 458 3472 -
477 3422 640 3488 Ultimum
660 3424 756 3489 huius
773 3425 964 3490 confusionis
987 3424 1069 3508 quod
1087 3423 1269 3490 notabimus
1281 3425 1464 3511 exemplum

272 3537 321 3596 est
346 3557 366 3594 o
393 3527 477 3595 419:

339 3639 410 3710 τοὺς
435 3637 462 3702 δ’
487 3638 522 3724 (i.
536 3659 563 3704 e.
587 3639 775 3724 μνηστῆρας)
800 3637 833 3715 ἐξ
855 3637 983 3703 άλλάων
1007 3640 1119 3702 πολέων
1142 3634 1255 3704 οἶκόνδε
1279 3636 1408 3706 ἕκαστον

343 3745 466 3822 πέμπον
489 3743 580 3823 άγενν
604 3745 725 3810 άλνεῦσν
749 3749 814 3820 θοῆς
839 3745 890 3810 ἐπὶ
915 3745 999 3817 ννυσὶ
1024 3744 1165 3818 τεθέντες.

271 3852 323 3920 Ad
345 3853 422 3920 hoec
443 3855 479 3917 in
503 3851 581 3932 HQ:
606 3853 706 3926 άλρεῑς
731 3860 838 3918 καλεῖν
862 3851 1048 3918 εἲάάασνν
1073 3853 1122 3916 ist
1147 3852 1298 3930 μὲντοὺς
1322 3853 1464 3934 ἷχάυσβά-
1492 3851 1500 3864 '

272 3975 361 4034 λσνς,
386 3958 435 4031 οὓς
460 3960 512 4022 καὶ
540 3961 666 4035 ..circuire
691 3965 788 4023 κσῒλρν
812 3961 842 4028 ἐς
867 3960 1014 4037 αἰγιαλὸν
1035 3967 1141 4033 πολιῆς
1164 3957 1285 4025 έκτσσέε
1306 3959 1465 4036 θαλάσσης

272 4065 381 4146 δικτύῳ
406 4045 598 4145 §delivered
624 4065 661 4148 (χ
681 4063 747 4128 384
767 4085 851 4150 seqq.
876 4067 932 4131 ubi
956 4087 1058 4130 nuuc:
1086 4063 1253 4154 ἐξέρυσαν),
1276 4067 1325 4133 dri
1346 4067 1377 4132 δέ
1397 4069 1467 4140 τσὺς

272 4172 504 4253 πλαῖζσμένσυς,
534 4171 584 4245 ,,ε’ς
609 4169 636 4234 δ’
661 4169 764 4250 ἐρέτας
790 4171 904 4245 άλιῆας
928 4171 1119 4251 άγεέρωμεν”
1143 4173 1181 4258 (π
1205 4171 1281 4256 349,
1306 4175 1363 4240 ubi
1382 4196 1467 4240 nuno

271 4285 357 4346 reolo
376 4277 563 4362 άγεέρσμεν).
584 4281 635 4340 νῦν
657 4275 684 4340 δ’
706 4277 899 4358 ἑκάτερον
919 4281 1064 4361 ἐγχωρεῖ.
1090 4277 1161 4344 Duo
1173 4282 1206 4343 iu
1218 4279 1269 4344 his
1282 4281 1467 4369 corrigenda

272 4392 356 4454 suut.
404 4385 553 4450 Primum
583 4367 695 4456 altreie*
716 4391 822 4448 καλεῖν
855 4386 904 4449 ὁτὲ
933 4387 990 4462 μέν
1014 4385 1083 4452 τοὺς
1108 4385 1327 4466 ἷχέυοβέλσνς,
1360 4389 1410 4454 iri
1436 4389 1467 4454 δὲ

272 4494 343 4568 τοὺς
367 4489 582 4574 πλσϊζομένσυς
608 4510 669 4555 uon
695 4489 842 4576 εἰώθασιν,
866 4491 920 4557 sed
952 4492 1108 4578 εἴωθεν,
1141 4513 1256 4578 nempe
1288 4496 1302 4558 d
1333 4497 1468 4570 ποιητάς.

1474 4647 1493 4690 ἡ
