3278 5148
847 269 912 352 :itu
1014 287 1019 300 ·

287 469 533 554 consationibus
566 467 671 538 hisee:
707 470 721 535 ὅ
757 473 1061 554 resarseruntve
1089 473 1145 540 καῖ
1176 475 1343 554 εύτολμοο.
1375 471 1436 558 ούχ
1463 473 1480 544 ὅ

288 578 418 658 ύρασύς·
448 579 555 649 ἐκεῖνος
582 578 645 656 γὰρ
671 578 807 652 οὶνανδνὶς.
833 577 867 654 ἐξ
895 580 1033 660 ἀνδρείας
1057 581 1121 666 (δὲ)
1143 583 1197 646 καῖ
1223 588 1376 662 λογισμοῦ
1400 586 1481 664 tadeo

288 683 323 748 τὸ
349 685 463 766 ύαρρεῖν
488 684 689 764 τερτγύνετατ.
714 685 783 748 καὶ
808 683 917 750 ἔστιν
942 688 1089 752 οῖκεῖον
1113 697 1158 770 τῇ
1180 688 1321 772 Ἀύηνρῖ
1345 693 1388 755 τὸ
1412 699 1481 766 τῆς

288 792 461 869 γνύμης.
486 792 609 872 τούτῳ
630 793 702 870 ,γὰρ
725 793 808 858 δοκεῖ
828 794 1044 872 ταραττεῖούαν
1069 795 1124 870 την
1148 798 1317 875 παρρησίαν
1346 797 1482 862 Ὀδυσ-

288 898 401 982 σεύς,
433 896 478 964 ὅτι
511 897 591 976 ξένος
625 899 813 980 ἐτύγχανεν.
849 899 1025 978 ύτοβύλλετ
1055 898 1102 966 οὖν
1127 897 1171 966 dri
1196 902 1248 966 καῖ
1272 903 1482 969 τὸντοοοῦτον

289 1009 403 1088 θαρρεῖν
429 1006 491 1084 δεῖ,
514 1007 540 1070 si
566 1004 676 1084 μέλλεν
701 1007 852 1084 σωτηρίας
878 1004 1053 1080 reddendas,
1463 997 1464 1000 ¹

333 1277 362 1336 η,
392 1250 445 1318 79.
493 1251 643 1331 zxspinv:
671 1253 723 1325 την
749 1251 914 1317 Φανατύαν.
937 1253 981 1318 τοὶ
1002 1253 1161 1332 λεγόμενα
1180 1259 1229 1318 νῦν
1250 1254 1386 1336 Κέρκυρα
1399 1256 1481 1334 αύτη

287 1359 370 1424 εὀτῖν
401 1363 418 1436 ἡ
452 1360 603 1423 oetaeis.
626 1357 689 1437 (Β.)
718 1357 902 1423 Dindorfius
926 1360 966 1425 ed
991 1360 1032 1423 τύ
1055 1362 1234 1439 λεγόμεναι
1262 1366 1300 1439 „d
1325 1367 1481 1442 λεγομένη

286 1469 389 1532 ι”ύοητο
419 1465 582 1531 debebat.”
617 1463 739 1541 Immo,
772 1470 896 1530 mutete
928 1466 1199 1551 interpunctione,
1226 1471 1281 1542 την
1306 1475 1481 1550 Φανακῖαν,

286 1576 356 1648 την
380 1560 607 1650 λεγομένην
629 1577 679 1636 νῦν
705 1571 881 1651 Κέρκυραν.
906 1569 986 1647 αύτη
1013 1573 1137 1659 εὀτῖνρῖ
1162 1575 1313 1640 Φαοατύα.

333 1842 369 1895 η,
398 1817 471 1882 104.
519 1815 556 1881 In
580 1816 685 1881 verbis
710 1817 743 1880 αῖ
767 1817 822 1892 μὲν
847 1817 1045 1894 ἀλετρεύουσι
1068 1815 1171 1894 μύλης
1197 1815 1266 1904 (alii
1289 1818 1405 1902 μύλης)
1431 1813 1481 1880 ἔτι

289 1925 421 2002 μύλοτα
454 1923 568 2004 καρτύν
591 1923 851 2008 interpretandis,
878 1921 916 1987 de
940 1921 1222 2007 quibusmultum
1246 1923 1324 1988 olim
1350 1924 1481 1990 addubi-

289 2039 395 2097 tetum
414 2037 472 2107 est,
502 2036 646 2095 versetur
669 2033 766 2094 etism
793 2029 887 2093 breve
911 2027 1060 2093 Scholion
1084 2049 1122 2095 ex
1142 2029 1189 2093 V:
1204 2031 1333 2108 μηλοτα
1347 2031 1479 2110 καρτύν·

289 2141 359 2210 τοὺς
384 2135 509 2215 πυρούς·
524 2173 543 2185 ·
557 2137 623 2200 -οῖ
647 2136 677 2200 δὲ
701 2131 746 2199 dre
772 2135 806 2198 τὸ
831 2133 904 2213 ἔριον
925 2135 975 2198 ἐπὶ
998 2141 1049 2200 τοῖν
1072 2139 1167 2216 μηροῦ
1192 2138 1372 2220 ἔτρεφον.
1394 2137 1480 2214 μύλη

288 2247 351 2328 γὰρ
386 2248 420 2308 τὸ
454 2241 543 2321 ύκρον
579 2247 631 2306 τοῦ
666 2247 773 2319 μηροῦ.
812 2241 849 2305 ln
877 2241 927 2306 his
956 2243 1061 2308 neeoio
1090 2264 1146 2307 cur
1175 2243 1327 2317 editores,
1360 2250 1481 2309 veteres

288 2353 443 2418 editiones
462 2352 580 2434 secuti,
605 2347 732 2432 ἔτρεφον
755 2347 929 2420 ediderint,
950 2369 1023 2416 eum
1046 2345 1191 2430 ἔστρεφον
1212 2355 1375 2435 oporteat,
1397 2350 1479 2436 quod

288 2478 320 2523 ou
353 2479 409 2543 per
452 2477 485 2522 se
516 2457 593 2521 setis
623 2454 864 2521 commendetur
898 2461 930 2518 et
964 2451 1168 2540 explicetiore
1202 2455 1323 2520 scholio
1362 2479 1401 2521 ex
1436 2455 1480 2540 Ε,

288 2585 368 2650 «puae
388 2570 463 2629 suut
486 2565 594 2628 omnis
617 2563 749 2627 disiecto
765 2561 910 2625 membre
927 2547 1154 2645 disputationis
1166 2559 1421 2648 Porphyrienee‚
1443 2563 1480 2628 de

288 2673 347 2740 hoe
370 2671 440 2737 loeo
463 2683 519 2735 eut
544 2672 674 2735 seorsim
688 2673 744 2733 eut
765 2688 839 2732 oum
860 2665 933 2731 eliis
954 2669 1147 2732 eoniunotim
1170 2667 1238 2734 fuse
1250 2671 1480 2735 ratiocinantis.

332 2912 453 2980 lisdem
487 2915 645 2998 pertinent
680 2933 760 2996 quse
792 2915 968 2997 sequuntur
997 2932 1036 2976 ex
1067 2909 1186 2992 HPQT
1218 2912 1321 2994 edito,
1345 2933 1480 2998 quorum

286 3019 418 3087 initium
447 3017 562 3084 leuiter
589 3017 829 3082 immutandum
854 3024 885 3081 et
908 3018 1163 3104 interpunctione
1188 3019 1408 3086 adiuvandum
1433 3024 1481 3086 vi·

288 3129 390 3192 uisitur.
438 3125 552 3190 Editur
576 3131 684 3188 autem
708 3127 768 3188 sio:
792 3124 899 3200 μύλας
921 3124 998 3198 τινὲς
1024 3125 1066 3189 τὰ
1090 3126 1212 3212 γόνατα
1237 3125 1398 3200 οῖκούονοο,
1421 3129 1482 3204 μή·

287 3251 372 3298 λοπα
408 3232 439 3296 δὲ
470 3232 584 3310 καρτὸν
615 3231 649 3294 τὸ
681 3229 763 3307 ἔριον.
797 3231 913 3308 καρτύς
945 3230 975 3293 δέ
1007 3233 1072 3296 ἐστι
1102 3237 1161 3297 τῶν
1186 3231 1367 3317 προβάτων,
1391 3231 1442 3299 ἵνα
1467 3233 1480 3298 ὁ

287 3341 380 3418 λύγος
405 3335 421 3420 η
447 3339 496 3400 ἐπὶ
521 3341 579 3400 τῶν
604 3338 662 3406 τοῖς
688 3337 796 3416 κρόκας
821 3334 989 3414 τριβουοῶν
1007 3338 1057 3401 ἐπὶ
1075 3339 1339 3416 τῆςὲτογοννύδος.
1362 3338 1482 3407 Melius

286 3450 334 3510 itu
367 3445 610 3518 distribuentur,
651 3449 683 3508 et
719 3443 793 3509 stilo
817 3443 1038 3528 Porphyrieuo
1061 3445 1346 3512 accommodatius:
1373 3447 1481 3522 μύλας

286 3549 364 3623 τινὲς
394 3551 437 3616 τοὶ
469 3549 591 3628 γύνατα
621 3549 780 3632 οῖκούουον,
812 3549 944 3626 μύλοτα
976 3550 1008 3614 δὲ
1039 3553 1154 3632 καρτὸν
1185 3553 1220 3616 τὸ
1248 3549 1332 3632 ἔριον·
1363 3555 1479 3632 καρπὸς

287 3659 361 3740 γούρ
385 3660 449 3722 dors
474 3664 532 3722 τῶν
553 3656 732 3736 τροβύτων·
759 3653 808 3720 ἵνα
832 3655 845 3718 o‘
871 3655 964 3734 λύγος
989 3653 1006 3737 ᾖ
1031 3673 1101 3722 κτλ.

332 3897 368 3957 η,
395 3871 469 3936 113.
516 3869 715 3948 Τετρούγνοςε
752 3869 1067 3948 τετρύπλευρος--.
1095 3870 1155 3948 γύη
1186 3873 1249 3952 γὰρ
1265 3873 1383 3980 μέτρον
1407 3885 1479 3954 γῆς.

284 3985 298 4046 ο’
321 3981 360 4044 δὲ
385 3978 486 4056 γύης
511 3976 562 4041 δύο
586 3977 701 4040 ardeia
727 3975 806 4058 ἔχει.
829 3975 960 4062 (REM.)
986 3975 1135 4064 Oportet,
1157 3980 1266 4054 crede,
1288 3982 1390 4056 γύης
1416 3985 1479 4062 γύρ

284 4087 392 4166 μέτρον
415 4091 489 4162 γῆς,
518 4103 598 4167 quse
623 4081 689 4147 sola
712 4081 861 4169 legitime
885 4085 972 4148 voois
994 4083 1096 4149 forme
1119 4090 1166 4149 est
1198 4106 1341 4171 quaeque
1367 4091 1478 4154 stetim

284 4199 355 4281 post
386 4198 471 4257 reete
506 4193 624 4275 script-o
659 4193 812 4288 sequitur.
862 4187 950 4254 Idem
993 4191 1226 4257 restituendum
1270 4195 1303 4257 in
1339 4194 1480 4261 breviore

286 4307 361 4365 note
392 4319 431 4362 ex
464 4295 501 4360 V.
549 4295 607 4360 Est
641 4301 749 4360 sutem
780 4296 860 4372 γύης
886 4295 1106 4361 calamitosum
1132 4301 1283 4374 verbum,
1310 4299 1404 4366 alitor
1428 4302 1478 4367 de·

287 4412 455 4496 provatum
487 4404 525 4468 ed
566 4429 584 4468 o
622 4399 688 4467 374
700 4453 710 4480 ,,
741 4401 798 4467 nbi
829 4402 939 4467 eadem
970 4402 1052 4468 fere:
1085 4405 1238 4486 τέσσαρας
1274 4404 1346 4486 ἔχον
1383 4409 1476 4486 γύας.
