3278 5148
707 363 770 434 519

146 581 318 648 pronomen
350 558 571 644 indefinitum
602 559 640 624 de
671 558 777 625 Morte
808 561 891 624 enirn
920 577 1017 642 prove
1040 556 1159 623 dieitur
1182 555 1241 621 κάν
1264 571 1337 622 λαν-

147 669 221 750 θάνῃ
246 707 287 718 --
314 668 367 733 οὐκ
391 667 429 733 άν
453 668 557 740 λάθοι,
582 683 656 752 pro:
681 667 733 731 καί
759 668 784 732 εἰ
812 665 902 732 ἔλαθε
916 701 958 716 --
982 652 1034 729 τὸν
1058 689 1093 730 π.
1119 667 1172 744 ἐφ.
1197 665 1260 729 θεθν
1284 666 1338 728 ούιι

148 774 249 842 ἔλαθε.
292 775 331 839 In
362 774 461 840 ultera
492 776 648 840 sententio
677 777 810 840 mirarer
840 776 868 838 si
895 774 993 839 καίτοι
1026 778 1110 838 reete
1141 772 1272 838 heberet
1301 777 1339 836 ut

148 885 191 950 rit
221 888 337 948 ειοκίιο.
384 881 487 948 Miror
517 885 678 967 praetereo
700 880 873 947 Homerios
895 883 933 954 ύς
957 879 1001 945 τά
1024 904 1075 960 πρ.
1099 881 1241 958 μίγησαν
1264 899 1339 944 oum

149 989 408 1056 antecedentibus
439 1009 502 1054 non
529 1008 682 1063 connexe,
707 988 784 1052 odeo
809 993 846 1052 ut
868 1007 997 1073 prorsus
1020 986 1184 1066 παρίλιιειν
1207 985 1338 1052 videsn-

148 1105 212 1171 tur.
249 1117 306 1161 neo
339 1100 457 1182 exputo
488 1095 644 1180 quomodo
673 1093 856 1160 Dindorfius
885 1116 924 1160 ex
953 1091 1020 1178 οὖν,
1044 1094 1128 1180 quod
1149 1097 1182 1158 in
1205 1098 1340 1178 utroque

148 1203 257 1269 oodioe
291 1207 355 1280 est,
391 1203 500 1288 (verbs
532 1201 619 1273 εὐθὺς
646 1239 687 1251 --
713 1201 801 1279 λέγει
832 1201 956 1266 omittit
987 1199 1026 1282 Q)
1060 1201 1172 1272 αύτούς
1197 1199 1341 1284 exseulp·

149 1311 234 1376 serit.
283 1307 438 1374 Omnibus
465 1309 515 1373 his
539 1307 753 1373 medsbnntur
777 1307 857 1372 duee
879 1328 996 1393 parvae
1020 1309 1215 1373 mutationes
1237 1312 1270 1372 et
1292 1308 1340 1370 in·

149 1418 329 1502 terpunotio
359 1414 476 1481 melius
506 1417 696 1481 constituta:
722 1413 918 1479 παιδευτικὸν
944 1415 987 1494 τῷ
1011 1413 1090 1490 θντι,
1116 1409 1161 1478 άτι
1186 1412 1245 1478 κάν
1269 1412 1340 1483 τοὺς

152 1519 267 1594 ἄλλους
297 1521 433 1604 λανθάνρ
463 1522 553 1607 (τις)
581 1521 787 1606 άμαρτάνων,
810 1520 862 1586 τίν
885 1519 993 1585 πάντα
1018 1521 1176 1602 ἐφορῶντα
1200 1517 1263 1584 θείν
1288 1522 1340 1584 ούκ

151 1629 190 1695 άν
213 1627 309 1693 λάθοι.
335 1629 397 1692 καί
426 1628 504 1708 γάρ
528 1627 614 1699 εὐθὺς
638 1623 710 1705 άμα
735 1637 772 1709 τῇ
798 1629 899 1708 πρύτρρ
921 1627 1032 1709 συνθδιρ
1056 1627 1259 1708 καταφώρους
1284 1650 1341 1704 με·

149 1736 269 1801 νθσθαι·
293 1736 382 1812 λέγει
405 1739 499 1812 γοῦν
525 1735 583 1812 „oto
607 1735 649 1800 τά
674 1740 779 1813 πρῶτα
804 1735 976 1812 μίμήσαν.”
1002 1732 1090 1815 Quod
1115 1738 1186 1819 post
1207 1731 1341 1815 λανθάνρρ

148 1845 326 1927 interposui
360 1865 407 1913 τις
442 1841 583 1907 stabiliet
606 1839 633 1905 Τ
656 1840 766 1906 eodem
790 1841 855 1906 fere
879 1841 1049 1907 exhibens:
1075 1840 1212 1906 παιδεύει
1237 1841 1275 1912 otc
1298 1841 1343 1905 δι-

149 1946 271 2014 δάσκων
294 1943 340 2013 άτι
365 1946 424 2013 κάν
443 1948 514 2014 τοὺς
534 1946 667 2018 πολλοὺς
689 1945 824 2028 λανθάνρ
840 1971 887 2017 τις
908 1948 1074 2027 άμαρτύν,
1087 1947 1139 2011 τθν
1158 1952 1231 2025 γοῦν
1251 1945 1344 2014 πάντ’

149 2057 293 2139 ἐφορῶντ’
314 2053 421 2120 Ἥλιον
445 2057 477 2120 ού
500 2053 662 2128 λανθάνει,
687 2055 743 2120 sed
766 2067 799 2119 et
823 2055 890 2140 ipse
914 2053 977 2120 alio
1000 2059 1090 2140 perte
1111 2075 1214 2142 aeger.
1247 2053 1344 2120 Sum·

150 2183 279 2249 mopere
314 2165 400 2228 enirn
436 2159 604 2246 displicent
635 2161 732 2227 verbo
763 2163 798 2224 in
829 2161 923 2226 initio
952 2163 1056 2246 posito
1080 2161 1279 2232 ruricicurte
1305 2159 1345 2223 δι-

150 2269 289 2346 δάσκων,
312 2289 369 2334 neo
392 2271 571 2334 resisterem
595 2269 623 2332 si
648 2269 720 2353 quis
744 2267 913 2333 contendet
936 2267 1014 2332 huso
1039 2273 1095 2332 eut
1118 2265 1203 2333 mule
1227 2267 1346 2352 scripto

151 2382 208 2442 eut
241 2375 327 2441 mele
362 2374 444 2441 leuto
479 2394 545 2440 esse
581 2393 654 2460 pro:
687 2373 966 2444 παιδευτικύς
998 2373 1186 2440 διδάσκει
1217 2369 1264 2438 ὅτι
1288 2371 1346 2437 κάν

154 2498 224 2549 κτλ.
256 2482 282 2569 ¹)

199 2697 233 2779 θ,
266 2691 345 2760 274.
378 2695 446 2758 Ούκ
477 2689 540 2759 οἰδε
570 2694 601 2758 δὲ
634 2693 648 2758 ί
676 2695 801 2767 ποιιρτής
825 2695 877 2758 σίν
898 2692 1075 2774 Ἥφαιστον
1100 2693 1343 2776 ἐργαζόμενονή

153 2803 184 2866 ἰν
214 2799 344 2884 Λιπάρα
375 2809 430 2875 τής
456 2799 602 2871 Σικελίας
627 2806 686 2864 τῶν
708 2799 855 2864 Αἰολίδων
879 2800 985 2876 νήσων,
1012 2801 1028 2876 ή
1055 2801 1086 2864 ἐν
1109 2803 1244 2884 Λήμνῳ,
1270 2803 1346 2866 ἀλλ’

153 2911 184 2975 ἐν
214 2909 380 2988 Ὀλύμπῳ.
411 2904 465 2991 (Q)
490 2903 573 2972 Oum
598 2925 660 2972 non
683 2906 811 2972 videom
836 2906 919 2972 unde
942 2907 1077 2992 pendent
1099 2910 1263 2994 genitivus
1287 2915 1346 2974 τῶν
1416 2975 1420 2980 .

153 3015 301 3081 Αἰολίδων
324 3016 436 3091 νήσων,
463 3049 504 3062 -
528 3032 603 3079 nam
629 3013 751 3078 dietum
776 3013 960 3079 existimare
982 3031 1057 3098 pro:
1083 3014 1113 3078 ἐν
1137 3014 1266 3099 Λιπάρᾳ
1286 3023 1346 3081 τῶν

153 3121 241 3202 παρά
266 3120 412 3186 Σικελίαν
437 3119 583 3186 Αἰολίδων
607 3119 702 3194 νήσων
726 3122 903 3185 contortius
927 3124 975 3184 est
989 3157 1030 3168 —
1044 3119 1129 3186 haud
1153 3124 1217 3187 seio
1241 3141 1281 3188 an
1305 3125 1348 3189 sit

153 3227 373 3296 scribendum:
400 3227 465 3303 ήίν
486 3227 615 3310 Λιπάρα
634 3232 690 3299 τής
712 3227 860 3294 Σικελίας
881 3229 982 3310 (μιᾷ)
1004 3231 1062 3291 τῶν
1084 3228 1230 3294 Αἰολίδων
1243 3229 1347 3304 νήσων.

200 3445 231 3522 θ,
265 3442 343 3510 294.
378 3441 496 3514 Σίντιες
528 3443 692 3507 ἐκαλοῦντο
726 3441 751 3506 οί
784 3440 940 3516 Λήμνιοι,
967 3441 1005 3512 ύς
1030 3440 1211 3516 Ἑλλάνικος
1237 3444 1351 3522 ίστορεί

156 3552 186 3616 ἐν
219 3552 262 3629 τῷ
297 3549 364 3629 περί
401 3549 472 3614 Χίου
508 3550 654 3632 κτίσεως,
685 3549 737 3612 τθν
767 3547 874 3626 τρίπον
907 3553 1047 3613 τοιοῦτον.
1080 3549 1113 3614 ἐκ
1137 3559 1193 3623 τῆς
1217 3549 1347 3616 Τενέδου

155 3656 270 3739 ᾤχοντο
306 3658 348 3728 εἰς
382 3657 434 3721 τίν
464 3655 600 3720 Μέλανα
623 3653 736 3719 κθλπον
761 3657 812 3718 καί
838 3655 1033 3732 πρῶτονμὲν
1056 3656 1099 3727 εἰς
1124 3664 1248 3733 Λῆμνον
1273 3657 1350 3738 οἰφί-

155 3786 259 3830 κοντο·
293 3759 369 3837 ήσαν
401 3762 432 3826 δὲ
463 3762 567 3826 αύτύθι
599 3766 809 3833 κατοικοῦντες
843 3759 963 3846 Θρᾷκές
996 3784 1075 3834 τινες
1101 3763 1135 3826 ού
1160 3763 1267 3828 πολλοί
1292 3761 1347 3827 άν-

156 3873 283 3951 θρωποι·
318 3867 516 3947 ἐρενθνεισαν
553 3869 583 3933 δὲ
616 3867 810 3945 μιξέλληνες.
842 3867 967 3942 τούτους
1000 3868 1128 3934 ἐκάλουν
1160 3870 1185 3934 οί
1209 3871 1349 3951 περίοικοι

158 3979 282 4050 Σίντιας
316 3991 385 4042 κτλ.
413 3975 493 4059 (ΕΟ)
517 3973 553 4039 Si
576 3975 681 4040 lorum
705 3975 876 4063 intellego,
902 3977 1123 4042 inserendum:
1151 3976 1184 4040 ἐκ
1209 3985 1263 4052 τῆς
1289 3983 1350 4041 Τε-

156 4085 238 4151 νέδου
260 4083 378 4168 ρίχοντί
402 4081 537 4169 (τινες)
563 4083 604 4154 εἰς
630 4081 681 4144 τὸν
705 4080 841 4147 Μέλανα
865 4079 989 4146 κθλπον.
1032 4081 1104 4148 Non
1128 4082 1213 4148 enim
1238 4085 1348 4148 stetim

193 4357 219 4421 l)
241 4357 290 4406 Cir.
309 4356 325 4405 i.
343 4371 364 4404 e.
384 4375 400 4407 α
419 4353 478 4406 θθίι
499 4355 659 4412 ποιραατικύς
678 4312 828 4398 πυνθάνεται.
851 4365 868 4397 a
887 4349 949 4399 289:
969 4347 1107 4410 άναγκαίως
1127 4351 1238 4406 ποικίλας
1257 4347 1350 4413 ἰιιφύρσι

155 4447 202 4502 τάς
221 4443 329 4506 γνώμας.
349 4460 366 4492 a
389 4445 451 4495 30⁵:
473 4439 648 4498 διδασκαλικῶς
669 4438 781 4500 ’νπιλθγιι
800 4437 874 4488 πάλιν
893 4439 948 4501 rapt
966 4443 1015 4490 τθν
1034 4437 1121 4490 αύτύν.
1141 4457 1158 4489 α
1176 4438 1349 4503 θίἰιίσύνσσις

156 4533 251 4596 feroti
274 4535 352 4596 λύγοι.
371 4534 390 4596 β
409 4535 453 4586 15:
470 4533 567 4589 σίκίτως
588 4527 731 4596 θιρμιργοριῖ,
750 4535 774 4582 et
792 4532 825 4581 sir
843 4531 978 4582 moestia.
