3220 5144
863 303 928 372 484

301 517 380 581 quae
400 498 498 561 insint
518 498 644 582 propria
663 497 698 560 in
718 514 921 560 communem
941 497 1089 562 notitiam
1113 495 1332 582 proferantur,
1357 535 1398 546 -
1413 497 1495 582 quod

300 603 521 668 Ludwichium
535 603 693 668 factarum
707 623 803 688 quam
817 602 959 668 maxime
971 605 1129 688 optamus,
1146 642 1185 652 —
1199 603 1253 668 sed
1266 605 1336 669 sive
1348 602 1496 670 Senachi·

301 711 407 774 ribam
428 711 495 776 sive
516 713 697 797 quicunque
718 710 846 776 tandem
867 712 935 774 eius
955 717 1064 775 auctor
1076 709 1173 775 suerit
1185 711 1365 796 antiquiora
1377 709 1497 776 scholia

301 816 486 902 praesertim
511 837 550 880 ex
574 815 607 880 H
631 813 684 882 vel
707 815 804 880 huius
829 813 1002 902 archetypo
1021 837 1082 881 non
1101 815 1203 882 multo
1224 819 1333 882 minus
1348 817 1498 884 lacunosa

301 943 470 1007 usurpasse
497 941 591 1008 quam
616 943 672 987 nos
697 943 733 987 ea
756 923 900 986 terimus.
948 921 1014 985 Has
1037 923 1131 1004 ipitur
1154 923 1277 986 ίοαοοαο
1300 924 1363 1008 ipsc
1387 945 1426 987 αα
1450 923 1498 986 οἰο-

297 1027 385 1112 penio
414 1039 560 1115 utcunque
590 1029 735 1112 captavit,
761 1033 792 1092 et
815 1031 922 1093 nostro
946 1029 1076 1114 quidem
1100 1027 1169 1095 loco
1194 1030 1367 1095 admodum
1392 1027 1498 1095 infeli-

300 1139 389 1202 citer.
437 1133 541 1220 Nam,
574 1141 611 1200 ut
641 1137 770 1200 mittam
805 1154 941 1220 pravum
967 1133 1151 1214 ὁρμηθέντας
1177 1141 1209 1201 et
1233 1138 1362 1209 σωθῆναι
1387 1138 1498 1200 minus

301 1246 474 1308 sententiae
504 1241 780 1308 accommodatum
805 1259 900 1326 quam
926 1242 1010 1325 quod
1032 1261 1093 1329 ego
1118 1242 1324 1307 coniiciebam
1346 1239 1497 1306 οίνατοιύ-

302 1351 404 1426 εσθαι,
437 1347 596 1414 inutiliter
625 1348 796 1415 admodum
829 1347 868 1412 ad
900 1349 1117 1414 antecedentia
1141 1348 1313 1414 adhaerent
1336 1347 1413 1414 illa:
1441 1349 1500 1413 ίεοί

302 1480 337 1521 τε
370 1460 555 1542 (praestaret
585 1455 698 1521 saltem
731 1454 810 1538 γοίρ,
843 1453 897 1520 sed
922 1452 1110 1540 praetulisse
1134 1460 1212 1540 puto
1236 1454 1498 1541 interpolatorem

302 1587 354 1636 τε,
381 1565 530 1648 quoniam
550 1562 613 1642 γάρ
637 1565 760 1627 iamin
784 1560 982 1645 praecedenti
1007 1561 1152 1626 membro
1175 1561 1237 1648 est)
1261 1560 1379 1641 δοτῆρες
1397 1562 1498 1648 (δατ.)

303 1669 395 1751 ἐνίων,
426 1673 563 1754 suntque
595 1669 702 1733 contra
740 1670 839 1732 totius
870 1669 1072 1754 antiquitatis
1107 1673 1268 1748 mentem,
1309 1673 1499 1755 praesertim

301 1775 509 1852 Homericae,
546 1775 631 1840 dicta
662 1795 700 1839 ex
733 1771 987 1840 Christianorum
1020 1773 1178 1844 doctrina.
1212 1782 1248 1839 ut
1273 1773 1396 1841 scilicet
1420 1775 1498 1842 haec

301 1883 458 1946 sententia
487 1881 582 1945 insit:
613 1879 727 1946 nolunt
758 1880 801 1944 dii
825 1898 881 1945 nos
905 1881 1026 1966 perire,
1052 1881 1114 1966 ipsi
1139 1881 1225 1944 enim
1248 1880 1405 1946 bonoram
1431 1887 1498 1948 tan-

302 1999 393 2072 tum‚
426 2005 489 2052 non
524 1986 762 2062 calamitatum,
801 1993 944 2052 auctores
980 1993 1065 2050 sunt.
1119 1983 1318 2072 Quapropter
1352 1995 1498 2053 nostrum

302 2097 386 2160 certe
409 2092 515 2160 locum
541 2091 788 2158 vindobonensis
812 2094 941 2158 saisisse
972 2093 1079 2180 magis
1111 2092 1238 2158 videtur
1265 2114 1361 2180 quam
1385 2097 1496 2172 sarsit,

301 2203 430 2286 eiusque
462 2197 598 2265 aliarum
628 2219 751 2284 quoque
778 2197 965 2266 lacunarum
997 2198 1236 2286 supplementa,
1269 2201 1297 2264 si
1327 2219 1390 2286 qua
1415 2199 1494 2267 olim

302 2307 496 2395 prodibunt,
520 2327 638 2394 magna
662 2327 736 2370 oum
760 2308 906 2371 cautione
929 2305 1107 2371 adhibenda
1131 2308 1320 2372 censuerim.

346 2550 392 2602 μ,
416 2523 492 2590 303.
539 2521 667 2610 Rogatu
699 2521 807 2590 Ulixis
838 2525 915 2592 socii
938 2524 1102 2602 ἀπώμνυον
1125 2524 1162 2596 ὥς
1188 2491 1351 2588 ἐκέλευον.Ι
1372 2521 1496 2607 Nempe

301 2633 339 2698 ὥς
375 2632 406 2696 οὐ
440 2629 591 2710 βλάψωσι
624 2627 699 2706 βοῦν
732 2637 788 2704 τοῖς
819 2633 872 2694 τοῦ
904 2629 1010 2694 Ἠλίου
1041 2627 1160 2708 aalma
1193 2629 1210 2706 ἢ
1243 2627 1412 2710 πρόβατον.
1446 2627 1498 2716 (Q)

303 2738 425 2804 Immo:
450 2737 488 2809 ὥς
511 2738 544 2802 οὐ
567 2735 793 2815 βλοίψοοσι.
866 2765 869 2774 =

350 2975 391 3031 μ.
418 2949 493 3019 378.
541 2955 657 3018 Ταῦτα
681 2953 695 3016 ί
718 2947 824 3023 Ἤλιος
848 2951 920 3031 πρὸς
946 2949 997 3016 τίν
1021 2951 1085 3016 Δία
1109 2952 1260 3032 οὶριίμενοο
1284 2949 1392 3029 λέγει,
1419 2947 1499 3022 ὅπως

305 3057 492 3139 οίντιβλοίψν
519 3057 589 3132 τοὺς
614 3060 749 3138 ἑταίρους
774 3063 827 3123 τοῦ
854 3057 1048 3135 Ὀδυσσέως,
1075 3057 1132 3126 ὑπὸ
1156 3055 1194 3124 ὦν
1216 3059 1276 3129 τὰς
1301 3059 1397 3122 αὐτοῦ
1423 3058 1499 3138 βοῦς

305 3167 358 3232 καί
391 3167 433 3230 τίν
466 3163 612 3244 τρίβοντα
644 3163 776 3230 ἔκτεινόν
807 3190 842 3230 τε
871 3165 923 3229 καί
949 3161 1081 3246 ἔφαγον.
1106 3163 1158 3250 (Q)
1185 3163 1345 3233 Graecum
1368 3171 1497 3252 putem:

306 3270 385 3346 ὅπως
410 3271 596 3353 νίντιβλοίψν
614 3251 639 3322 ’-
653 3307 673 3323 -
697 3269 777 3337 ἀνθ’
804 3269 842 3338 ὧν
865 3308 914 3324 -·
938 3270 1068 3338 ἔκτεινόν
1091 3297 1127 3338 τε
1150 3271 1202 3338 καί
1228 3270 1359 3354 ἔφαγον.

351 3511 396 3566 μ,
427 3485 504 3552 411.
554 3483 655 3552 Navis
678 3491 874 3553 armamenta
897 3491 1005 3554 omnia
1027 3487 1070 3560 είο
1093 3485 1204 3554 ἄντλον
1228 3485 1405 3566 κατέχυνθ’.
1449 3485 1497 3552 Ad

306 3593 417 3661 ἄντλον
440 3593 520 3660 BH:
543 3595 585 3665 είς
610 3593 661 3660 τίν
686 3595 777 3678 τίτον
802 3600 856 3667 τῆς
882 3595 1025 3667 οίντλίοις.
1050 3591 1234 3680 Sequuntur
1257 3593 1412 3680 quaedam
1426 3597 1497 3678 poet

306 3703 454 3777 οίντλίας,
481 3721 561 3786 quac
585 3699 767 3767 Dindorfius
790 3723 851 3766 non
877 3722 939 3766 uno
960 3699 1054 3767 modo
1074 3699 1180 3766 refert.
1204 3699 1243 3764 In
1264 3698 1348 3785 App.
1369 3720 1400 3784 p.
1415 3693 1494 3766 788:

307 3808 379 3888 „cla
410 3829 473 3874 om.
504 3807 559 3873 H'’
584 3848 625 3858 -
650 3811 756 3896 inquit
781 3846 821 3859 -
850 3814 901 3891 „et
932 3813 1004 3894 post
1028 3805 1159 3878 durator
1184 3805 1298 3872 addere
1321 3805 1441 3872 dicitnr
1459 3809 1494 3875 sis

304 3917 348 3986 alr
372 3917 406 3979 rt
430 3920 521 3993 μῦρον
548 3913 620 4003 (l).”
646 3917 688 3982 At
711 3918 744 3980 in
768 3913 871 3980 Praei.
896 3915 941 4000 (p.
967 3913 1055 3999 LXI)
1073 3914 1171 3979 codex
1192 3913 1340 3998 praebere
1361 3911 1499 3978 dicitur:

308 4023 460 4101 „baralas
494 4023 528 4088 τί
559 4029 652 4102 μῦρον
685 4021 785 4110 (sio.)'’
817 4020 934 4102 Quidni
967 4023 1180 4110 corrigamus:
1201 4019 1246 4090 είς
1272 4015 1383 4084 ἄντλον
1407 4015 1496 4083 κατέ·

307 4130 413 4210 χιονίε
445 4129 488 4200 είς
519 4127 570 4195 τὸν
602 4130 694 4195 τόπον
717 4135 771 4202 τῆς
795 4129 945 4193 οίντλίονο·
970 4129 1014 4200 ὥς
1039 4127 1098 4198 είς
1124 4127 1166 4192 τὸ
1190 4121 1333 4206 μιίοονί
1357 4123 1382 4190 Ι.
1395 4145 1421 4190 a.
1448 4121 1495 4189 clo·

307 4252 380 4306 τλος
410 4237 536 4321 propria
567 4255 681 4320 aquam
709 4237 866 4299 marinam
899 4233 1059 4322 significat
1081 4237 1115 4299 in
1139 4234 1296 4299 sentinam
1321 4251 1354 4297 sa
1379 4233 1496 4297 insinu-

307 4351 434 4423 antem,
469 4342 522 4406 hic
557 4348 662 4409 antem
702 4341 832 4405 οίντλίαν
865 4329 952 4407 valet
986 4340 1156 4428 locumque
1189 4341 1297 4426 ipsum
1334 4339 1495 4428 designat,

308 4447 576 4534 quemadmodum
599 4449 681 4534 apud
706 4449 830 4516 Atticos
852 4448 943 4529 μύρον
968 4451 1067 4518 etiam
1092 4453 1382 4528 cneocaesarea.
1429 4443 1495 4512 Hoc
