3232 5136
688 335 732 414 lt

290 531 361 608 τοὺς
384 535 443 614 μὸν
465 532 527 616 ἄρα
549 533 704 616 χρυσέοισι
728 533 893 608 κυπέλλοις
918 527 980 606 υίες
1006 533 1145 615 Ἀχαιῶν

292 639 452 720 δειδέχατ’
477 638 607 706 άλλούεν
632 639 729 713 άλλος
755 640 940 706 άνασταδύν.

129 748 144 822 ἢ
173 746 303 830 διάφορος
335 743 369 822 ι’ρν
398 746 412 810 ὸ
442 745 536 820 τύπος
544 793 553 824 ,
578 746 630 810 καί
654 748 714 828 ούχ
737 745 837 827 ὥσπερ
861 747 895 811 τὸ
919 746 1016 820 δέπας
1040 746 1093 813 καί
1118 746 1153 810 τὸ
1179 742 1303 809 ἄλεισον

128 854 354 934 άμφικύπελλον
384 849 461 918 οὕτω
492 851 524 917 δέ
555 853 606 916 καὸ
640 857 748 929 τοῦτο,
782 854 911 936 κυφὸν
943 854 975 918 δέ
1006 853 1112 936 μίνονς
1136 851 1215 916 άπὸ
1240 853 1303 930 γάρ

128 967 188 1034 τιῑς
215 961 384 1042 κυφότητος
414 959 449 1023 τὸ
483 957 636 1024 κύπελλον
665 956 765 1041 ύσπερ
789 962 842 1026 καί
866 961 901 1025 τὸ
926 959 1188 1041 ἀμφικύπελλον·
1215 957 1231 1034 ἢ
1256 955 1301 1023 ύτι

128 1069 328 1144 παραπλήσιον
362 1061 397 1139 ἦν
428 1071 499 1138 ταῖς
525 1063 676 1151 πέλλαις,
700 1067 889 1146 συνηγμένον
909 1069 1033 1145 μᾶλλον
1057 1066 1098 1136 είς
1122 1065 1177 1138 τὸν
1201 1063 1300 1144 κυφὸ-

127 1194 208 1246 τιιτα.
240 1208 322 1222 ---
354 1171 497 1246 Σειληνὸς
542 1170 573 1236 δέ
614 1178 691 1254 φησι
736 1175 908 1252 ,κύπελλα
949 1175 1127 1250 έκπύματα
1169 1172 1299 1253 σκύφοις

127 1274 222 1364 ύμοια,
251 1282 290 1351 ὥς
313 1278 366 1344 καὶ
392 1278 558 1358 Νίκανδρος
584 1278 597 1342 ὸ
623 1283 828 1360 Κολοφώνιος·
853 1279 1001 1346 κύτελλα
1024 1278 1050 1344 δ’
1076 1277 1176 1356 ἔνειμε
1203 1277 1303 1356 συβώ-

126 1383 202 1458 τιις.”
232 1385 452 1462 Εύμολπος
485 1384 522 1448 δέ
554 1386 747 1464 ποτηρίου
772 1389 886 1465 γένος
911 1386 988 1450 άπὸ
1012 1389 1081 1450 τοῦ
1105 1383 1230 1465 κυφὸν
1255 1380 1303 1450 εί-

127 1515 193 1556 ιαι.
225 1493 411 1572 Σιμάριστος
444 1491 476 1556 δὲ
507 1492 541 1555 τὸ
573 1490 676 1555 δίωτον
708 1493 844 1571 ποτήριον
876 1493 1042 1572 Κυπρίους,
1074 1491 1109 1556 τὸ
1143 1491 1175 1556 δέ
1198 1490 1301 1556 δίωτον

126 1599 170 1662 rai
199 1597 365 1677 τετράωτον
398 1605 533 1676 Κρῆτας·
568 1601 705 1670 Φιλιιτῐις
737 1597 768 1662 δὲ
794 1601 997 1678 Συρακοσίους
1021 1600 1167 1664 κύπελλα
1191 1605 1301 1664 καλεῖν

126 1703 163 1766 τὸ
188 1713 239 1778 τιῑς
268 1703 373 1784 μάζης
404 1703 456 1768 καὸ
489 1709 548 1768 τῶν
578 1700 676 1782 άρτυν
701 1704 752 1768 έπί
777 1713 833 1780 τῆς
856 1706 1010 1787 τραπέζης
1035 1706 1302 1782 καταλείμματα.

128 1810 204 1894 (eth.
233 1809 317 1876 4820
348 1817 448 1895 seqq.)
491 1809 578 1874 Hine
606 1810 761 1874 discimus
791 1823 823 1875 et
854 1832 951 1896 quem
984 1815 1069 1878 voris
1097 1811 1304 1900 grsmmetioi

126 1918 182 1980 iem
209 1917 367 1984 Athenaei
396 1923 538 2000 tempore
562 1915 601 1980 de
625 1915 727 1981 forms
751 1923 897 1981 veterum
920 1918 1106 2002 poculorum
1132 1919 1304 1994 senserint,

126 2029 153 2085 et
179 2021 368 2109 Eumolpum
402 2023 561 2107 quendam
591 2012 754 2087 ouotorem
788 2023 889 2088 videri
921 2024 1136 2112 etymologias
1169 2028 1224 2090 τοῦ
1249 2024 1305 2090 κύ-

126 2145 227 2195 πελλον
261 2131 349 2211 παρά
384 2130 418 2194 τὸ
454 2129 550 2211 κυφὸς
584 2128 636 2194 vel
668 2132 702 2194 τὸ
734 2130 881 2215 κύπτειν,
914 2152 1011 2217 quam
1042 2135 1186 2217 sequitur
1208 2134 1305 2198 etiem

126 2235 300 2320 Apollonius
335 2234 485 2321 Sophiste
518 2239 540 2300 i.
562 2257 606 2312 v.‚
644 2237 816 2301 κύπελλοντ
853 2239 887 2302 τὸ
923 2237 956 2313 ἐξ
992 2237 1173 2318 άμφοτέροιν
1207 2243 1305 2316 μερῶν

126 2342 503 2424 περικεκυφυμένον
538 2343 676 2420 ποτήριον
708 2345 944 2429 interpretatus.
991 2343 1113 2410 Locum
1148 2344 1305 2410 Athenaei

126 2447 187 2512 ideo
215 2469 339 2534 quoque
369 2447 546 2533 pleniorem
577 2447 747 2534 adscripsi,
772 2456 808 2513 ut
833 2469 907 2514 eum
931 2450 1046 2514 mendo
1068 2452 1200 2514 initium
1224 2448 1305 2514 obsi-

128 2551 210 2620 dente
232 2555 419 2627 liherurem.
445 2554 529 2639 quod
554 2561 585 2620 et
609 2553 788 2620 Meinohius
812 2554 850 2620 V.
875 2553 924 2622 cl.
950 2554 1061 2624 tollere
1085 2561 1216 2621 oouetus
1238 2560 1304 2638 est,

126 2679 170 2725 me
198 2662 324 2746 quidem
358 2661 462 2728 iudioe
493 2662 601 2726 minus
625 2659 768 2728 feliciter.
817 2661 938 2728 Unious
962 2663 1062 2729 oodox
1085 2661 1200 2728 hebere
1224 2661 1304 2726 diei·

126 2773 183 2832 tur:
210 2771 226 2845 ἦ
250 2769 418 2845 ίνύματι
441 2767 714 2841 διαλλάσσει,
737 2769 906 2852 quodiam
926 2766 1150 2836 casaubonum
1181 2766 1310 2834 offendit

125 2874 165 2936 itu
192 2881 386 2940 monentem:
414 2871 553 2955 „loeutio
577 2873 676 2959 digne
700 2894 780 2958 quse
803 2893 861 2938 nos
883 2875 1046 2940 advertet:
1071 2895 1146 2942 nam
1171 2879 1239 2940 erut
1263 2873 1311 2938 di·

126 2981 266 3059 cendum,
293 2981 360 3044 καὶ
387 2979 513 3056 ὸνίματι
533 2977 653 3055 μόνον
673 2980 898 3064 διαλλάσσει,”
919 2981 1129 3067 similiterque
1147 2979 1310 3067 Schweig-

126 3083 319 3164 haeuserum,
356 3089 412 3172 qui
448 3085 604 3152 breviter:
637 3089 760 3163 „immo
783 3087 851 3150 καί
876 3085 1034 3164 ίιίματι.”
1080 3085 1305 3162 Μείιιείιὶιιεῆ

127 3194 261 3272 retinnit,
297 3202 367 3280 post
398 3192 524 3271 ίνίματι
558 3200 666 3258 eutem
698 3192 816 3258 ndieoit
847 3193 986 3270 μόνον,
1019 3215 1082 3280 que
1113 3193 1151 3260 de
1185 3214 1219 3259 re
1246 3192 1311 3258 loo-

128 3305 216 3366 torem
250 3300 378 3368 monuit
415 3301 448 3364 in
484 3298 647 3364 Anoleotis
678 3296 807 3364 Oritiois
840 3301 968 3388 (Athen.
1012 3309 1035 3366 t.
1072 3299 1114 3366 IV
1149 3323 1178 3386 p.
1218 3299 1310 3380 224.)

128 3401 233 3472 lerum
267 3408 345 3493 quid
380 3407 439 3472 hoo
471 3402 616 3490 prodeetl
648 3405 744 3472 Fetui
775 3412 823 3472 est
855 3426 985 3494 rogare:
1016 3413 1105 3472 τοῦτο
1129 3406 1311 3488 (κύπελλον)

128 3511 239 3593 τίσερύν
262 3515 330 3580 ε’στι
356 3515 470 3578 σαύτὸν
494 3515 536 3592 τῷ
560 3512 676 3591 άλείσιρ
700 3535 730 3576 κ.
759 3538 789 3578 τ.
816 3512 925 3586 δέπαϊ,
954 3516 972 3589 ἢ
997 3513 1171 3591 ὸνίματι
1193 3512 1313 3591 μόνον

128 3615 382 3696 δικλλιίσσεις
421 3616 491 3698 Qua
526 3617 654 3684 tendem
691 3616 756 3683 ulie
790 3622 912 3684 ratione
946 3618 1070 3686 differre
1104 3635 1238 3706 possunt
1263 3638 1313 3684 res

128 3729 242 3792 nomine
275 3728 419 3793 diversus
454 3724 557 3790 formo
597 3744 705 3809 pares,
742 3727 804 3790 nisi
840 3723 990 3792 nomine?
1023 3725 1058 3792 Si
1093 3727 1170 3811 quid
1203 3724 1313 3807 video,

129 3829 295 3900 Athenaeus
326 3832 469 3917 scripsit:
502 3835 591 3896 τοῦτο
623 3831 789 3912 πύτερύν
821 3832 887 3896 έστι
911 3833 1026 3896 ταύτὸν
1050 3835 1091 3913 τῷ
1118 3831 1232 3913 οίλείσιρ
1260 3832 1313 3896 καὸ

130 3941 163 4016 τῷ
184 3939 290 4018 δέπαϊ,
318 3939 366 4026 [ἢ]
386 3939 513 4014 ὸνύματι
537 3937 651 4024 (μόνον)
681 3939 917 4018 διαλλάσσον,
950 3940 1038 4023 ,τοὺς
1067 3938 1123 4014 μὸν
1149 3935 1211 4017 άρα
1225 3974 1244 3988 -
1261 3971 1280 3988 -
1294 3973 1314 3992 ι·

132 4043 318 4124 ὸνασταδίν,”
339 4041 382 4110 Ἢ
406 4043 548 4124 διάφορος
573 4039 606 4116 ἦν
630 4045 644 4108 ὸ
668 4044 777 4120 τύπος,
803 4046 854 4108 καί
881 4049 940 4125 οὐχ
964 4043 1063 4125 ὥσπερ
1083 4045 1118 4109 τὸ
1139 4043 1236 4117 δέπας
1258 4044 1311 4110 καί

132 4150 160 4213 τὸ
185 4151 302 4218 ἄλεισον
333 4151 576 4233 ἀμφικύπελλον
608 4148 683 4215 οὕτω
715 4150 746 4214 δέ
780 4152 833 4215 καί
866 4157 974 4229 τοῦτο,
1005 4155 1101 4234 κυφὸν
1136 4151 1168 4216 δέ
1205 4150 1312 4231 μόνον;

134 4289 167 4304 -
195 4267 347 4346 expunoto
387 4257 404 4333 ἢ
443 4263 515 4342 poet
553 4256 648 4322 δέπαϊ
678 4257 897 4345 dittographis
930 4264 998 4323 orto
1028 4257 1081 4324 vel
1113 4263 1316 4344 praepostere

133 4360 249 4443 herto,
274 4373 306 4431 et
330 4363 569 4430 διαλλάσσειν
593 4366 626 4428 in
650 4362 871 4429 διαλλάσσον
896 4369 1043 4442 mutato,
1068 4367 1114 4430 its
1133 4371 1171 4431 ut
1192 4364 1318 4445 πύτερύν

135 4463 188 4533 έστι
216 4472 372 4537 ταύτὸν
399 4506 487 4522 ---
512 4469 530 4546 ἢ
554 4469 750 4551 διάφορος
776 4466 809 4544 ἦν
834 4471 897 4536 sihi
920 4472 1061 4538 invioem
1085 4471 1316 4558 respondeant,

137 4579 388 4658 quemedmodum
415 4598 522 4644 rerum
549 4583 664 4642 nature
687 4575 838 4664 postulat.
