3278 5148
726 286 791 370 eei

160 495 237 558 tem.
286 491 506 558 Aristarchum
529 491 716 578 prestulisse
740 491 753 555 l
778 491 808 557 δὲ
833 492 962 558 divisim
980 493 1133 578 scriptum
1146 541 1155 577 ,
1168 483 1340 557 Lerochius

161 597 304 665 sollerter
326 600 460 665 coniecit
484 617 524 666 ex
546 599 721 665 Herodieni
744 598 863 665 scholio
886 599 926 665 ed
950 610 978 665 A
1003 599 1086 665 239:
1108 599 1121 664 t
1142 598 1198 664 δέ·
1220 595 1344 674 ἄμεινον

158 706 208 773 δύο
239 706 314 786 μέρη
347 707 441 786 λόγον
471 713 584 772 ποιεῖν·
618 706 653 784 ,,ί
686 703 718 770 δέ
747 729 792 770 τοι
817 708 961 785 νημερτὲς
983 705 1108 784 tutuo?
1143 705 1214 791 Ipse
1237 711 1343 772 noster

157 834 267 878 uersus
290 813 447 898 adfertur4
472 821 504 879 ct
527 815 653 898 sceptus
680 818 841 898 praetereo
870 820 902 878 et
930 811 1131 879 Herodianus
1162 817 1194 878 et
1224 814 1343 877 Aristo-

157 920 247 985 nicus
272 920 479 1004 stlnotsrunt,
503 919 690 986 Aristarcho
712 921 745 984 in
778 919 933 1004 plerisque
964 919 1147 986 huiusmodi
1179 917 1211 984 δέ
1243 943 1345 999 περιο-

156 1025 254 1091 σειίειν
289 1027 410 1111 rideri,
447 1027 592 1092 omnium
628 1025 877 1111 explicatissime
907 1024 1109 1091 Herodianus
1140 1025 1180 1091 ed
1210 1037 1240 1091 A
1264 1025 1341 1090 409.

157 1131 267 1218 Itaque
299 1132 490 1220 legendum:
524 1131 646 1200 οὔτοι
682 1131 774 1209 „W
797 1132 839 1196 llt
861 1135 907 1196 sic
930 1133 964 1196 in
988 1153 1045 1197 ens
1068 1133 1206 1198 editione
1230 1133 1344 1198 excudi

155 1241 251 1304 iussit
237 1239 476 1316 thurochins‚
508 1241 571 1304 nisi
603 1239 706 1324 quod,
737 1243 774 1303 ut
806 1238 904 1324 solet,
936 1231 1006 1302 tet
1030 1238 1164 1305 mavult.
1213 1235 1344 1304 (laetere

155 1345 257 1409 huc'
248 1365 314 1410 rem
347 1365 407 1410 non
433 1348 609 1431 pertinent,
635 1343 690 1410 sed
714 1344 821 1410 sddito
845 1343 998 1410 lemme'te
1022 1345 1061 1410 ed
1084 1349 1216 1432 sequent
1218 1347 1246 1410 is
1269 1351 1344 1410 sunt
1390 1365 1394 1372 ·

155 1449 334 1517 referende
340 1455 373 1517 in
398 1451 482 1518 hunc
506 1453 638 1517 modurn
664 1457 696 1516 et
720 1458 857 1517 correcte
881 1455 912 1515 et
934 1452 1099 1537 supplete:

206 1556 279 1622 148.
304 1557 332 1644 (ί
355 1556 426 1638 bh:
451 1556 545 1632 οὕτως
570 1555 657 1636 „it”

202 1665 231 1744 (l
254 1665 294 1730 δι’
316 1687 376 1730 τοι
401 1665 597 1744 νημερτὲς
623 1663 787 1752 ἐνίψει)ε
812 1663 878 1728 ἐπεὶ
899 1664 1144 1744 πρόσκειται
1165 1662 1222 1744 ὅτι,
1245 1663 1343 1753 (ὅτῳ)

156 1772 398 1860 ΘΕΛΗΟΕΙ(Ο)
420 1773 586 1850 otiosiores.
613 1769 914 1852 ὑποττοίψεται
940 1769 1189 1838 sesrvientes.
1219 1771 1255 1838 id
1277 1781 1341 1839 eet:

154 1879 259 1966 igitur
281 1879 315 1943 in
340 1883 371 1944 te
395 1879 473 1963 erit,
496 1876 622 1944 invidos
645 1882 678 1942 et
702 1879 850 1943 inimicos
868 1879 966 1942 etism
987 1882 1020 1943 in
1042 1876 1122 1944 Orco
1142 1883 1211 1944 ete
1230 1899 1341 1945 arcere.

203 2093 261 2159 Vel
295 2098 412 2159 certius
448 2096 487 2160 nd
518 2110 537 2158 u
571 2093 633 2160 186
666 2094 700 2157 in
732 2093 842 2158 eodem
866 2093 916 2170 Η,
943 2129 984 2142 -
1008 2111 1081 2158 nem
1106 2095 1287 2177 saepissime
1310 2097 1343 2159 in

155 2200 216 2266 hoe
247 2199 354 2266 codice
385 2200 418 2265 id
442 2201 562 2266 factum
586 2201 651 2264 inm
676 2205 749 2265 ente
772 2202 973 2294 monuimus.
1000 2235 1040 2248 -
1066 2199 1128 2265 dno
1152 2199 1344 2288 glossemata

154 2305 338 2374 ioculariter
371 2305 545 2371 admodum
578 2304 772 2371 coaluerunt.
818 2307 937 2370 Anime
959 2307 1071 2370 matris
1095 2305 1223 2372 Ulixem
1250 2313 1283 2372 et
1306 2307 1344 2372 de

155 2419 280 2478 coetera
311 2411 425 2478 domus
453 2431 529 2477 suae
558 2411 880 2502 fortune'ertiorern
914 2412 990 2477 fecit
1018 2419 1051 2477 et
1088 2412 1126 2477 de
1161 2411 1343 2480 Telemachi

155 2524 257 2586 sorte:

293 2625 488 2705 Τηλέμαχος
512 2626 625 2703 τεμένη
649 2625 776 2702 νέμεται
801 2625 852 2690 ναί
879 2625 991 2696 δαῖτας
1014 2626 1101 2698 ἐίσας

293 2733 452 2810 δαίνυται,
477 2729 515 2804 ἃς
539 2733 656 2798 ἐπέοικε
680 2731 865 2800 δικασπόλον
890 2731 973 2812 ἄνδρ’
998 2733 1169 2813 οίλεγιίνειν.

154 2839 312 2906 Enotctur
346 2859 387 2904 ex
419 2838 471 2904 H:
505 2839 709 2905 δικασπόλονε
741 2839 835 2905 αὐτὸν
864 2838 1009 2914 δηλονότι.
1042 2841 1111 2906 ἀντί
1143 2845 1196 2907 τοῦ
1221 2843 1343 2922 εὐωχεῖ.

154 2945 245 3013 Hsec
268 2949 314 3012 sic
339 2967 405 3012 esse
429 2946 622 3031 disponendo
646 2945 751 3032 pulum
775 2951 842 3012 est·

201 3053 401 3137 δικασπόλον]
428 3053 521 3118 αὐτὸν
547 3051 694 3127 δηλονότι.

202 3159 510 3247 (οίλεγιίνειν)]’
490 3160 558 3224 αντι
581 3165 634 3224 τοῦ
659 3161 938 3252 relegemus).
969 3159 1060 3226 itt
1034 3181 1080 3226 ero
1103 3144 1246 3250 Vulgata
1269 3183 1344 3250 quo·

155 3285 236 3354 que:
260 3265 444 3344 ἀλεγύνειν·
469 3266 649 3331 κατεσθίειν.

203 3499 242 3559 λ.
275 3481 352 3548 242.
383 3482 617 3562 Ἐπαφροδίτοος
650 3483 724 3562 ίμοῦ
757 3483 809 3548 καί
834 3482 1011 3562 ostroinos
1035 3485 1066 3549 ἕν
1090 3483 1172 3564 αὐτῷ
1196 3479 1281 3559 μίτῳ
1304 3481 1346 3562 τῷ

157 3591 307 3671 ποταμῷ,
340 3586 374 3655 οὗ
404 3589 439 3664 ti
468 3593 485 3667 si
510 3592 597 3671 Τυρὼ
621 3591 697 3669 ἤρα,
720 3593 774 3654 τοῦ
799 3589 979 3662 Ποσειδῶνος
1004 3595 1178 3661 κοινωνῆσαι
1200 3589 1346 3663 θελῆσαι,

157 3694 258 3776 ὥσπερ
292 3697 526 3774 tremerem.
555 3695 607 3785 (V)
635 3697 788 3783 Disputat
812 3697 850 3762 de
875 3696 926 3760 his
949 3695 1182 3760 Buttmannus:
1210 3693 1348 3772 „Berue-

156 3806 242 3886 sius,
271 3808 440 3889 praeeunte
474 3811 510 3869 ut
539 3807 586 3870 sit
609 3803 689 3882 Me,
714 3805 872 3888 reposuit:
896 3803 938 3883 τῷ
962 3801 1120 3868 Ποσειδῶνι
1144 3825 1173 3865 κ.
1199 3803 1348 3875 terricus:

157 3909 242 3995 quod
271 3929 332 3995 quo
360 3909 464 3974 voleat
498 3907 559 3976 non
583 3912 688 3976 video.
737 3909 853 3974 Sensus
876 3911 910 3972 ni
934 3907 1026 3974 fallor
1048 3909 1182 3994 requirit
1208 3905 1348 3988 ἐπαφρί-

158 4016 238 4081 διτον
263 4051 303 4064 -
329 4016 380 4080 ccci
405 4015 576 4097 φιλόνεικον
602 4053 643 4066 -
669 4018 720 4082 τὸν
744 4016 914 4081 Ποσειδῶνα
929 4051 970 4064 -
996 4011 1155 4086 ίελῆπαι.”
1181 4015 1347 4099 Aequieeci

156 4127 263 4210 potest
285 4125 317 4186 in
341 4123 401 4186 hec
425 4125 634 4201 correctione,
659 4125 723 4187 nisi
743 4121 827 4208 quod
847 4120 998 4186 adverbia
1018 4119 1152 4186 retinere
1175 4118 1349 4186 meloscri-

158 4228 276 4295 bcndc:
310 4229 521 4310 ἐπαφροδίτως
553 4227 639 4307 ἅμα
669 4231 721 4293 καί
755 4227 934 4306 Φιλονείκιις
959 4260 1012 4277 ··
1027 4227 1137 4291 -τίν
1168 4228 1347 4294 Ποσειδῶνα

158 4335 297 4421 (ποιεί)
322 4341 496 4410 κοινωνῆσαι
520 4336 665 4412 θελῆσαι,
691 4331 791 4416 ίίππερ
817 4334 1055 4413 §recrescere
