3232 5136
797 291 841 364 76

222 479 274 552 Ad
294 491 438 552 nostrum
462 481 568 552 locum
588 493 625 552 ut
643 492 791 564 revertar,
812 509 874 552 non
894 490 999 576 magis
1011 491 1044 554 in
1057 487 1118 555 rina
1130 491 1254 556 rectum
1266 485 1414 558 videtur:

221 604 277 670 τῆς
302 619 336 658 τ.
365 595 416 657 aci
450 594 562 658 couerci
592 592 693 668 μήδεσι
725 594 913 672 ἐχούσης.
959 593 1066 661 Codex
1099 597 1195 662 habet
1228 598 1413 676 εἷδούσν,

221 701 305 765 nude
340 720 402 766 non
436 701 496 764 hoc
525 706 593 765 erat
624 699 815 778 eruendum,
849 702 903 766 scd
933 701 1144 768 Homericum
1176 709 1208 768 ct
1237 705 1409 770 usitatum:

220 815 275 881 τῆς
300 809 400 872 coxit
425 807 476 870 coi
501 807 615 898 συνετοὶ
640 805 740 884 μήδεσι
764 807 932 879 silviae.
979 808 1099 873 Eodem
1125 809 1219 875 modo
1244 811 1281 875 de
1299 811 1411 876 eodem

219 914 373 980 vocabulo
395 913 559 980 Parisinus
583 913 621 978 S:
645 915 837 988 siccaverit
862 913 1068 992 βουλεύματα
1093 916 1219 987 εἰδυίας.

264 1153 304 1212 ω,
329 1127 405 1192 443.
442 1127 494 1192 Ad
525 1127 581 1198 οἰὸς
613 1127 700 1207 cirico
731 1128 808 1192 hacc
837 1130 967 1191 suntin
992 1123 1302 1214 ScholiisVulgatis
1329 1148 1409 1212 quae

217 1235 366 1301 dicuntur
392 1235 466 1320 (V):
496 1236 537 1313 τῷ
561 1233 643 1299 ἄνθει
669 1234 721 1299 καὶ
746 1237 787 1313 τῷ
813 1235 972 1314 κοολλίστιρ
998 1239 1050 1298 τοῦ
1072 1233 1239 1313 προβάτου,
1266 1233 1352 1312 λέγει
1377 1234 1408 1298 δὲ

216 1343 289 1406 τῶν
323 1341 357 1416 ἐξ
390 1341 521 1406 οὶνιόιλῶν
553 1341 634 1420 ἔρι’ων
669 1339 903 1419 γεγονότων
940 1341 1236 1419 σεριβολοιίων,
1274 1340 1408 1405 absurde

214 1469 290 1533 pro:
327 1449 415 1526 λέγει
452 1447 483 1512 δὲ
517 1447 592 1533 (ἐπὶ
625 1449 700 1532 ins.)
730 1455 803 1512 τῶν
835 1445 869 1522 ἐξ
899 1448 1031 1512 οξτοιλῶν
1061 1447 1141 1525 ἐρίων
1171 1446 1407 1523 γεγονότων

215 1553 503 1635 τεριβολοιίων.
552 1555 621 1619 Νοιι
653 1553 793 1619 absimili
823 1554 918 1618 modo
951 1560 998 1618 est
1027 1556 1061 1617 in
1094 1551 1143 1615 H:
1177 1554 1219 1630 τῷ
1243 1549 1323 1616 ἄνθει
1349 1560 1405 1626 τῆς

214 1661 290 1737 οἰὸς,
325 1697 378 1710 --
410 1662 502 1740 ἤγουν
532 1663 580 1742 τῷ
611 1662 652 1737 ἐξ
684 1661 850 1725 οὶσωλῶν
880 1661 989 1740 ἔρι’ων
1021 1657 1212 1737 γεγονότι
1244 1657 1405 1738 περιβο-

212 1771 320 1848 λασίῳ.

171 1877 177 1901 ¹
259 1875 352 1940 Nunc
375 1876 412 1940 ad
437 1875 513 1942 libri
536 1875 666 1942 secundi
688 1875 815 1942 Scholia
839 1883 971 1941 transeo.

789 2089 830 2155 ΙΙ.

256 2305 327 2371 lam
351 2307 385 2370 in
408 2308 476 2390 ipso
497 2305 571 2369 libri
595 2305 688 2369 initio
712 2304 751 2370 ad
774 2305 916 2390 primum
941 2303 1052 2368 statim
1076 2324 1205 2368 vorsum
1234 2310 1398 2390 peccatum

209 2419 267 2478 cst.
314 2412 431 2498 Incipit
466 2411 547 2476 liber
581 2411 736 2476 sccundus
772 2411 811 2476 ab
847 2417 917 2475 ortu
954 2409 1046 2475 solis:
1084 2405 1159 2486 ἦμος
1190 2409 1218 2474 δ’
1247 2413 1398 2489 ἡριγένεωι

208 2517 293 2600 Odon
317 2518 534 2602 ῥοδοδάκτυλος
560 2519 647 2592 Ἠώς.
695 2517 944 2602 Philosophatnr
971 2517 1010 2581 ad
1034 2517 1112 2582 hacc
1134 2516 1334 2605 Porphyrius
1359 2519 1398 2584 de

201 2627 299 2690 variis
330 2624 473 2690 Aurorae
505 2625 747 2712 cognominibus
778 2641 892 2711 agens:
926 2622 1058 2701 εἴπωμεν
1085 2624 1116 2689 δὲ
1139 2625 1192 2688 cci
1217 2626 1249 2689 τί
1271 2625 1306 2688 τὸ
1330 2625 1397 2688 διιέ-

201 2737 292 2814 Φορον
313 2741 368 2807 τῆς
393 2730 612 2812 ρὀδοδιικτόλον
636 2735 707 2812 τρὸς
732 2734 786 2804 τὴν
811 2729 1027 2812 κροκόπεπλον.
1055 2730 1198 2811 Quorum
1222 2731 1393 2797 verborum

201 2839 258 2905 nbi
290 2839 461 2904 discrimen
492 2843 605 2926 arguta
629 2837 818 2923 explicavit,
843 2837 930 2903 aliud
955 2837 1121 2902 decadem
1146 2839 1280 2903 materis
1304 2838 1394 2903 addit

201 2966 263 3011 non
294 2948 401 3010 minus
424 2950 586 3033 argutum.
635 2945 759 3028 Nempe
782 2947 814 3008 in
838 2951 973 3031 cognato
996 2961 1107 3010 versu:
1133 2947 1189 3019 ἠὼς
1214 2945 1270 3021 μὲν
1295 2947 1393 3024 κροκό-

201 3067 319 3122 πεπλος
353 3051 489 3116 ἒκιδνοιτο
519 3055 628 3115 τοῖσων
658 3051 710 3114 ἐπ’
744 3047 816 3114 aloto
844 3051 907 3114 duo
931 3071 997 3115 asse
1021 3051 1303 3116 animadvertenda
1327 3054 1389 3128 ain

199 3157 336 3224 alterum
356 3159 452 3225 verbo
471 3158 608 3223 ἐκιδνοιτο
628 3159 900 3237 τωριοτοὶσεως
921 3159 1022 3221 inesse
1040 3158 1212 3233 notionem,
1226 3177 1287 3220 non
1309 3181 1393 3240 συν-Ἰ

198 3265 384 3342 τελείας,
413 3266 436 3354 ¹)
466 3266 549 3350 quod
581 3285 674 3330 nomo
705 3263 811 3330 heroic
842 3264 1052 3347 contradicet,
1081 3262 1219 3328 alterum
1242 3264 1326 3349 qnod
1351 3285 1390 3328 ox

199 3533 258 3599 ι’ρλίιι
282 3560 312 3566 -
329 3559 357 3566 -
374 3561 404 3568 ν
428 3529 565 3584 Ἀπόλλωνι
584 3533 625 3582 xci
643 3530 761 3590 Μούσαις.
798 3537 830 3583 Da
848 3533 924 3583 vorbis
941 3531 983 3582 κοιῖ
1000 3529 1086 3598 Μούσῃ
1103 3533 1140 3582 vel
1157 3527 1265 3587 Μούσαις
1282 3548 1341 3597 quac
1363 3533 1388 3582 in

198 3635 224 3668 rc
247 3618 346 3668 obscura
362 3619 408 3668 dici
426 3623 556 3684 potuerunt
571 3618 632 3667 dixit
649 3618 761 3668 laehrsius
780 3619 808 3666 ad
828 3617 919 3666 Herod.
936 3635 958 3683 p.
978 3619 1037 3677 458,
1053 3617 1110 3666 459.
1146 3615 1222 3665 Simul
1240 3615 1329 3665 attendi
1349 3631 1387 3664 ve·

196 3702 253 3760 lim,
272 3719 319 3767 qus
337 3701 432 3750 licentia
451 3702 474 3750 in
493 3700 661 3754 vocabulorum
678 3705 761 3750 tonora
779 3700 938 3749 continuando
955 3700 1106 3750 Scholiornm
1122 3700 1171 3748 sire
1188 3699 1389 3748 consarcinatam

196 3785 245 3835 aiva
263 3784 419 3849 descriptoris
435 3784 534 3848 grassmi
552 3785 605 3833 sint.

231 3877 255 3936 1)
275 3875 295 3923 Ι,
307 3889 327 3924 ρ,
346 3869 455 3922 ἐκίδνατο
472 3876 508 3924 ert
525 3873 704 3934 σορκτιιτικόν,
722 3883 768 3922 nnn
786 3874 940 3932 σννσσλικόν,
958 3877 1020 3940 quod
1037 3878 1096 3928 artis
1113 3880 1252 3930 vccabulum
1269 3893 1385 3928 nonnum-

180 3973 267 4022 0qnam
291 3957 363 4007 ctiam
389 3957 504 4007 norisium
527 3956 706 4022 complectitur,
733 3961 759 4005 nt
775 3973 826 4004 nc.
845 3957 869 4005 in
887 3957 1015 4009 Aristonici
1034 3966 1090 4012 noto
1105 3965 1135 4012 ad
1152 3965 1184 4023 Ε,
1203 3965 1261 4015 842:
1283 3963 1385 4028 δξενά-

194 4043 296 4110 „zm
371 4071 404 4081 -
419 4073 449 4081 —
478 4045 517 4096 sn
542 4047 607 4104 τινδς
632 4045 768 4110 γράφουσιν
792 4042 927 4110 histrionico.
954 4052 1094 4102 σνντιλικδν
1118 4051 1143 4102 ii
1168 4056 1280 4117 γίνεται,
1304 4055 1343 4108 δεῖ
1358 4057 1384 4108 δὲ

193 4145 375 4201 παραστατικῶς.
409 4140 507 4205 Saepius
533 4139 567 4188 ito
593 4139 725 4204 loquuntur
750 4139 917 4203 grammaticas
943 4141 1001 4190 artis
1027 4145 1149 4205 docturus,
1174 4149 1240 4197 ouius
1261 4151 1295 4200 rei
1321 4166 1382 4200 nnnc

196 4235 269 4272 namn
296 4221 428 4288 exemplum
454 4221 582 4288 producam
607 4237 634 4270 cx
661 4221 827 4287 Etymologico
853 4223 942 4288 Magno
964 4227 1066 4289 petitum
1088 4229 1247 4295 antiquiorum
1264 4233 1382 4296 quendam

194 4305 315 4354 auctorem
339 4304 494 4371 conchanis,
518 4307 543 4353 st
566 4306 593 4353 nt
616 4303 655 4352 hic
671 4305 722 4354 illio
739 4305 810 4370 panio
827 4307 1012 4360 emendatiorem
1029 4312 1126 4362 reddam
1144 4313 1222 4364 iocum
1238 4315 1311 4365 stiam
1328 4320 1381 4381 pom

193 4385 312 4436 Gaisiordi
331 4403 399 4436 curos
416 4387 477 4436 mule
494 4386 602 4436 hobitum
619 4389 644 4434 et
660 4389 723 4452 quod
740 4391 821 4438 nostra
837 4389 893 4439 hinc
910 4392 1004 4441 Scholia
1020 4394 1187 4460 locupletanda
1203 4402 1265 4447 sunt.
1285 4399 1380 4463 Fltytno·

192 4473 260 4544 ιορω
281 4475 357 4542 igitur
373 4491 424 4528 ιο.
443 4469 522 4537 ‘rtet
537 4481 573 4544 (p.
590 4475 642 4530 ιιι
659 4477 674 4528 ι.
696 4479 806 4545 to-as)
823 4480 880 4530 ns
897 4481 977 4532 habet:
1001 4485 1048 4533 ,οι
1069 4481 1092 4534 ν
1118 4480 1170 4546 rso
1194 4487 1275 4547 ωιιιο
1298 4493 1374 4539 cm·
