3232 5136
715 303 758 390 73

139 491 354 583 θνισιέδειοιεῖς
366 503 403 571 σθ
414 503 534 588 άρχειν·
548 505 609 588 σάφ’
623 503 661 572 ῦν
676 507 734 580 τέο
752 508 787 573 σθ
800 507 980 587 βασιλεύειν
998 506 1013 574 έ
1020 531 1070 590 χε
1081 533 1089 574 ι
1099 503 1127 595 (ἐ
1133 507 1189 585 Εει
1202 506 1326 576 Butam.

139 615 192 700 oi.)
211 614 243 678 ἐν
262 615 303 694 τῷ
323 614 392 694 οῖιισρ
413 619 466 679 σοῦ
479 617 554 692 ἐμοῦ
566 616 680 696 πατρὸς
695 615 879 694 Ὀδυσσέως,
893 615 944 680 διά
957 615 992 682 τθ
1006 619 1106 682 θανεῖν
1118 617 1246 696 ἐκεῖνον;
1262 618 1276 681 ἐ
1285 619 1333 681 άν

139 721 234 798 ἡμῖν
258 722 272 786 θ
297 722 372 792 Ζεὺς
395 721 513 787 διέσει
538 721 616 799 ἔργα
642 722 857 802 παλίντροπα,
887 724 951 800 ἤτοι
971 724 1096 789 ἐναντία
1115 732 1174 791 σῦν
1193 724 1332 805 πράξεσιν

138 833 196 892 σῦν
230 829 426 908 μνηστήρων,
464 828 516 892 καὶ
550 828 701 912 βοκθάσρ,
734 830 796 907 ἐγὼ
827 829 936 903 έσομαι
968 827 1049 906 άναξ
1073 837 1125 896 σοῦ
1152 832 1226 910 ἐμοῦ
1251 830 1333 896 οἶκον

139 935 191 999 καὶ
221 937 282 1015 οὐχ
313 937 412 1012 ὑμεῖς.
460 935 625 1020 Absurde,
657 936 712 1002 ssd
741 941 779 1002 uh
803 935 892 1003 nollo
916 941 1044 1025 nogotio
1069 959 1180 1004 rerum
1206 941 1334 1006 restitui

139 1045 248 1126 possit.
296 1041 389 1107 Fuit:
425 1078 477 1092 --
509 1044 569 1123 ἀφ’
601 1037 639 1106 ὧν
671 1067 733 1115 τις
764 1041 799 1107 τὸ
830 1043 1010 1122 βασιλεύειν
1042 1043 1119 1126 ἔχιν
1151 1045 1182 1109 έν
1211 1068 1241 1111 τ.
1266 1045 1333 1125 οῖκῳ

139 1153 191 1213 τοῦ
221 1149 298 1226 ἐμοῦ
324 1149 439 1228 πατρὸς
465 1147 653 1233 Ὀδυσσέας,
678 1149 729 1213 διὰ
753 1149 787 1213 τὸ
812 1150 910 1214 θανεῖν
935 1151 1062 1215 ἐκεῖνον·
1088 1148 1206 1230 (deleto
1237 1154 1334 1216 intor-

139 1255 315 1342 rogationis
345 1257 450 1342 signo)
481 1255 550 1320 ἐάν
581 1241 623 1340 (δ’
649 1256 722 1340 ina.)
754 1259 852 1332 ἡμῖν
877 1256 890 1319 θ
917 1258 991 1328 Ζεὺς
1016 1257 1109 1336 δῷσι
1144 1257 1210 1344 (cfr.
1237 1257 1332 1322 Dind.

139 1363 217 1448 not.)
245 1359 325 1441 ἔργα
339 1363 562 1441 παλίντροπα,
577 1399 596 1412 -
610 1397 629 1410 -
644 1397 663 1411 -
678 1362 739 1440 ἐγὼ
763 1360 873 1440 ἔσομαι
898 1361 979 1440 άνσιξ
1001 1369 1055 1428 σοῦ
1080 1364 1154 1440 ἐμοῦ
1175 1364 1254 1429 οἴκου
1279 1366 1332 1429 καὶ

140 1471 200 1548 οὐχ
225 1468 327 1548 ὑμεῖς.

183 1705 224 1758 α,
251 1678 330 1746 408.
354 1681 403 1746 Ad
423 1679 539 1758 πατρὸς
558 1681 644 1762 Φέρει
664 1680 835 1761 ἐρχομένοιο
859 1680 936 1748 haoo
958 1687 1048 1758 suni,
1070 1680 1201 1746 fortasse
1213 1681 1336 1746 Aristo-

138 1790 222 1854 nici:
255 1788 336 1857 σινέο
367 1787 558 1870 γράφουσιν,
584 1787 805 1867 ,,οῖχομένοιο”.
828 1787 950 1866 άμεινον
975 1786 1006 1853 δὲ
1029 1787 1256 1870 εῦφκμθζεσθαι
1279 1790 1334 1862 τὴν

138 1893 249 1976 άφιξιν
276 1896 327 1960 τὸν
350 1894 540 1974 Εῦρῦμαχον
565 1894 797 1958 ῦπσθιονσεῦονσα
822 1895 1017 1974 Τηλέμαχον
1037 1895 1109 1976 νιρθι
1130 1895 1164 1959 τὸ
1190 1894 1337 1972 μαθεῖν

139 2004 205 2082 σερῖ
239 2005 294 2068 σοῦ
322 2000 415 2078 ξένου.
443 1997 576 2086 (EQRS)
600 1998 724 2066 Ultima
747 2001 870 2067 duabus
892 2000 1032 2066 literulis
1055 2004 1197 2066 auctiora
1221 2006 1332 2068 sunio:

140 2109 211 2191 πρὸς
237 2109 274 2174 τὸ
301 2109 426 2186 μαθεῖΝ
451 2115 496 2172 Tl
520 2107 587 2186 περὶ
611 2111 665 2170 σοῦ
689 2105 786 2183 ξένου.
824 2107 976 2174 Extrema
999 2108 1092 2174 litora
1115 2110 1205 2174 vorbi
1229 2110 1339 2184 μαθεῖν

139 2217 178 2283 ds
202 2236 294 2283 more
319 2240 349 2281 τι
375 2207 541 2300 absorpsit.
1164 2229 1168 2238 ·

185 2452 228 2502 α,
257 2427 334 2489 411.
369 2422 457 2489 Idam
491 2421 713 2509 Eurymachus
746 2422 783 2488 do
814 2422 941 2490 Monte:
973 2425 1006 2488 οὐ
1030 2423 1087 2500 μέν
1111 2421 1174 2505 γάρ
1198 2448 1227 2490 σι
1253 2427 1336 2505 κακῷ

142 2536 182 2606 air
217 2530 290 2598 ὦσα
323 2528 418 2612 ἐῴκει.
466 2529 574 2594 Huius
606 2529 805 2614 paraphrasis
837 2532 939 2604 estin
963 2529 1003 2596 S:
1027 2534 1059 2597 οὐ
1084 2529 1148 2610 γάρ
1173 2532 1258 2596 κατά
1282 2531 1337 2605 σὺν

141 2641 291 2724 σρθσοψιν
323 2635 421 2716 ῦμοιος
455 2631 489 2710 ἦν
521 2639 571 2716 τῷ
604 2639 697 2716 κακῷ.
745 2637 851 2702 Homo
875 2639 1059 2722 scripserat,
1085 2640 1212 2724 opinor,
1238 2635 1339 2715 ῦμοιος

142 2745 175 2822 ιἰν
198 2772 248 2832 σιρ
275 2748 372 2828 κακῷ.

187 2986 229 3044 α,
256 2958 332 3024 413.
364 2956 544 3042 Respondet
568 2954 796 3022 Telemachus:

283 3064 463 3146 Εὐρύμαχ’,
490 3063 554 3140 ἦτοι
578 3063 683 3135 νόστος
707 3062 850 3128 άπάλεσο
876 3064 992 3141 πατρὸς
1016 3063 1118 3140 ἐμοῖο·
1221 3133 1224 3140 ⁴

284 3172 346 3237 οὔτ’
369 3169 418 3238 οῦν
441 3171 583 3250 άγγελέιι
606 3167 651 3235 ἐτι
676 3169 838 3248 πείθομαι,
863 3168 893 3234 εἴ
915 3172 1003 3236 ποθεν
1027 3169 1124 3248 ἔλθοι,

284 3279 353 3345 οὔτε
377 3279 553 3358 θεοσροσθνς
578 3275 778 3358 ἐμπάζομαι,
805 3274 909 3352 ἥντινα
933 3279 1034 3358 μήσκρ

285 3387 315 3459 ἐς
339 3386 474 3466 μέγαρον
499 3383 666 3451 καλέσασα
690 3385 852 3460 θεοσρθνιον
876 3382 1041 3464 ἐξερένσαι.
1068 3385 1288 3472 (413-417.)

147 3493 255 3561 Pauca
286 3492 337 3558 his
368 3491 474 3575 addit,
505 3493 577 3576 quis
607 3490 720 3577 hospes
750 3490 848 3558 fuerit
877 3491 1009 3557 candido
1034 3492 1188 3558 indicans.
1234 3491 1337 3577 Super

147 3600 223 3667 haas
255 3597 446 3665 Scholiastss
477 3599 581 3664 ussoio
611 3599 683 3683 quis
709 3635 749 3646 —
774 3597 909 3664 lacinias
940 3597 1090 3664 videniur
1116 3621 1156 3665 ox
1184 3599 1339 3683 ampliore

147 3707 319 3792 Porphyrii
343 3705 576 3791 disputatione,
592 3741 632 3753 -
647 3707 694 3768 ita
717 3711 952 3771 commentatus
976 3711 1036 3770 esi.
1059 3707 1095 3770 ‘H
1119 3706 1176 3782 μὲν
1201 3706 1339 3787 ἐρώτησις

149 3813 236 3888 άσλῖι
269 3813 335 3892 περὶ
367 3816 420 3878 τοῦ
451 3810 536 3888 ξένον
569 3811 597 3876 si
625 3835 655 3876 τι
680 3811 854 3889 ἀγγέλλει·
879 3811 893 3874 i
916 3811 954 3876 δέ
978 3813 1015 3876 ἐν
1040 3813 1261 3892 κεφαλαίῳ
1282 3812 1339 3887 θν-

150 3922 280 3992 λάσας
313 3921 356 3986 σθ
388 3917 691 3999 κεχαρισμένον
722 3916 961 3998 Εὐρυμάχῳ
993 3923 1129 3983 ταῦτα
1160 3917 1336 3996 ἐπάγει,

151 4021 246 4112 οἷον,
277 4009 343 4092 ἐάν
374 4050 434 4098 τις
459 4024 552 4106 έλθρ
575 4025 635 4106 ἐφ’
661 4027 765 4103 ιίμάο
789 4026 982 4101 άγγελθα
1006 4025 1023 4100 ἢ
1047 4025 1246 4103 μαντεῖα·
1272 4026 1338 4091 αῦ·

151 4133 214 4206 σοι
246 4134 284 4199 δέ
316 4132 528 4215 προσέχειν
559 4133 693 4197 οὐδενί
724 4139 834 4208 Φνσι.
868 4130 967 4196 διόλου
991 4127 1040 4195 οὖν
1066 4129 1153 4212 ἔργον
1178 4133 1243 4198 ἐσσὶ
1270 4141 1339 4206 Tn-

152 4242 285 4320 λεμάχςι
318 4241 347 4304 ἐν
371 4241 505 4323 ρὀιθυμέρι
528 4239 639 4310 αὐτοὺς
665 4238 899 4316 διαφυλάσσειν.
928 4237 1079 4303 ”Servata
1101 4249 1176 4303 sunt
1199 4239 1276 4305 hoec
1305 4242 1338 4304 in

153 4348 296 4434 pluribus
337 4345 507 4414 Godioibus
542 4343 733 4426 (IiHQSD),
770 4345 825 4410 sed
859 4348 1046 4429 praesertim
1082 4366 1162 4430 quae
1197 4347 1339 4412 diductis

152 4454 254 4521 literis
284 4451 462 4542 significavi
495 4459 640 4537 corrupta
671 4454 737 4517 sine
770 4451 866 4517 dubio
898 4458 930 4516 st
960 4458 1044 4516 oorto
1079 4453 1339 4538 impeditissima.
