3242 5140
695 399 760 465 433

138 596 220 656 esset
259 591 449 676 explicatius
487 595 686 676 exponerent.
742 591 856 676 Itnqus
893 591 1164 676 quemadmodum
1198 593 1255 659 ills
1290 595 1323 659 in

137 700 240 783 priore
274 698 361 763 λέπει
391 697 431 762 de
461 699 494 762 vi
525 699 615 764 verbi
647 697 767 774 θέλγειν
796 699 961 764 observata
992 698 1120 764 aliunde
1143 701 1335 767 arcessendo-

136 803 318 882 oensebem,
342 807 389 869 ite
410 825 494 869 nuno
513 807 547 869 in
566 803 665 869 altere
684 823 808 889 quoqne
827 811 917 888 porte
933 808 979 870 sie
999 805 1160 894 agendum
1180 807 1324 884 arbitror,

136 915 174 974 nt
211 931 264 988 ee,
300 929 381 995 quse
416 911 455 975 de
485 909 646 976 sohsmnte
677 913 740 975 cirri
772 910 879 989 μέρους
909 911 944 974 πὸ
976 909 1044 975 ὅλον
1073 911 1125 976 hio
1149 912 1326 979 adhibendo

135 1013 334 1102 Porphyrius
368 1015 454 1084 houd
489 1017 585 1082 dubie
620 1017 785 1092 disseruit,
821 1023 929 1082 mente
959 1017 1073 1082 saltem
1104 1039 1161 1084 ιιιο
1188 1019 1257 1084 loeo
1279 1041 1326 1086 re·

136 1129 304 1208 ponentur.
351 1123 441 1189 Haeo
473 1131 582 1189 eutem
614 1131 709 1188 etex
734 1125 886 1188 extremis
909 1125 1015 1190 verbis
1038 1113 1240 1210 excerpti'ex
1263 1126 1326 1208 HQ

135 1229 175 1294 sd
208 1247 257 1294 vs.
295 1227 361 1294 329
398 1229 553 1296 eliciendo
587 1233 619 1294 et
649 1249 688 1294 ex
718 1230 778 1312 iis,
811 1249 891 1314 quoe
922 1229 1018 1314 poulo
1049 1231 1177 1298 uberius
1205 1235 1239 1298 in
1263 1234 1326 1302 olio

135 1341 283 1420 excerpto
315 1335 486 1402 eorundem
511 1335 657 1401 oodioum
682 1333 804 1419 (qu)
830 1335 870 1400 sd
892 1357 940 1400 vs.
965 1335 1033 1400 240
1056 1337 1218 1423 disputate
1240 1349 1324 1405 sunt.

134 1441 284 1526 Namque
314 1443 361 1507 ibi
395 1444 434 1508 sd
465 1443 585 1508 lemme
608 1443 708 1520 αὐτάρ
731 1445 797 1512 νοῦς
823 1437 855 1514 ἦν
880 1441 1028 1519 έμπεδοςε
1055 1445 1115 1523 οὐχ
1137 1445 1151 1508 δ
1175 1447 1323 1526 σύμπας,

134 1549 209 1613 άλλ’
241 1549 254 1612 t
280 1549 365 1614 ιιαπά
389 1553 423 1613 πὸ
448 1549 660 1630 Φιλάνέριοπον
686 1549 786 1625 μόνον.
812 1547 855 1613 διὸ
881 1550 933 1614 καὶ
957 1549 1111 1616 σαίνουσιν
1134 1549 1233 1633 ὥσπερ
1258 1554 1325 1619 δελ-

133 1660 232 1736 Φΐνες.
267 1656 440 1736 ,,φιλάνοροι
464 1656 493 1722 δ’
518 1658 570 1720 οὐκ
594 1654 697 1722 ἔλιπον
722 1657 832 1734 βιοτάν
841 1657 871 1734 ,”
895 1658 979 1722 κατά
1002 1659 1054 1722 πὸν
1076 1657 1230 1738 Πένδαρον.
1277 1661 1327 1728 Its

133 1762 265 1827 demum
301 1783 381 1847 qnae
414 1765 448 1827 in
483 1764 703 1830 observatione
734 1771 771 1828 nt
802 1785 886 1828 nuno
910 1770 974 1828 stet
997 1761 1195 1852 Porphyrius
1218 1775 1327 1832 eontra

132 1881 254 1934 morem
279 1889 373 1934 suum
398 1872 506 1954 posuit
527 1875 673 1953 tuntum,
698 1869 848 1936 demere
871 1873 969 1936 etism
992 1872 1138 1955 probnsse
1156 1893 1326 1961 argumen-

133 1976 230 2042 tando
250 1977 425 2061 apparebit.
460 1975 567 2042 Simul
587 1973 734 2042 videmus
756 1983 788 2042 et
806 1977 898 2054 hino,
921 1995 1017 2062 quem
1029 1977 1325 2068 disieoteprinoipis

132 2082 321 2168 Lytioorum
346 2084 490 2148 membre
510 2083 603 2148 nobis
625 2084 793 2168 supersint.

103 2206 111 2216 ·
176 2187 290 2273 Neque
313 2196 421 2254 temen
445 2189 497 2255 vel
520 2209 604 2254 nuno
627 2195 685 2254 out
712 2187 961 2276 Hsmburgenee
984 2188 1133 2256 Scholion
1157 2189 1252 2258 finem
1275 2216 1325 2260 re-

105 2297 213 2381 nipit
246 2301 303 2360 out
337 2299 407 2361 eius
445 2295 569 2361 menda.
617 2297 697 2390 Post
729 2297 746 2369 οἱ
778 2295 889 2375 ῥάβδος
925 2299 941 2370 ἦ
973 2301 1222 2376 μεταμορφοῦσα
1247 2300 1323 2366 haee

128 2399 286 2466 eduntur:
321 2401 370 2466 ἐπὶ
406 2407 481 2480 γοῦν
516 2406 569 2466 τοῦ
601 2401 774 2474 Ὀδυσσέως
805 2404 844 2467 οὐ
872 2403 960 2480 λέγει
991 2402 1095 2485 ῥάβδοι
1119 2415 1323 2490 πεπληγυῖα,

128 2509 207 2572 ἀλλ’
237 2505 335 2586 έπεράν
365 2507 429 2573 έππι
465 2509 500 2573 ιδ
536 2508 714 2585 λεγόμενον.
749 2511 781 2574 οὐ
816 2513 879 2586 γάρ
914 2508 959 2574 ὅτι
994 2512 1047 2574 οὐιι
1077 2510 1199 2585 έθελξεν
1229 2515 1322 2577 αὑτὸν

126 2617 183 2679 τοῦ
223 2616 393 2694 φαρμάκου
428 2616 478 2679 διά
513 2621 547 2680 πο
585 2615 721 2694 oerum
760 2627 800 2698 spi
839 2616 942 2698 ῥάβδῳ
972 2622 1123 2690 πλάσσειν
1153 2622 1192 2692 ὡς
1224 2643 1327 2696 μεπα-,

126 2725 266 2800 μομΦοῡν
295 2724 384 2800 έιιανιῑ
416 2722 467 2786 καὶ
500 2721 661 2806 άλλοιοῦν,
696 2723 748 2786 καὶ
772 2724 822 2786 ε’π)
847 2730 905 2788 τῶν
930 2723 1054 2801 ἐπαίρων
1080 2725 1242 2805 εέλνφέναι
1265 2728 1324 2803 μέν

126 2830 181 2892 τὸν
207 2835 341 2893 κυκεῶνα
365 2830 416 2892 καὶ
442 2830 636 2906 πεπωκέναι,
660 2829 716 2901 πέμ
740 2829 771 2893 δέ
794 2829 931 2905 οἰομένην
954 2831 1122 2910 πεέέλχέαι
1142 2833 1235 2896 αὐτὸν
1256 2834 1321 2898 ἐπι-

125 2936 220 3040 φέρειι
251 2938 305 3010 sire
340 2935 451 3030 ῥάβδον
470 2931 527 3001 ’ὅτι
561 2938 593 3000 οὒ
622 2938 657 3001 τὸ
689 2939 781 3012 σῶμα
811 2931 845 3010 ἦν
876 2935 911 2998 πδ
943 2935 1169 3012 μεταβάλλον,
1201 2941 1319 3015 άλλ’.νρ

126 3041 232 3120 ψυχά.
281 3041 323 3106 'm
357 3043 433 3107 haee
465 3045 707 3127 oorrnptissims
738 3048 830 3120 sunt,
862 3042 916 3108 sed
941 3043 988 3107 ite
1010 3049 1157 3127 corrupte
1180 3055 1234 3121 ut,
1259 3049 1322 3112 nisi

126 3167 184 3213 me
216 3151 324 3213 omnis
355 3148 490 3232 fallunt,
522 3154 610 3213 sertr's
633 3151 822 3214 oonieotnris
845 3151 949 3233 iisque
970 3147 1144 3214 lenissimis
1168 3155 1324 3218 sententis

125 3256 245 3320 horum
271 3254 373 3320 veluti
397 3275 434 3320 ex
459 3254 539 3320 Oreo
564 3256 595 3318 in
620 3254 725 3320 luoem
749 3257 890 3320 reveesri
910 3258 1020 3340 possit.
1056 3254 1206 3340 Inprimis
1224 3260 1325 3325 fauete

124 3377 206 3428 sunt
229 3361 313 3446 qnod
337 3362 376 3426 de
393 3359 491 3426 Ulixe
509 3365 542 3427 οὐ
563 3361 651 3438 λέγει
671 3359 774 3440 ῥάβδοι
796 3369 990 3438 πεπληγυῖα.
1017 3363 1117 3446 Atqui
1138 3361 1325 3431 inHomero

124 3487 184 3535 mo
208 3467 315 3555 legere
338 3471 493 3532 memini:

269 3573 370 3653 αἰπάρ
395 3575 459 3638 ἐπεὶ
486 3573 577 3638 δῶκέν
601 3599 634 3637 τε
661 3573 713 3637 καὶ
739 3573 841 3638 ἔκπιον
864 3572 931 3637 οὐδέ
954 3571 989 3648 μ’
1014 3571 1149 3651 έέελξεν,

267 3678 400 3760 ῥάβδῳ
425 3689 674 3756 πεπληγυῖα
699 3680 769 3751 ἔπος
793 3681 823 3742 π’
849 3675 943 3760 ἔφατ’
967 3675 1001 3742 ἔκ
1023 3678 1051 3741 π’
1075 3678 1234 3760 ὀνόμαζεν.

121 3789 327 3854 Putemusne
362 3785 578 3872 Porphyrium
614 3788 649 3850 in
684 3786 826 3852 Homero
861 3805 918 3850 suo
953 3783 1047 3850 aliter
1074 3784 1219 3872 *legisset
1253 3788 1325 3853 Non

123 3897 259 3980 opinor,
285 3893 413 3979 negotio
437 3897 522 3958 enim
546 3913 608 3958 non
632 3893 729 3957 huius
752 3903 800 3957 est
823 3891 877 3957 sed
901 3891 1045 3957 Prelleri.
1065 3892 1161 3977 (App.
1180 3915 1212 3980 p.
1235 3894 1325 3982 781.)

121 4004 242 4084 ltaque
273 4001 333 4064 heo
365 4003 486 4065 nnotori
518 4019 575 4066 sno
598 3999 721 4064 reddite
744 4017 801 4064 nos
825 4005 928 4064 totum
954 3996 1061 4092 loouqn
1086 4002 1132 4063 its
1155 4004 1327 4067 constitun-

120 4125 220 4174 mus:
257 4107 307 4171 ἐπὶ
344 4111 420 4185 γοῦν
444 4111 496 4170 τοῦ
524 4105 696 4176 Ὀδυσσέας
721 4107 753 4169 εἱ
779 4105 868 4184 λέγει
892 4104 995 4186 ῥάβδῳ
1020 4113 1221 4182 πεπληγυῖα.
1247 4109 1324 4173 ἀλλ’

120 4212 229 4289 essse
256 4215 318 4298 (γ’)
342 4215 409 4277 ἐστι
434 4216 469 4278 πδ
494 4213 671 4290 λεγόμενον.
694 4213 729 4275 οὐ
750 4213 813 4293 γάρ
834 4209 879 4276 ὅτι
901 4214 953 4276 οὐκ
976 4209 1096 4287 έθελξεν
1116 4211 1210 4277 αὐτὸν
1233 4215 1327 4302 (διὰ)

119 4324 200 4388 ποῦ
224 4321 466 4399 Φαρμάκου,
492 4320 557 4384 διά
584 4321 725 4404 (subpo
749 4320 906 4392 Φάοιιει
931 4329 969 4400 rii
994 4319 1097 4398 ῥάβδῳ
1118 4321 1268 4394 πλνροσειν
1288 4325 1327 4396 nis

120 4432 355 4509 μοπαμοοφοῡν
390 4429 479 4508 irrasi
501 4427 568 4496 καὶ
605 4428 766 4502 άλλοιοῦν,
804 4428 922 4509 (άλλ’)
953 4428 999 4497 ὡς
1032 4425 1081 4490 ἐπὶ
1114 4432 1172 4488 πῶν
1205 4428 1330 4506 iratres

122 4533 295 4614 εἰληφέναι
329 4535 386 4611 μέν
416 4533 469 4599 πέν
502 4540 636 4598 κυκεῶνα
669 4531 721 4596 ιιοιέ
754 4533 962 4610 emoniensis
981 4534 1036 4607 τὴν
1069 4532 1258 4611 δέοέομένην
1280 4559 1334 4602 τε·

1037 4699 1039 4704 .
1148 4654 1180 4704 28
