3330 5144
765 336 832 414 247

202 552 221 599 a
243 529 401 599 Mercurio
424 528 558 599 salutari
579 531 637 600 illa
658 533 772 620 herba,
792 540 881 610 μῶλυ
900 531 932 599 δέ
952 556 1006 613 μιν
1018 531 1159 600 καλέουσι
1173 533 1242 600 θεοί.
1266 531 1389 599 lterum

200 637 427 726 philosophum
451 639 582 728 qnidam
606 643 756 730 agenspin
776 640 818 707 u:
841 640 877 707 τί
894 643 1059 708 κωλυτικόν
1079 639 1254 730 significet,
1275 641 1390 726 inquit.

200 745 325 819 είκθτιυς
355 745 386 812 ἀί
418 746 471 813 καί
506 745 675 819 Ὀδυσσεὺς
699 747 794 830 οοΦάι
818 748 966 832 ύπάρχυν
989 746 1089 825 ἔλαβε
1113 746 1148 812 τά
1171 753 1277 827 μῶλυ,
1301 746 1392 824 τοῦτθ

201 857 279 936 Φησι
309 853 357 939 (id
387 857 449 937 est)
474 852 525 918 τίν
549 853 665 920 τέλειον
687 854 793 932 λθρον,
818 856 873 936 ὑφ’
897 851 931 921 ού
953 855 1152 934 βοηθούμενος
1176 855 1258 921 οὐδέν
1283 855 1392 919 παθεῖν

203 958 342 1034 ἠδύνατο.
366 958 587 1041 μετεβάλλετο
611 961 664 1026 καί
688 970 889 1044 παρηγορεῖτο
915 960 1009 1056 lons
1035 962 1086 1028 διά
1110 961 1145 1027 τί
1166 967 1263 1038 μῶλυ.
1310 959 1392 1026 Sunt

201 1065 279 1134 haec
307 1065 513 1140 adumbrate,
544 1088 605 1134 non
638 1067 758 1153 optime
790 1068 941 1155 quidem,
972 1088 1011 1135 ex
1036 1067 1194 1135 Heracliti
1217 1089 1244 1134 c.
1271 1066 1394 1133 LXXII

202 1174 247 1260 (p.
278 1171 343 1240 143
367 1173 499 1260 Hohl),
530 1175 584 1242 sed
617 1173 670 1242 vel
692 1176 760 1242 sina
782 1174 843 1242 hoe
867 1174 987 1242 auxilio
1010 1177 1226 1260 unusquisqne
1249 1174 1337 1241 videt
1360 1178 1393 1240 in

201 1278 263 1346 fine
286 1281 488 1348 scribendum
512 1301 596 1348 esee:
624 1316 644 1331 -
657 1317 677 1331 -
690 1282 829 1358 ἠδύνατο.
855 1283 881 1368 (ο
891 1284 920 1364 a)
941 1281 1162 1361 μετεβάλλετο
1182 1281 1235 1347 καί
1257 1303 1395 1360 παρηγο-

199 1395 279 1466 ρεῑτο
304 1384 429 1462 οὕτως
454 1388 505 1454 διά
529 1388 564 1453 τί
587 1394 687 1473 μῶλυ,
710 1379 745 1454 'id
769 1389 923 1474 estquod
945 1387 1130 1455 Heraclitus
1152 1387 1248 1474 paulo
1266 1386 1394 1475 elegan-

201 1497 267 1560 tius
298 1495 396 1561 dicit:
423 1495 481 1561 ύπί
504 1500 558 1561 τοῶ
581 1497 715 1562 τοιούτου
739 1496 957 1576 Φρουρούαενοι
982 1493 1150 1567 Ὀδυσσεὺς
1176 1499 1328 1573 λογισμοῦ
1350 1495 1392 1558 τά

202 1608 311 1682 Κίρκης
343 1602 477 1677 νενίκηκε
509 1600 681 1682 Φάρμακα.
714 1618 801 1668 -λ
827 1601 904 1667 324.
936 1601 997 1669 οὐδ’
1032 1601 1181 1673 ἀπθνητοι
1217 1602 1279 1665 οὐδ’
1310 1601 1393 1668 ἀποί-

201 1731 288 1774 νατο.
325 1708 535 1774 συστέλλεται
569 1708 600 1773 δὲ
631 1709 682 1774 διά
713 1709 747 1774 τθ
779 1707 897 1788 μέτρον.
934 1708 987 1795 (Β)
1018 1706 1153 1775 Credam
1187 1708 1308 1776 dedisse
1339 1709 1393 1777 ho·

200 1815 340 1882 minem:
375 1816 442 1902 (οὐ)
473 1815 681 1882 συστέλλεται
713 1813 744 1880 δὲ
776 1816 828 1881 teci
851 1815 886 1881 τί
909 1817 1027 1896 μέτρον.
1058 1814 1182 1901 Nempe
1205 1819 1392 1886 recentiores

200 1921 324 1999 ῶνάμην
361 1923 500 1990 dieentes
528 1922 741 1990 Homericum
769 1921 903 1998 ἀπθνητο
934 1943 989 2008 per
1023 1923 1261 2008 productionem
1296 1927 1392 1991 metri

200 2032 388 2098 necessitate
419 2031 537 2097 factam
570 2029 789 2114 explicabant,
821 2031 919 2096 nescii
954 2031 1077 2095 Atticos
1112 2049 1235 2115 quoque
1271 2037 1393 2098 veteres

201 2139 372 2219 Ὁμηρικῶς
416 2136 553 2212 dixisse,
597 2139 625 2202 ai
668 2134 744 2202 fides
783 2136 967 2224 Phrynicho
1001 2134 1094 2201 solito
1129 2135 1220 2200 hiatu
1258 2157 1393 2221 pronun-

201 2245 316 2311 tianti:
350 2242 488 2322 ῶνάμην,
521 2244 636 2321 ῶνασο,
669 2241 781 2310 ὤνατο·
808 2242 915 2308 πάντα
938 2241 1085 2320 ἀδθιιιμα,
1109 2237 1182 2307 θταν
1205 2241 1257 2307 1ιά
1281 2248 1334 2308 τοῦ
1357 2241 1392 2312 οἱ.

201 2351 243 2417 τά
281 2350 344 2432 ράρ
380 2353 503 2430 ἀρχαῖα
539 2350 589 2415 διά
619 2354 673 2415 τοῦ
703 2353 738 2427 ἢ,
771 2349 908 2434 ύνύμην,
937 2348 1046 2428 ὤνησο,
1079 2347 1180 2424 ῶνητο.
1214 2386 1255 2398 -
1288 2345 1308 2425 ξ
1339 2349 1391 2416 31.

139 2491 145 2510 ·
201 2455 312 2522 Ulixes
343 2477 363 2522 a
398 2458 528 2524 canibus
563 2455 699 2524 Humani
732 2456 923 2523 latrantibus
953 2456 1163 2522 circumluens
1186 2451 1271 2536 ἕζετο
1295 2455 1393 2535 κερδο·

200 2564 285 2647 τύνη,
310 2572 461 2644 σκῆπτρον
484 2563 517 2630 δέ
543 2565 569 2630 οί
594 2563 722 2629 ἔκπεσε
729 2563 816 2644 χειρθ
835 2610 842 2628 .
889 2563 940 2630 Ad
963 2563 1040 2628 haec
1062 2563 1097 2626 in
1121 2560 1148 2626 B
1171 2569 1236 2628 est:
1258 2562 1326 2627 ἀντί
1339 2569 1393 2628 τοῦ

202 2670 318 2752 ἔρριψεν
351 2669 439 2736 αύτθ.
476 2671 607 2752 φυσικὸν
639 2670 782 2748 βοηθημιί
815 2676 896 2749 Φοιοι
928 2669 1000 2748 πρὸς
1032 2667 1207 2748 ἀποτροπίρν
1238 2675 1332 2735 κυνῶν
1356 2671 1391 2735 σθ

203 2778 385 2851 καθεσθῆναι
422 2779 474 2842 καί
511 2777 652 2858 προέσθαι
683 2778 738 2852 σίρυ
770 2776 883 2856 ῥοίβδου
911 2775 949 2847 cic
981 2775 1027 2852 μίρ
1058 2774 1271 2854 ἐπιτιθέμενον.
1300 2778 1316 2852 ίρ
1342 2776 1392 2841 tre

201 2885 311 2968 Φόβον.
358 2883 490 2951 Homeri
529 2905 638 2950 versus
678 2885 756 2948 satis
791 2881 930 2948 declarat
968 2880 1172 2948 scholiastam
1212 2884 1391 2968 scripsisse:

201 2993 242 3059 ού
278 2993 329 3058 διά
360 2990 473 3072 Φύβιν,
506 2990 753 3076 comprobatque
783 2987 842 3054 hoc
873 2986 918 3064 V,
942 2991 982 3053 ού
1007 2988 1057 3053 1ιά
1082 2987 1199 3068 φόβον,
1225 2989 1300 3054 ἀλλ’
1321 2990 1394 3054 ίκῶν

202 3097 319 3180 ἔρριψεν
345 3097 433 3176 αύτθ,
457 3096 586 3163 meliore
610 3102 641 3162 et
665 3097 820 3182 scriptura
843 3101 875 3160 et
897 3095 1015 3161 ordine.
1047 3129 1087 3142 *-
1117 3120 1136 3160 ο
1162 3093 1237 3160 323.
1274 3095 1395 3185 Agitur

204 3206 244 3272 de
267 3205 473 3272 Melanthone
496 3202 669 3289 Penelopes
691 3223 799 3280 serva,
824 3221 922 3288 quam

340 3310 441 3376 παῖδα
465 3310 496 3374 δὲ
522 3306 560 3381 ῶς
584 3310 752 3394 ἀτίταλλε,
776 3308 855 3374 δίδου
880 3308 906 3373 δ’
930 3306 977 3387 ἀρ’
1000 3309 1167 3389 ἀθύρματα
1190 3311 1282 3392 θυμῷ.

339 3418 415 3484 ἀλλ’
438 3415 498 3482 οὐδ’
522 3412 559 3488 ὣς
585 3415 642 3497 έχε
665 3416 767 3488 πένθος
794 3416 834 3480 ε’νί
857 3415 950 3506 φρεσί
974 3419 1190 3491 Πηνελοπείης.

203 3524 255 3592 Ao
291 3524 458 3603 ἀθύρματα
490 3523 690 3595 observatur.
722 3543 758 3588 ec
782 3521 834 3588 hic
861 3541 922 3588 non
947 3524 1073 3608 proprio
1096 3543 1189 3590 senso
1213 3525 1393 3611 accipienda

203 3651 284 3708 esse,
321 3631 376 3696 sed
404 3630 443 3696 de
466 3629 585 3694 mnndo
609 3627 759 3694 muliebri
785 3628 835 3716 (ot
857 3653 871 3692 ο
896 3628 986 3715 416).
1012 3628 1197 3696 Observatio
1214 3609 1266 3697 'sic
1290 3632 1395 3696 editor

203 3757 242 3804 ex
264 3736 372 3818 BHQ:
398 3739 414 3812 ἡ
439 3736 592 3802 Μελανθὼ
624 3735 740 3818 zaroes
772 3735 825 3798 καί
858 3735 986 3806 παιδιάς
1019 3735 1218 3814 έλάμβανεν,
1252 3739 1326 3804 ἀλλ’
1360 3743 1392 3807 ού

202 3842 364 3926 συνεχύρει
396 3830 477 3926 αύτῇ
502 3842 664 3917 Πηνελόπη
689 3839 868 3920 ἀθύρματα,
894 3843 983 3906 ἀλλά
1007 3842 1050 3906 τά
1074 3841 1146 3920 πρὸς
1172 3845 1273 3919 ιίδονίρν
1295 3848 1392 3923 αὐτῆς

203 3950 357 4032 ἔπραττε,
389 3949 526 4026 θηλονθτι
558 3950 651 4023 νηπία
684 3947 880 4029 ύπάρχουσα.
911 3950 1078 4028 ἀθύρματα
1102 3949 1165 4030 ράρ
1188 3951 1244 4016 είτι
1268 3953 1310 4016 τά
1334 3961 1392 4020 τῶν

201 4059 313 4133 νηπίων
337 4057 483 4136 παίγνια.
530 4055 579 4122 Ne
603 4053 666 4121 alia
690 4061 839 4144 tangam,
869 4055 1059 4144 perridicule
1092 4057 1247 4143 Penelope
1277 4059 1395 4126 dicitnr

202 4163 337 4241 δηλονότι
373 4165 467 4240 νηπία
495 4159 698 4243 ὑπάρχουσα,
728 4183 804 4229 nem
834 4184 891 4248 per
921 4159 1158 4230 Grammaticos
1189 4163 1276 4251 leges
1307 4167 1395 4232 nulla

201 4271 266 4338 alia
300 4257 368 4336 hic*
386 4269 533 4357 intellegi
566 4273 681 4355 potest.
728 4267 792 4344 Qui
827 4275 858 4334 et
893 4269 953 4336 hoc
986 4275 1018 4334 et
1053 4268 1146 4355 ploro
1181 4268 1244 4336 alia
1275 4274 1308 4337 in
1334 4273 1394 4340 hoo

201 4377 323 4444 scholio
365 4376 517 4454 absurda,
561 4395 641 4461 quae
685 4374 892 4462 singillatim
919 4397 1074 4464 exponere
1115 4397 1177 4444 non
1214 4385 1262 4443 est
1296 4401 1393 4466 opus,

202 4505 329 4554 mecum
372 4505 432 4550 non
476 4486 688 4570 concoquunt,
728 4483 857 4549 videant
889 4504 928 4549 an
963 4487 1008 4549 sio
1044 4486 1160 4575 scripta
1194 4484 1309 4554 melios
1346 4509 1395 4560 oa·
