3330 5144
850 323 916 392 228
1013 336 1016 344 '

288 515 462 608 Odyeeeem
486 519 567 584 mihi
591 537 674 581 nunc
698 515 937 602 deprehendisse
962 518 1050 584 visus
1072 539 1164 594 sum,
1185 525 1309 604 praeter
1328 541 1381 588 ees
1404 541 1481 607 ques

287 633 319 694 et
343 627 446 694 obiter
468 628 502 692 in
526 623 784 690 antecedentibus
807 628 839 687 et
863 622 941 688 olim
966 622 1074 690 dedito
1099 645 1193 710 opera
1217 628 1250 690 in
1275 625 1477 694 Observatio-

288 734 384 798 nibus
407 733 557 800 indicavi.
581 729 670 806 Quae
692 746 801 796 omnes
824 731 851 794 si
875 731 908 794 in
932 751 1031 794 unum
1057 731 1278 817 conferuntur,
1309 754 1479 800 numerum

290 839 376 904 haud
411 860 485 906 sane
520 839 676 926 exiguum
713 833 867 913 efficient,
905 856 941 902 ac
975 857 1200 922 nonnunquam
1237 841 1345 906 mirari
1381 841 1481 904 suhiit

289 965 400 1010 eorum
423 944 578 1011 scribendi
603 942 692 1029 quasi
715 944 926 1031 pruriginem,
953 943 1069 1028 quibus
1093 943 1170 1009 talia
1194 945 1346 1012 debemus
1374 946 1481 1031 qualia

290 1051 342 1118 hio
354 1050 422 1118 illio
434 1050 619 1137 expellenda
632 1050 855 1116 demonstravi.
882 1049 988 1114 Unum
1001 1050 1075 1115 hino
1089 1050 1211 1117 utiliter
1223 1052 1388 1138 docemur,
1402 1051 1477 1138 quid

289 1159 347 1224 hos
366 1160 399 1224 in
420 1164 542 1226 veteres
561 1159 728 1242 scriptores
747 1158 831 1243 ipsos
848 1176 884 1222 ec
902 1158 1086 1240 praesertim
1107 1157 1274 1224 intellectu
1286 1158 1478 1224 difficiliores

289 1265 436 1332 intulisse
467 1271 635 1352 putemne,
667 1263 721 1348 qui
752 1284 792 1328 ne
815 1264 848 1327 in
872 1264 988 1353 nostris
1011 1264 1141 1348 quidem
1166 1266 1348 1332 auctoribus
1372 1287 1478 1332 excer-

289 1372 401 1458 pendis
424 1370 700 1454 describendisque
723 1369 784 1436 sihi
808 1375 984 1455 temperare
1003 1373 1179 1455 potuerint,
1201 1374 1277 1457 quin
1289 1392 1341 1438 eos
1353 1393 1478 1456 semper

287 1481 409 1564 inepte,
440 1497 680 1562 nonnumquam
713 1497 808 1562 supra
838 1496 934 1562 quem
967 1476 1030 1541 dici
1060 1483 1165 1561 potest
1195 1477 1310 1543 stolide
1333 1499 1369 1544 ao
1392 1479 1480 1544 fatue

287 1583 521 1671 interpolarent.
547 1583 656 1670 Atque
686 1582 767 1648 illud
779 1581 925 1668 equidem
946 1584 1026 1658 scio,
1053 1587 1169 1668 quantu
1189 1586 1336 1650 cautione
1354 1587 1388 1649 in
1407 1605 1478 1650 auc·

235 1757 241 1764 ,
288 1693 411 1758 toribus
441 1690 475 1756 id
498 1711 599 1778 genus
623 1710 701 1775 opus
725 1691 824 1754 sitin
848 1688 1050 1755 emblematis
1073 1689 1268 1775 iudicandis,
1293 1693 1348 1776 qui
1372 1691 1477 1758 multa

288 1799 478 1865 addiderunt
497 1818 577 1883 quae
597 1799 702 1862 sanior
725 1798 897 1881 antiquitas
923 1803 959 1862 ut
982 1795 1141 1882 superfluo
1163 1796 1352 1876 delevisset,
1376 1819 1478 1884 neque

287 1905 370 1972 illud
402 1909 532 1994 ignoro.
563 1925 671 1970 omnes
694 1903 875 1988 posterioris
897 1905 966 1970 aevi
989 1903 1164 1988 sophistes,
1188 1903 1347 1989 rhetores,
1372 1925 1478 1993 gram-

288 2017 421 2080 maticos
444 2015 533 2079 insui
556 2010 726 2078 uerborum
750 2029 866 2095 pompa
889 2029 985 2094 quam
1011 2010 1151 2074 maxime
1174 2010 1332 2076 delectari.
1367 2009 1479 2095 Itaque

288 2120 476 2207 procedente
506 2121 609 2184 aetate
639 2118 761 2182 cautior
791 2116 894 2182 factus
926 2137 1010 2180 nune
1040 2135 1078 2181 ee
1100 2121 1227 2182 tantum
1250 2115 1384 2182 delenda
1405 2137 1476 2202 pro·

285 2229 395 2314 posui,
422 2227 538 2312 quibus
558 2223 686 2311 aliquod
706 2221 819 2296 coteler
840 2228 1068 2310 argumentum
1089 2225 1283 2290 extrinsecus
1303 2224 1475 2302 accederet,

286 2334 369 2400 illud
404 2334 583 2420 imprimis,
619 2333 671 2396 cui
704 2332 759 2416 qui
792 2348 867 2394 sano
897 2331 1061 2415 sobrioque
1090 2329 1208 2396 iudicio
1240 2335 1287 2396 eet
1311 2329 1473 2417 praeditus

285 2462 349 2508 nou
372 2441 464 2508 focile
487 2439 694 2525 obloquatur,
718 2439 746 2502 si
769 2435 970 2521 interpolatio
992 2438 1093 2521 ipsius
1116 2439 1253 2504 auctoris
1273 2438 1476 2504 manifestam

286 2550 476 2615 sententiam
507 2549 541 2611 in
573 2544 636 2612 alia
668 2545 776 2610 omnia
810 2544 973 2629 pervertit.
1020 2542 1114 2608 Nune
1130 2535 1134 2542 ⁴
1148 2549 1219 2630 post
1254 2543 1477 2633 longissimam

287 2656 526 2743 divsgationem
556 2651 596 2718 ad
627 2652 732 2738 quarti
762 2647 838 2716 libri
861 2649 981 2716 scholia
1004 2649 1113 2716 ordine
1135 2650 1356 2735 perlustranda
1375 2652 1479 2718 redeo.

333 2871 368 2946 δ,
393 2865 448 2932 81.
486 2863 651 2931 Meneleus
675 2862 758 2949 apud
782 2861 989 2926 Pisistratum
1014 2867 1046 2926 et
1069 2861 1297 2930 Telemachum
1323 2864 1481 2954 gloriatur

287 2975 410 3062 opibus.
436 2973 629 3040 Observatur
647 2974 679 3036 iu
699 2967 814 3049 MHQ:
839 2968 880 3039 ris
902 2966 1051 3033 σύστασιν
1072 2971 1161 3050 περὶ
1183 2976 1237 3036 τοῦ
1251 2973 1394 3048 πλήθους.
1408 2969 1480 3036 llice

286 3083 316 3150 δὲ
349 3089 406 3148 τῶν
435 3081 468 3145 ἐκ
500 3078 587 3144 rro'oou
612 3074 867 3151 πεπλουτηκότων
890 3075 1147 3152 &melodunensi
1173 3078 1207 3144 rt
1231 3079 1286 3158 μὲν
1311 3080 1480 3154 κεκτῆσθαι

287 3189 373 3270 παρὰ
405 3187 556 3268 προγόνων
586 3185 710 3266 μικρόν,
739 3182 773 3247 τὸ
805 3182 836 3246 δὲ
860 3183 1034 3257 κτήσασθαι
1057 3186 1171 3265 μεῖζον.
1219 3184 1346 3272 Duplex
1368 3189 1402 3251 in
1427 3186 1478 3250 hie

286 3298 404 3363 vitium
427 3299 485 3361 eet.
531 3293 680 3358 Primum
703 3291 789 3356 enim
808 3289 959 3362 odorem
984 3289 1050 3370 περὶ
1075 3295 1128 3356 τοῦ
1153 3290 1286 3367 πλήθους
1310 3291 1481 3358 nunidem

286 3403 393 3470 valere
432 3407 536 3489 potest
570 3421 606 3466 ac
640 3399 691 3464 διὰ
732 3399 766 3460 rt
807 3397 931 3471 πλῆθος.
978 3395 1015 3462 In
1052 3395 1079 3477 Q
1121 3417 1177 3484 pro
1222 3399 1287 3480 u'spl
1332 3399 1483 3464 scribitur

287 3511 336 3575 rat
372 3508 499 3592 παρὰ,
534 3507 706 3591 eademque
741 3507 816 3568 sunt
849 3504 881 3567 in
917 3501 950 3568 Η
985 3501 1101 3588 (Praei.
1134 3526 1165 3591 p.
1195 3507 1229 3592 1.)
1264 3505 1482 3592 compendiose

286 3619 413 3701 scripta.
437 3613 548 3700 ltaque
574 3633 685 3678 verum
709 3615 770 3676 eet:
798 3608 839 3680 εἰς
863 3608 1012 3674 σύστασιν
1037 3612 1107 3685 τὴν
1133 3611 1241 3692 παρὰ
1262 3616 1315 3676 τοῦ
1336 3613 1480 3686 πλήθους.

284 3723 351 3789 Nec
373 3721 496 3807 reliquo
520 3718 633 3784 mendo
656 3722 771 3784 cenent.
804 3713 888 3780 Nem
913 3717 945 3780 in
969 3716 1036 3781 his:
1063 3717 1177 3795 τὸμὲν
1202 3721 1367 3794 κεκτῆσθαι
1393 3719 1479 3798 παρὰ

285 3827 437 3910 προγόνων
468 3825 592 3908 μικρόν,
621 3823 656 3889 τὸ
681 3823 712 3887 δὲ
737 3821 910 3896 κτήσασθαι
934 3819 1054 3900 μεῖζον,
1080 3822 1168 3890 deest
1191 3827 1348 3911 oppositio
1382 3845 1480 3912 quam

284 3938 426 4003 maxime
460 3931 633 4000 necessaria
664 3935 695 3996 et
719 3931 787 3994 sine
811 3948 874 4012 qua
898 3947 1023 4012 prorsus
1046 3929 1130 3996 nihil
1154 3930 1279 3997 dicitur.
1329 3929 1391 3997 Sed
1415 3951 1478 3996 non

283 4051 331 4110 est
367 4041 503 4110 arduum
532 4039 700 4126 negotium
732 4037 849 4101 amissa
879 4054 1072 4119 recuperare.
1121 4034 1205 4116 Quid
1236 4038 1406 4122 opponitur
1437 4039 1478 4120 τῷ

283 4151 369 4231 παρὰ
394 4145 545 4228 προγόνων
568 4137 753 4217 κεκτῆσθαιῖ
777 4139 949 4206 Videlicet:
975 4139 1100 4214 cedrio
1124 4141 1155 4207 δὲ
1174 4143 1347 4219 κτήσασθαι
1361 4142 1476 4224 μεῖζον,

283 4257 379 4343 idque
402 4259 436 4320 in
458 4254 493 4318 rt
517 4253 616 4319 latere
640 4257 761 4336 putem.

324 4467 358 4543 δ,
383 4463 436 4530 86.
473 4461 643 4530 Difficilius
674 4467 723 4528 est
747 4461 830 4547 quod
854 4481 938 4526 nunc
964 4461 1119 4544 sequitur.
1167 4460 1284 4527 Narrat
1310 4461 1478 4530 Menelaus
