3220 5144
731 355 794 423 501

163 567 278 634 ponere
301 545 429 613 volebat
452 547 554 614 scriba
578 567 702 634 quoque
724 545 841 614 codicis
864 545 955 614 Harl.
981 547 1127 612 aberrans
1144 545 1200 612 ille
1220 545 1348 632 quidem

163 675 299 721 eversu
321 650 358 725 ώς
383 653 469 733 aare
495 653 554 741 (vs.
581 651 658 742 150)
684 657 767 718 retro
791 653 831 718 ad
855 673 983 722 versum
1004 649 1042 726 ὣς
1065 651 1243 738 ἐφοτ·.(νε.
1260 652 1350 732 147.)

162 760 211 826 lta
240 761 329 827 salva
357 763 546 826 narrationis
576 757 1183 827 serietcllunturreraus150-165.
1209 779 1351 846 compre·

161 866 333 933 hendcntes
366 888 542 933 sermonem
575 865 805 954 Theoelymeni
838 887 911 933 cum
943 868 1144 952 responsione
1167 866 1350 953 Penelopes.

162 973 268 1060 Atque
291 976 336 1040 uic
360 974 476 1040 diserta
495 972 594 1040 schol.
617 973 691 1040 160.
716 997 882 1061 quanquam
901 982 1068 1059 corruptam
1087 981 1115 1040 ct
1128 971 1251 1058 ipsam.''
1263 973 1351 1040 Haeo

162 1078 226 1145 ille.
252 1079 425 1146 Videamus
448 1101 532 1146 nunc
556 1087 736 1166 corruptam
760 1081 851 1148 illam
879 1081 918 1148 ad
942 1103 986 1147 ve.
1004 1080 1068 1148 160
1088 1087 1218 1158 notem,
1238 1082 1276 1147 de
1290 1102 1352 1167 qua

161 1191 233 1272 post
277 1185 531 1266 Buttmannum‚
575 1188 764 1267 Lehrsium‚
800 1187 1020 1268 Dindorfium‚
1056 1185 1233 1266 chetum,
1256 1183 1283 1274 ¹)
1321 1193 1352 1254 et

162 1297 268 1358 nostra
296 1292 469 1379 disputatio
500 1295 570 1360 erit.
617 1295 653 1360 In
678 1294 819 1362 Homero
843 1293 1098 1382 Theoclymenus
1121 1297 1155 1360 in
1179 1293 1351 1382 Penelopes

163 1415 366 1483 conspectum
399 1399 575 1478 admissus,
600 1403 656 1468 ubi
680 1407 846 1468 matorum
870 1399 976 1468 Ulixis
998 1401 1136 1467 reditum
1160 1402 1354 1468 vaticinatus

164 1511 228 1581 est,
258 1507 302 1571 sic
328 1508 502 1573 orationem
528 1527 620 1573 suam
645 1507 824 1574 concludit:

346 1619 423 1678 ccicc
448 1613 526 1692 ἐγών
550 1615 646 1680 οἰωνὸν
670 1613 843 1692 ἐϋσσέλμου
868 1614 917 1680 ἐπ)
944 1613 1010 1690 νηός

346 1717 453 1797 ἥμενοι
478 1721 665 1803 ἐφρασάμην
688 1721 741 1786 aut
766 1720 953 1802 Τηλεμάχῳ
977 1720 1155 1800 ἐγεγώνευν.

164 1825 215 1891 Ad
247 1825 325 1890 haec
356 1827 459 1914 igitur
488 1826 515 1908 Q
548 1834 580 1894 et
610 1827 749 1895 Vindob.
784 1825 867 1894 133:
901 1829 931 1892 ἐν
955 1836 1017 1902 τοῖς
1042 1829 1249 1910 χαριεστέρως
1275 1825 1354 1896 οὗτοι

165 1931 247 2011 μώνοι
278 1934 303 1997 ol
334 1933 368 2010 β’
390 1933 590 2012 dissederat,
617 1935 685 2000 ἐπεὶ
715 1935 766 2000 acl
792 1935 859 2016 ιιρέν
884 1937 1029 2003 εἰσελθεῖν
1054 1938 1083 2000 ἐν
1106 1945 1144 2022 τῇ
1168 1935 1219 2011 νηῒ
1238 1937 1288 2004 τὸν
1314 1939 1356 2003 oi-

166 2039 235 2104 uciv
259 2034 344 2113 εἶδε,
368 2041 421 2106 aul
445 2041 615 2120 ἐγεγώνευν
639 2041 771 2122 decipere
797 2043 888 2108 ἐστίν.
914 2041 944 2106 ἐν
968 2043 999 2109 δὲ
1019 2051 1081 2113 τοῖς
1102 2043 1271 2124 κοινοτέροις
1292 2044 1355 2108 cleri

166 2149 219 2210 τοῦ
245 2141 303 2224 „cic
326 2145 436 2224 aara’
463 2148 522 2235 (vs.
550 2147 626 2234 150)
653 2145 706 2221 ἕως
729 2151 783 2213 τοῦ
809 2147 864 2226 ,,ἐξ
882 2149 984 2226 taff.
1009 2151 1069 2234 (ve.
1092 2149 1182 2237 165.)
1206 2149 1354 2216 Scholion

166 2253 380 2332 Buttmanno‚
423 2261 460 2320 ut
502 2241 662 2332 vidimus,
706 2262 890 2341 corruptum
935 2256 1103 2341 audiebat,
1137 2279 1193 2324 neo
1227 2258 1355 2324 iniuria.

167 2360 328 2445 Scriptum
353 2365 437 2426 erat:
462 2361 545 2438 μόνοι
570 2363 595 2426 οἱ
620 2361 664 2438 ιβ’
687 2365 884 2436 iterativum,
908 2365 1142 2448 ineptissimam
1166 2367 1356 2451 scripturam

168 2466 359 2532 correctione
391 2466 629 2554 simplicissima
663 2473 696 2533 et
732 2470 909 2534 certissima
939 2472 972 2534 in
1004 2471 1167 2558 integrum
1199 2472 1353 2540 restituit.

168 2570 329 2656 Scriptum
361 2578 428 2638 erat
459 2571 511 2637 ιιοώ
537 2574 707 2653 ἐγεγώνευν
731 2575 784 2640 οὐκ
807 2575 939 2657 ώκοιέροις
964 2577 1064 2654 ἐστίν,
1088 2581 1195 2642 mente
1219 2581 1356 2645 auctoris

166 2680 201 2742 in
225 2681 418 2744 contrarium
442 2701 540 2746 versa.
567 2679 613 2745 At
636 2679 853 2748 Buttmannua
877 2687 1033 2750 sententia
1057 2681 1154 2770 duce,
1175 2721 1214 2734 -
1237 2685 1355 2752 etenim

167 2785 207 2850 ad
239 2785 430 2852 damnandos
459 2786 517 2852 hos
548 2807 658 2854 versus
689 2794 880 2876 argumenta
903 2805 1131 2878 congeruntur,
1154 2811 1217 2856 non
1240 2792 1280 2858 ad
1303 2792 1356 2859 de-

168 2891 355 2968 fendendos,
381 2929 422 2940 -
449 2893 501 2957 οὐκ
537 2895 647 2978 eiecit,
681 2895 764 2972 „nisi
795 2895 865 2980 quis
896 2893 997 2960 alium
1020 2897 1199 2985 corrigendi
1222 2899 1354 2966 modum

168 2999 368 3063 comminisci
391 3004 496 3084 potest
519 3021 581 3086 quo
604 2999 724 3066 locutio
748 3021 872 3087 quoque
896 3005 1000 3088 aptior
1022 3004 1181 3089 prodeat.'’
1211 3005 1356 3074 Fortasse

167 3104 273 3188 aptius
315 3107 375 3169 erit
417 3105 500 3191 quod
542 3108 688 3194 equidem
723 3111 955 3194 rescripserim:
991 3109 1043 3176 aui
1081 3111 1150 3198 (τὸ)
1185 3112 1355 3192 ἐγεγώνευν

167 3208 341 3290 ἄκαιρον
378 3212 468 3276 ἐστιν.
517 3211 657 3279 Tandem
694 3215 777 3299 quod
809 3214 930 3280 codices
960 3216 1110 3300 praebent
1133 3219 1196 3284 ciat
1220 3224 1274 3284 τοῦ
1300 3217 1359 3298 „de

168 3317 308 3400 ἐφοτο,”
338 3323 368 3384 et
399 3319 473 3396 hoc,
503 3321 537 3384 ni
569 3319 679 3397 fallor,
713 3323 877 3407 aptissime
909 3323 1099 3390 mutandum
1131 3325 1288 3393 iudicavit
1311 3331 1357 3395 sio

169 3426 350 3513 disputans:
390 3427 468 3510 „hee
499 3426 608 3491 ultimi
637 3447 746 3492 versus
777 3427 968 3494 indicatione
999 3436 1105 3496 nostra
1136 3451 1231 3518 quam
1261 3456 1356 3522 supra

169 3537 373 3620 exposuimus
410 3533 508 3599 ratio”
547 3535 673 3619 (nempe
705 3534 734 3597 ἐν
767 3541 829 3606 τοῖς
862 3533 1033 3616 κοινοτέροις
1066 3543 1097 3602 et
1132 3541 1254 3604 rederico
1288 3563 1357 3608 ver·

169 3663 222 3706 sus
257 3641 400 3706 damnari
436 3645 468 3704 et
502 3660 555 3705 eos
590 3661 655 3705 esse
687 3640 800 3706 debere
823 3662 883 3706 res.
913 3641 1103 3730 150-165)
1132 3645 1357 3728 „confirmatur

168 3746 370 3834 plenissime,
401 3751 591 3832 apparetque
623 3745 737 3824 simul,
761 3748 849 3812 istud
872 3747 974 3828 imaro
997 3750 1079 3836 quod
1103 3753 1137 3816 in
1160 3751 1281 3819 scholio
1305 3755 1357 3820 hic

168 3853 327 3940 praecedit
358 3853 549 3918 mutandum
582 3873 648 3918 cese
679 3875 740 3920 non
768 3856 803 3919 in
834 3852 940 3940 ἔφατ’,
965 3857 1019 3923 sed
1043 3863 1074 3922 in
1097 3857 1217 3938 φώτο.”
1264 3860 1358 3928 Butt-

168 3963 279 4028 mauni
311 3961 524 4026 correctiones
548 3964 580 4025 et
611 3959 735 4025 Lehreii
767 3966 799 4026 et
822 3960 979 4028 Dindcrlii
1002 3963 1171 4030 adsensum
1195 3965 1356 4044 tulerunt,

168 4089 270 4154 neque
301 4067 328 4132 is
360 4088 432 4131 sum
464 4068 519 4150 qui
542 4067 580 4130 iis
603 4066 828 4133 contradicam.
875 4067 936 4134 Sed
960 4069 1115 4134 adsumtis
1138 4071 1207 4157 his,
1230 4070 1358 4139 locusne

169 4179 380 4264 perpurgatus
422 4179 469 4237 eet
504 4178 536 4238 et
564 4175 630 4238 iam
659 4173 785 4261 integer
813 4173 937 4241 faetus?
972 4173 1213 4243 Dubitationem
1246 4181 1357 4246 iniecit

169 4281 385 4348 Buttmannus
403 4279 489 4366 ipse:
515 4299 683 4364 „perversa
702 4287 810 4346 autem
822 4281 1094 4348 condemnationis
1106 4283 1355 4366 cauaaaffertur,

171 4429 328 4445 ——-—·-‘'

205 4513 232 4578 ι)
249 4515 366 4565 neema.
386 4514 418 4565 n,
436 4515 459 4562 s.
481 4511 530 4562 vn
548 4509 644 4576 (raro.)
662 4527 684 4576 p.
704 4508 760 4558 ιιι.
779 4489 785 4506 “
