3242 5140
713 322 776 394 441

150 517 225 597 μήτ’
249 519 317 584 cieri
343 517 460 583 παίδων
478 519 504 582 οί
526 517 641 583 νεανίαν
663 517 715 583 ναί
737 521 772 584 nd
793 519 974 599 παρνβνρκὸς
994 519 1048 595 ἤδη
1068 520 1112 600 τῷ
1132 519 1230 603 χρόνῳ
1242 527 1340 601 γῆρας

131 615 295 707 ὀίπολαιίρ
325 629 403 697 τινος
436 625 555 710 ἡδονῆς,
586 627 649 697 oric
673 625 700 688 δ’
724 626 738 690 ὁ
762 627 831 703 βίος
856 628 1033 709 ἀφαιρεθείς
1058 630 1113 704 etv
1137 635 1287 706 γλῶτταν
1311 629 1342 692 ἐν

151 732 308 815 metuere
331 731 442 815 uem
467 731 556 800 Heec
578 752 703 816 quoque
727 732 850 818 duplici
873 734 989 800 mendo
1014 734 1240 822 deturpantur,
1266 756 1342 820 quc-

151 861 224 906 rnm
247 860 350 906 unum
373 837 504 905 sustulit
524 837 703 922 Mehlerus,
724 837 862 904 alterum
876 842 950 926 ipse
967 840 1078 907 tollere
1095 842 1238 908 conabor.
1264 843 1344 922 Quis

152 947 250 1014 ieret:
275 947 351 1024 μνίτ·
374 947 443 1010 duri
469 946 585 1010 παίδων
607 946 632 1010 ot
656 943 794 1009 νεανίαιί
818 945 983 1014 Mehlerus
1006 959 1079 1014 aute
1103 969 1220 1035 paucos
1245 969 1343 1015 annos

152 1053 288 1139 (Mnem
316 1052 357 1119 N.
371 1087 374 1092 ·
390 1053 421 1119 S.
447 1051 490 1118 VI
502 1075 533 1138 p.
547 1052 623 1131 407,
640 1051 757 1137 1878);
784 1075 866 1132 „non
889 1055 1025 1121 dubium
1049 1061 1114 1141 est,
1138 1060 1216 1142 quin
1238 1055 1340 1122 Hera·
1404 1116 1406 1124 .

153 1161 249 1228 clitus
260 1162 438 1247 scripserit:
454 1157 550 1239 μηδ”
566 1147 685 1244 (immo
705 1159 795 1245 μήτ’)
818 1162 932 1244 ,οίνπί
939 1187 963 1226 π
973 1162 1085 1234 αοδες
1106 1162 1175 1228 καί
1196 1163 1342 1228 νεανίαν.”

154 1269 307 1336 Meretri
331 1270 367 1334 τὸ
390 1267 569 1346 παρνβορκδς
595 1265 649 1342 ἤδη
673 1268 714 1348 τῷ
738 1267 835 1349 χρίνῳ
859 1275 958 1348 γῆρας
982 1271 1128 1352 οίπολαύῳ
1159 1271 1287 1337 exhibet
1310 1272 1340 1335 A

155 1376 273 1464 (Vatic.
297 1374 389 1462 871),
420 1380 453 1440 st
485 1373 517 1439 D
551 1371 668 1458 (Vatic.
694 1372 778 1458 305,
808 1377 863 1460 qui
887 1374 967 1440 liber
990 1381 1022 1441 et
1045 1376 1217 1464 Porphyrii
1241 1379 1341 1452 Ζητή·

154 1505 264 1561 ματα,
295 1489 333 1546 ut
363 1487 495 1558 notum,
527 1479 685 1564 continet,
716 1487 749 1546 et
780 1479 937 1552 Heracliti
958 1501 997 1546 ex
1022 1479 1084 1547 fine
1106 1483 1343 1570 fragmentum,

154 1610 217 1677 quo
240 1610 303 1655 uno
327 1593 450 1673 reperto
473 1606 552 1673 opus
575 1586 845 1658 anteamutilum
869 1590 1090 1675 integritatem
1112 1591 1341 1675 recuperante:

154 1699 207 1762 καὶ
231 1699 246 1760 d
270 1696 455 1775 παρνβνκὼς
482 1694 536 1770 ἤδη
559 1697 601 1774 τῷ
624 1693 722 1774 χρίνῳ
745 1697 798 1758 τοῦ
822 1697 922 1774 γήρας
946 1697 990 1771 μίν
1014 1695 1169 1778 οίπολοιύῳ.
1206 1695 1344 1784 Negatio

154 1802 239 1869 male
258 1802 365 1880 adest,
388 1801 500 1878 seder
522 1802 654 1866 caeteris
671 1800 919 1885 corruptissimis
929 1819 1032 1865 nonne
1043 1801 1121 1867 haec
1133 1801 1344 1886 exsculpenda

154 1916 228 1974 sunt
250 1907 415 1974 Heraclito
438 1907 544 1972 lucete
567 1905 723 1971 scribente
744 1906 907 1994 digniora,
925 1926 1022 1992 quam
1043 1927 1123 1992 quse
1141 1929 1180 1973 ex
1198 1907 1229 1972 A
1249 1907 1345 1972 edun·

155 2023 223 2082 tur:
256 2015 310 2080 καί
340 2015 380 2078 τὸ
407 2014 647 2093 παρνβνκὸς
673 2011 727 2088 ίίδν
752 2017 794 2093 τῷ
819 2013 915 2095 χρόνῳ
939 2019 1007 2078 τοῦ
1031 2017 1154 2094 χοίρως
1180 2015 1346 2095 οίπολαίῳ,

154 2121 426 2210 quemadmodum
450 2141 546 2207 supra
569 2121 612 2185 rat
635 2120 730 2195 ννίπνα
750 2126 807 2185 τῶν
828 2121 1003 2201 spectatus
1022 2121 1138 2185 παίδων
1158 2118 1262 2186 diust
1284 2119 1346 2186 Sed

155 2237 230 2296 utut
260 2230 320 2296 hoc
349 2235 415 2304 ost,
446 2229 590 2310 ἀπολαύῃ
613 2227 717 2299 τιν’δς
742 2227 844 2301 ἡδονῆς
870 2247 943 2294 oum
966 2227 1140 2294 admodum
1164 2231 1271 2294 ieiune
1294 2234 1344 2302 et.

154 2340 188 2401 ni
217 2335 329 2421 fallor,
360 2339 458 2402 edam
490 2343 612 2421 praeter
636 2339 779 2399 mentem
804 2335 965 2419 scriptoris
989 2333 1129 2412 dicatur,
1155 2337 1223 2399 sine
1247 2334 1346 2398 dnbio

155 2442 369 2529 supplendum
390 2443 536 2524 οίπολαύῳ
564 2441 700 2528 (θείας)
723 2443 803 2510 τινὸς
827 2441 941 2518 ἡδονῆς.
988 2439 1151 2506 innumeri
1176 2447 1250 2506 sunt
1271 2440 1345 2524 loci,

154 2551 270 2635 quibus
300 2551 334 2613 in
356 2548 515 2616 Heracliti
538 2546 648 2613 libello
671 2545 832 2612 Homerus
855 2550 929 2619 θεῖος
954 2547 1081 2626 audiat,
1107 2567 1242 2632 quorum
1267 2547 1346 2612 duos

153 2654 316 2732 indicabo,
348 2675 380 2741 p.
407 2655 442 2720 5:
469 2655 534 2718 ἐπεὶ
559 2653 611 2717 καὶ
639 2653 732 2725 αὐτός
757 2653 822 2716 ἐστι
846 2654 921 2725 ίείος
943 2657 975 2719 et
998 2673 1030 2738 p.
1058 2650 1140 2719 148:
1165 2653 1345 2732 ἐπίτευγμα

154 2769 210 2837 τῆς
236 2763 406 2841 Ὁμηρικῆς
429 2760 579 2835 destruunt
605 2756 700 2836 οίξνον,

199 2977 350 3064 Sequitur
372 2997 446 3066 pag.
472 2977 503 3043 2.
529 2977 709 3060 ’λρχομένῳ
732 2975 759 3041 δ’
781 2976 902 3057 ἑκοίττῳ
921 2976 1179 3057 senensem,
1200 2976 1252 3040 καί
1275 2973 1358 3041 κατ’·

156 3086 259 3164 ὀλίγον
290 3084 525 3173 οίπανδρονμίνῳ
557 3085 586 3157 e
619 3085 754 3156 τελείους
786 3083 998 3166 οννακμοίζεο,
1028 3084 1080 3148 καί
1106 3081 1187 3164 κίρος
1212 3082 1279 3148 οὐδὲ
1304 3080 1346 3157 είς

157 3190 232 3274 ίιχρι
266 3193 377 3272 γήρως.
426 3193 646 3279 Designsntur
680 3191 850 3257 hominum
885 3197 1022 3277 aetates,
1060 3194 1227 3269 iuventus,
1261 3197 1347 3257 setas

155 3298 277 3377 virilis,
309 3304 468 3384 senectus,
500 3299 540 3364 ad
572 3317 669 3384 quam
704 3317 772 3363 rem
804 3297 997 3383 probandam
1023 3297 1087 3362 lere
1110 3317 1173 3362 uon
1196 3316 1274 3382 opus
1299 3309 1348 3363 est

156 3416 192 3472 nt
222 3406 262 3472 ad
287 3405 465 3494 gemellum
488 3427 527 3471 ex
553 3401 690 3493 Epilogc
712 3403 838 3488 lecum,
863 3425 959 3490 quem
983 3423 1078 3490 supra
1102 3404 1343 3488 descripsimus,

155 3533 369 3601 provocemus.
407 3510 490 3579 eum
514 3514 657 3579 multum
680 3533 807 3596 verear,
841 3517 878 3577 ut
909 3531 972 3577 vox
1004 3509 1174 3591 οίρχίμενος
1198 3511 1346 3574 iuventu-

154 3628 221 3686 tem
255 3619 332 3686 satis
366 3619 533 3698 commode
567 3620 697 3704 innuat,
721 3619 832 3705 quidni
856 3619 1062 3703 probabimus
1089 3615 1346 3704 wyttenbachia·

154 3747 232 3794 num
267 3724 423 3806 αὐξομένῳ
436 3746 473 3805 ¹o
507 3725 649 3792 Mehlero
687 3728 721 3790 in
760 3725 960 3790 adnotatione
1002 3725 1113 3788 critica
1149 3740 1344 3788 commemo-
1412 3765 1414 3772 -

154 3832 281 3902 ratum?
576 3844 582 3852 “
759 3836 765 3874 ¹

200 4053 236 4118 Ο.
260 4051 292 4118 II
315 4051 358 4138 (p.
384 4050 436 4137 4):
460 4045 502 4114 “A
527 4049 584 4124 μὲν
609 4048 671 4128 γὰρ
696 4045 730 4120 ἐξ
753 4046 818 4112 icon
841 4047 894 4112 καί
919 4047 1007 4112 κατὰ
1030 4047 1124 4113 κοινὸν
1148 4045 1221 4126 ὑπὲρ
1245 4044 1347 4111 οίποίν-

155 4184 213 4224 τον
241 4159 421 4239 ἱεροπρεπῶς
452 4153 690 4239 τείεολίχηταν,
723 4155 756 4219 τί
786 4155 834 4220 δεί
854 4153 906 4220 καί
931 4155 1050 4232 tirum
1079 4155 1210 4219 Auctori
1233 4173 1346 4238 propo·

155 4270 255 4334 situm
285 4271 333 4332 est
364 4271 401 4330 ut
433 4264 628 4329 demonstret
659 4256 705 4326 ίτν
736 4261 862 4338 οὐδεμία
897 4263 984 4336 κηλὶς
1018 4262 1134 4340 ἐναγῶν
1158 4260 1260 4337 unitus
1284 4267 1347 4331 τοῖς

153 4373 316 4462 (Ὁμήρου)
348 4369 452 4435 ἔπεσιν
484 4367 727 4456 ίνεοπείρνρταο.ι
755 4367 953 4455 Quapropter
985 4369 1089 4434 active
1122 4371 1245 4453 oportet
1279 4363 1301 4431 ci
1328 4403 1348 4416 -
1432 4385 1435 4394 ¹

155 4483 335 4564 ἱεροπρεπῶς
359 4475 670 4556 τείεολίγνραεν.
721 4472 775 4540 Sic
801 4479 844 4562 (p.
859 4475 915 4563 51)
938 4475 952 4540 ί
974 4473 1124 4548 σκοτεινὸς
1147 4471 1345 4555 Ἦροίκλεετος
