3330 5144
832 330 899 408 252

269 525 347 597 σῖιισν
373 526 553 601 Ὀδυσσέως.
592 527 681 608 Quod
701 533 774 596 ente
790 529 911 596 multos
929 549 1026 596 ennos
1043 533 1255 598 coniecersm:
1277 525 1379 598 οὕτω
1398 527 1464 612 γὰρ

271 629 401 714 sicca-cl
420 662 472 712 ραν.
496 635 697 721 συνηγμένοι,
720 635 805 702 idem
830 657 956 724 prorsus
980 637 1162 704 emendavit
1187 636 1342 718 Cebetas,
1365 661 1399 705 v.
1424 639 1463 705 cl.

270 748 305 811 in
334 743 488 810 Mnenms
523 741 562 810 N.
596 742 628 808 S.
663 741 678 807 I
715 740 844 826 (1873),
880 765 910 829 p.
945 744 997 809 12.
1041 743 1128 810 Idem
1164 747 1284 831 optime
1319 737 1460 848 monuit,

270 852 384 937 respici
406 849 466 916 hac
485 855 560 916 nota
581 848 750 915 lectionem
777 849 1066 935 Aristophancem,
1085 851 1176 916 cuine
1196 853 1329 918 obscura
1344 855 1465 919 mentio

270 958 414 1024 iniicitur
443 958 476 1022 in
509 953 629 1021 scholio
664 956 704 1022 ed
727 955 752 1033 β
776 953 856 1034 313,
883 958 980 1021 011οι1
1004 957 1064 1022 hoc
1086 955 1245 1042 praeclare
1275 957 1462 1036 observans,

146 1117 148 1120 .
270 1064 386 1153 legisse
419 1069 527 1129 nostro
560 1060 631 1128 locc
663 1053 925 1149 Aristophanem,
957 1083 1019 1128 non
1051 1063 1223 1149 κατέδοιεν,
1258 1101 1299 1114 -
1330 1073 1368 1130 11
1395 1063 1464 1132 11110

179 1213 183 1222 ·
269 1189 435 1256 perperam
470 1174 526 1236 aut
560 1168 710 1234 scribitur
740 1173 797 1234 sut
827 1171 947 1245 editur,
981 1205 1022 1217 -
1056 1169 1326 1236 001ιιατέδονται.
1375 1167 1464 1237 Η100

269 1279 372 1366 igitur
394 1279 460 1342 iam
484 1281 638 1346 constant.
686 1273 748 1340 Sed
772 1295 835 1340 una
858 1278 891 1354 iu
916 1297 948 1340 re
974 1277 1012 1341 eb
1038 1278 1108 1342 eius
1131 1279 1302 1355 sententia,
1328 1279 1463 1344 sirecte

270 1386 349 1469 cepi,
371 1384 536 1451 dissentire
556 1380 675 1446 licebit.
702 1381 738 1446 In
757 1377 912 1447 Dindorlli
932 1382 1070 1448 editione
1083 1382 1203 1448 scholio
1215 1389 1322 1449 nostro
1335 1383 1462 1450 nullum

269 1490 391 1557 lemma
412 1487 675 1576 praefixumest‚
699 1490 874 1575 insignitur
898 1495 1023 1552 tautum
1045 1508 1156 1555 versos
1181 1509 1328 1573 numero,
1353 1493 1464 1576 estque

269 1601 299 1663 is
319 1619 367 1665 vs.
389 1595 464 1662 115.
511 1593 617 1682 Igitur
639 1594 812 1679 pertinebit
834 1601 910 1660 note
933 1595 972 1660 ad
996 1595 1091 1682 serbe
1116 1595 1194 1669 δήεις
1220 1595 1247 1660 δ’
1271 1596 1301 1660 ἐν
1326 1597 1462 1673 σήματα

270 1703 357 1785 clap,
380 1703 476 1788 idque
499 1699 638 1768 Cebetas
658 1719 781 1786 quoque
802 1700 1005 1785 comprobare
1018 1701 1156 1768 ridetur.
1180 1700 1261 1767 Vera
1273 1707 1321 1768 est
1332 1702 1462 1788 quidem

271 1809 310 1878 de
339 1811 437 1878 verbo
467 1807 546 1884 δήεις
570 1808 762 1873 observatio:
786 1802 830 1872 ire
855 1809 909 1872 οὐκ
933 1808 1124 1884 ἐνήλλακται
1149 1809 1163 1873 l
1186 1808 1312 1889 χρόνος,
1336 1811 1463 1894 etquis

271 1917 400 1984 1011011
419 1916 453 1981 id
476 1915 515 1981 de
537 1915 597 1979 hoc
616 1914 729 1989 verbo,
751 1913 937 1999 qnodapud
958 1913 1137 1982 Homerum
1159 1935 1282 2002 semper
1300 1915 1463 2001 stubique

271 2021 418 2090 loturum
443 2027 504 2098 est,
532 2025 599 2086 eret
619 2011 797 2086 docendus?
826 2019 869 2085 Et
891 2021 968 2106 quid
987 2021 1048 2085 eibi
1067 2020 1141 2087 vult
1159 2024 1373 2108 comparatio,
1395 2024 1463 2088 sive

270 2131 357 2197 idem
382 2133 424 2196 sit
447 2132 514 2202 sire
537 2149 599 2195 non
624 2130 683 2204 sit,
708 2148 781 2192 cum
803 2127 901 2193 verbo
921 2127 979 2194 illo
998 2149 1036 2192 cx
1057 2127 1156 2194 Iliade
1175 2127 1351 2193 cleriricos?
1382 2128 1465 2204 Quis

271 2231 456 2304 mortalium
492 2236 575 2300 inter
608 2231 687 2307 δήεις
723 2239 868 2299 nostrum
905 2240 936 2299 et
978 2233 1112 2300 Iliacum
1148 2235 1304 2300 ιὶτέτισαν
1342 2235 1462 2320 aliquid

272 2363 439 2411 commune
463 2337 622 2408 inveniet?
646 2339 751 2406 Immo
775 2361 850 2406 vero
875 2346 908 2406 et
925 2339 1007 2406 illud
1028 2361 1067 2406 ex
1088 2339 1186 2406 Iliade
1208 2341 1348 2428 exempli
1367 2363 1464 2408 cause

271 2451 457 2518 arcessitum
479 2448 613 2515 verbum
639 2452 672 2512 et
694 2449 850 2514 memorie
871 2446 1018 2512 lectionis
1041 2446 1306 2534 Aristophanese.
1333 2459 1379 2498 -’-
1402 2451 1463 2515 etsi

204 2589 212 2604 -
269 2563 376 2624 nostro
398 2555 484 2632 loco,
519 2574 581 2640 quo
612 2553 740 2632 debuit,
770 2573 833 2620 non
860 2559 1143 2632 commemoratae,
1179 2591 1222 2604 -
1254 2558 1376 2641 aptiora
1406 2575 1462 2621 nes

270 2663 390 2730 docent.
438 2661 561 2747 Nempe
595 2665 671 2727 ncta
701 2663 845 2746 sequenti
872 2662 980 2728 versui
1013 2659 1077 2726 116
1107 2667 1155 2727 est
1186 2661 1391 2729 adscribendo
1422 2661 1462 2728 od

269 2771 403 2838 verbnm
436 2767 621 2835 κατέδουσιν.
670 2767 760 2848 Quod
788 2751 816 2832 si
848 2774 932 2833 reete
961 2770 1069 2854 posui,
1099 2755 1302 2842 Aristarchus
1333 2771 1462 2835 reiicere

247 2877 374 2964 poluit
405 2874 671 2960 Aristophaneum
703 2875 902 2958 κατέδονται,
930 2911 971 2925 —
995 2881 1032 2939 nt
1055 2877 1122 2940 sine
1147 2875 1243 2942 dnbio
1266 2875 1393 2960 reiecit,
1418 2911 1460 2924 --

268 3003 330 3049 non
361 2985 466 3068 potnit
489 2982 642 3048 scribere:
674 2977 719 3046 ὅτι
743 2983 812 3048 otri
837 2981 1026 3056 literaturae
1050 2981 1063 3044 l
1088 2981 1205 3060 χρόνος.
1240 2981 1344 3047 Immo
1368 2979 1463 3067 plane

269 3091 461 3156 contrarium
482 3110 556 3154 eum
578 3087 707 3154 dedisse¹
723 3090 881 3174 suspicor:
908 3085 953 3152 ὅτι
979 3087 1274 3162 deterserant
1298 3088 1460 3178 χρόνος,
1490 3165 1493 3170 ,

269 3217 414 3283 praesens
447 3198 585 3282 positum
620 3201 667 3260 est
696 3216 752 3281 pro
783 3194 891 3259 futuro
914 3197 955 3288 jin
992 3194 1186 3282 generaliore
1221 3197 1459 3272 enunciatione,

266 3311 299 3370 01
334 3304 379 3370 010
415 3303 544 3369 demum
582 3301 704 3368 olerum
740 3299 792 3378 fit,
828 3321 884 3366 our
919 3300 1001 3366 illud
1037 3323 1082 3367 er·
1107 3301 1206 3367 Iliade
1240 3305 1315 3379 ,σόν
1346 3325 1381 3366 τε
1405 3326 1461 3380 με·

266 3409 359 3491 ysne
394 3409 572 3476 ήτέτισαν”
600 3407 653 3474 hic
687 3407 885 3472 adhibeatur.
934 3405 1020 3474 Nem
1050 3410 1096 3473 ibi
1130 3429 1252 3494 quoque
1283 3408 1460 3475 Zenodctus

265 3539 322 3605 pro
353 3519 469 3584 soristo
500 3517 645 3582 11111111
675 3516 860 3600 requisivit,
891 3514 1058 3602 vulgatam
1085 3514 1253 3580 lectionem
1285 3519 1388 3580 tuitus
1411 3520 1459 3581 eet

266 3623 490 3709 Aristarchus,
511 3644 604 3709 quem
624 3641 716 3707 saepe
737 3613 917 3707 temporum
936 3621 1101 3709 enallagen
1114 3621 1279 3687 admisisse
1292 3625 1459 3706 novimus,

266 3752 302 3799 10
325 3729 447 3796 nullius
471 3731 596 3814 saepius
619 3748 715 3814 quam
739 3730 913 3812 praesentis
937 3748 993 3811 pro
1017 3728 1135 3793 loturo.
1182 3727 1345 3794 Nonnulla
1363 3729 1459 3793 huius

265 3839 391 3926 generis
414 3836 546 3924 collegit
568 3833 810 3900 Friedliinderus
830 3836 862 3897 in
882 3833 1139 3922 Schemetolcgia
1159 3835 1376 3913 Aristarchca,
1391 3837 1459 3900 eius

266 3942 448 4009 Aristonico
477 3939 630 4027 praelixa,
661 3963 691 4025 p.
722 3941 751 4004 6.
800 3939 848 4004 Ex
877 3941 973 4005 buius
997 3943 1095 4026 copiis
1120 3942 1183 4008 duo
1207 3941 1354 4027 exempla
1377 3944 1459 4007 eroi-

168 4107 175 4126 ,
266 4050 356 4135 tabo,
381 4049 421 4114 ad
446 4059 472 4113 Σ
500 4045 583 4114 136:
608 4049 639 4134 (ή
664 4047 770 4131 διτλή)
796 4041 841 4111 ὅτι
863 4049 897 4112 τὸ
915 4049 1026 4128 copel
1044 4047 1126 4114 ἐστιν
1150 4048 1198 4112 er>
1212 4051 1267 4112 τοῦ
1280 4049 1458 4132 ἐνεστῶτος,

266 4155 335 4221 ἀντὶ
366 4160 420 4220 τοῦ
450 4156 567 4233 olorem·
600 4153 751 4232 βούλεται
783 4155 814 4220 δὲ
849 4155 945 4220 εἰπεῖν
977 4153 1162 4240 ἐλεύσομαι,
1189 4155 1457 4241 quemadmodum

265 4269 372 4329 nostro
405 4261 475 4328 1000
509 4264 569 4346 (vs.
604 4261 681 4348 114)
712 4267 776 4326 est:
809 4261 866 4340 ὀψὲ
897 4264 998 4331 κακῶς
1030 4270 1124 4336 νεῖαι,
1157 4264 1213 4328 ubi
1244 4269 1351 4328 temen
1376 4261 1457 4327 nibil

266 4369 452 4435 ednotatum
481 4370 654 4454 reperitur,
687 4372 719 4433 et
747 4370 892 4433 omnium
924 4366 1171 4453 explicatissime
1200 4369 1240 4434 sd
1265 4369 1293 4435 Ο
1317 4368 1399 4434 351:
1425 4369 1457 4454 (ή

217 4511 219 4520 ·
266 4474 373 4568 διπλῆ)
406 4470 451 4542 ὅτι
483 4479 623 4541 ἐνεστῶτι
655 4475 724 4542 ἀντὶ
755 4474 922 4554 μέλλοντος
955 4473 1125 4561 κέχρηται,
1151 4475 1282 4557 ἐρύουσιν
1307 4476 1375 4541 olari
1401 4481 1457 4541 τοῦ
