3318 5138
762 313 827 386 109

191 500 304 578 πάντα
327 511 477 590 έπῆνεγκε
500 512 550 591 τῷ
573 507 654 576 θσσοι
674 511 710 577 σθ
729 511 817 591 γένος
836 509 1003 602 άλλάξας,
1022 511 1079 576 ubi
1091 530 1219 598 prorsus
1230 505 1386 578 contrario

192 621 305 686 ordine
334 618 508 707 legendum
537 637 621 684 esse:
650 618 729 692 θδθιυς
762 622 811 698 τῷ
836 617 945 684 πάντα
969 618 1121 698 ε’πῆνεγκε
1146 619 1189 684 πθ
1214 615 1296 684 θσσοι
1320 617 1388 684 Ho-

193 729 280 792 meri
308 725 415 792 looum
447 723 618 791 oonterenti
648 725 779 810 patebit.
826 723 889 790 Sed
913 724 972 791 hoo
996 725 1130 790 minoris
1153 725 1309 790 momenti
1328 727 1387 790 est.

193 833 284 900 Illud
307 835 414 920 magis
436 832 635 920 urgendum,
659 830 778 897 Soholii
803 837 963 898 auctorem
983 853 1067 896 nuno
1087 851 1149 902 uon
1169 831 1289 910 dicere,
1310 851 1390 914 quse

196 941 304 1007 dieere
336 959 411 1006 enm
440 937 579 1006 voluisse
604 939 674 1024 ipsa
704 939 809 1024 prime
830 936 950 1004 Soholii
971 939 1069 1004 verba
1091 943 1259 1004 testantur.
1305 935 1390 1002 Nam

197 1050 227 1114 si
246 1047 272 1112 οἱ
291 1047 321 1112 δέ
341 1045 447 1124 γάμον
457 1043 596 1121 τεύξουσι
610 1045 649 1110 de
660 1046 762 1131 pronis
774 1045 898 1110 dietum
911 1047 976 1123 est,
989 1044 1067 1130 qnid
1079 1046 1199 1110 mirum
1211 1045 1239 1108 si
1251 1063 1268 1110 s
1281 1045 1391 1130 singu·

197 1153 262 1219 lari
286 1154 412 1218 transiit
430 1151 471 1218 ed
489 1147 666 1237 pluralem?
686 1147 793 1216 Sensit
810 1152 929 1216 vitium
950 1149 1181 1228 Buttmaunns,
1204 1151 1295 1215 ouius
1315 1149 1392 1215 haee

197 1265 277 1328 nota
299 1265 347 1326 eat
370 1259 410 1326 ad
433 1259 459 1324 oi
482 1267 669 1338 μυηστῆρεςτ
697 1260 820 1334 ‚,immo
845 1267 955 1324 auotor
977 1259 1156 1343 primorum
1180 1257 1277 1322 huius
1296 1253 1391 1322 Scho-

197 1365 239 1432 lii
270 1366 439 1432 verborum
470 1364 598 1432 volebat
620 1364 722 1444 τυτῆρ
747 1365 798 1428 καὶ
823 1365 964 1444 ἀδελφοί.
991 1400 1011 1414 -
1024 1400 1044 1414 -
1058 1399 1078 1414 -
1102 1362 1261 1430 Videntur
1282 1364 1390 1448 itaque

192 1473 268 1558 jam
307 1471 385 1538 olim
427 1471 580 1538 excidisse
615 1470 769 1556 quaedam
804 1475 932 1556 propter
965 1471 1187 1556 repetitionem
1220 1469 1390 1535 eorundem

198 1579 391 1662 verborum,
423 1580 456 1642 iu
485 1577 570 1643 huno
601 1577 735 1643 modum
767 1576 959 1644 revocanda:
992 1577 1018 1642 oi
1042 1577 1073 1642 δέ
1102 1574 1207 1653 γάμον
1231 1574 1391 1654 τεύξουσι,

198 1683 336 1760 δηλονότι
360 1685 463 1763 πατῆρ
487 1684 539 1749 καὶ
563 1685 705 1758 άδελΦοθ.
729 1685 807 1753 τινές
832 1683 863 1748 δέ
886 1682 1084 1762 λαμβάνουσι
1108 1682 1144 1748 τὸ
1170 1683 1217 1762 ,ιθ
1238 1683 1269 1748 δὲ
1288 1681 1393 1761 γάμον

197 1789 360 1868 τεύξουσι”
398 1789 532 1866 θηλονθτι
569 1792 595 1856 ον’
630 1789 832 1870 μνηστῆρες.”
874 1789 923 1857 De
953 1811 1081 1856 summa
1111 1811 1145 1856 re
1173 1810 1269 1856 nemo
1299 1789 1394 1856 Butt-

198 1919 318 1964 mauuo
349 1919 411 1964 nou
441 1897 655 1975 adsentietur,
685 1900 793 1984 itaque
815 1896 930 1962 laouna
952 1897 1121 1963 statuenda
1143 1899 1221 1975 erit,
1248 1899 1308 1964 etsi
1331 1899 1393 1962 mi-

198 2027 274 2072 rum
298 2011 346 2070 est
368 2025 438 2071 eam
462 2008 496 2071 in
519 2005 667 2072 omnibus
686 2007 824 2090 quinque
844 2001 1014 2070 Oodioibus
1041 2005 1178 2070 inveniri
1206 2004 1288 2069 unde
1315 2004 1393 2070 haee

199 2111 404 2200 prodierunt,
425 2133 487 2198 quo
507 2113 545 2178 de
569 2133 603 2178 ro
625 2119 732 2198 postea
755 2112 888 2176 dicetur.
935 2108 1018 2176 Cum
1040 2112 1144 2198 igitur
1166 2111 1205 2176 de
1227 2111 1396 2177 statuenda

128 2195 146 2218 ⁸
199 2219 316 2286 lacuna
348 2219 434 2284 idem
465 2221 659 2303 sentiemus,
692 2218 729 2284 de
760 2217 914 2303 explenda
942 2237 1005 2284 uon
1035 2219 1081 2283 ita
1114 2219 1197 2283 iuter
1231 2238 1287 2284 noa
1322 2238 1394 2284 eon·

200 2329 301 2392 venit.
348 2324 397 2391 Ne
432 2325 536 2390 dicam
571 2325 648 2391 haee
682 2326 728 2389 ita
765 2323 909 2409 expleta,
941 2329 980 2390 nt
1010 2322 1227 2390 Buttmaunos
1249 2324 1394 2402 volebat,

201 2438 287 2498 oerte
311 2451 373 2498 non
396 2432 566 2500 verborum
588 2433 750 2517 paucitate
773 2430 928 2508 laborare,
953 2431 1036 2517 ipae,
1061 2438 1110 2496 sat
1132 2435 1211 2508 seio,
1235 2453 1297 2498 non
1324 2452 1393 2516 pro·

202 2539 329 2605 baverit
358 2540 456 2604 etiam
487 2541 521 2604 in
547 2536 675 2604 infimae
699 2541 813 2603 aetatis
836 2537 981 2604 homine:
1005 2537 1206 2617 λαμβάνουσι
1230 2541 1266 2605 τθ
1291 2539 1339 2618 „oi
1362 2539 1394 2604 δέ

202 2660 275 2712 κτλ.
312 2643 447 2718 δηλονθτι
483 2646 508 2710 οἱ
547 2653 734 2724 μνηστῆρες,
779 2645 836 2710 ubi
877 2647 1093 2732 uuusquisque
1125 2647 1221 2713 homo
1256 2645 1395 2712 Graecus

202 2751 405 2830 λαμβάνουσι
433 2751 468 2818 rt
493 2767 563 2817 κτλ.
589 2751 640 2816 ε’πὶ
664 2758 723 2817 τῶν
746 2751 923 2831 μνηστῆρσιν
947 2752 1087 2820 dixisset.
1134 2753 1205 2840 Ipse
1228 2754 1325 2820 verbe
1347 2753 1395 2819 ls-

203 2879 321 2926 ounosa
351 2861 397 2924 sio
426 2862 591 2925 sarserim:
625 2859 732 2930 ἰδέας
762 2864 803 2940 τῷ
835 2860 983 2939 σχῆματι
1013 2861 1184 2940 ε’χρῆσατο·
1216 2860 1307 2926 εἰπὼν
1331 2859 1395 2940 γάρ

205 2967 259 3046 ,ἐς
290 2966 425 3044 πασρθς”
455 2965 577 3044 μετέβη
606 2968 649 3038 εἷς
683 2966 739 3052 (τὸ
770 2965 860 3032 audit
883 2965 922 3053 V)
959 2967 1167 3042 πληθυντικόν.
1192 2965 1302 3052 (ἔνιοι
1325 2965 1394 3052 δέ’)

207 3074 260 3158 ,οἱ
285 3073 323 3138 δὲ
347 3071 452 3149 γάμον
475 3070 643 3156 τεθξυυσι”,
668 3071 803 3147 δηλενθτι
826 3073 853 3138 οθ
875 3082 1060 3154 μνηστῆρες,
1088 3059 1159 3138 κτλ.
1182 3073 1262 3138 Fere
1286 3072 1397 3139 eadem

202 3179 342 3274 Homeri
374 3179 470 3244 verba
492 3184 661 3244 occurrunt
683 3203 723 3256 α,
748 3176 830 3256 277,
856 3179 912 3244 ubi
937 3183 1044 3245 tamen
1068 3179 1149 3245 nihil
1173 3182 1281 3246 irinati
1304 3184 1395 3258 sunt,

204 3287 261 3352 sed
285 3286 332 3365 „oi
356 3286 387 3351 δέ
411 3284 550 3362 γάμον”;
574 3286 795 3370 συνεκδοχικῶς
821 3289 845 3352 οἱ
870 3285 936 3365 περὶ
962 3285 1012 3350 τὸν
1035 3286 1158 3366 ποτέον
1182 3287 1233 3352 καὶ
1259 3287 1313 3361 τῆν
1333 3310 1396 3366 μη·

202 3393 281 3474 τέρα
305 3392 500 3474 ’λστεροδθαν
524 3397 705 3479 expositum
727 3396 775 3459 est
798 3395 832 3458 in
854 3392 901 3478 E,
924 3398 962 3460 ut
985 3398 1118 3480 oportet.

251 3607 291 3686 β,
328 3605 402 3672 196.
434 3604 556 3672 Eadem
588 3627 637 3670 res
668 3605 807 3670 breviter
837 3606 981 3692 tangitur
1013 3605 1047 3670 iu
1078 3605 1223 3674 Parisino
1247 3605 1286 3675 S:
1317 3609 1342 3676 οθ
1366 3609 1396 3677 δὲ

203 3715 329 3796 γάμους
363 3710 472 3778 οὗτοι
505 3715 530 3796 oi
566 3718 753 3792 μνηστῆρες,
783 3712 815 3776 οἱ
840 3713 870 3776 ἒν
892 3713 934 3791 τῷ
959 3711 1077 3788 δώματι
1102 3718 1156 3777 τοῦ
1178 3714 1307 3795 πατρθς.
1355 3719 1398 3782 At

203 3825 266 3890 hoe
290 3824 357 3886 iam
380 3821 479 3886 nimia
501 3818 652 3885 stolidum
678 3825 734 3886 est
782 3817 855 3884 Non
878 3817 1017 3903 amplios
1040 3821 1110 3904 erit,
1131 3822 1187 3887 ubi
1208 3823 1397 3889 emendave-

204 3932 327 3996 rimus:
352 3927 440 4003 ῆτοι
464 3928 490 3992 σθ
516 3935 685 4008 μνηστῆρες
694 3977 703 4006 ,
728 3926 789 4010 (ῆ)
812 3927 845 3992 oi
870 3925 900 3990 ἐν
924 3926 966 4006 τῷ
990 3925 1109 4002 δώματι
1135 3932 1189 3993 τοῦ
1213 3930 1340 4010 πασρθ.

254 4141 298 4223 β,
328 4137 401 4207 199.
724 4139 791 4205 ἐπεὶ
818 4138 853 4205 οὔ
874 4162 945 4205 τινα
969 4137 1100 4216 δεθδιμεν
1124 4137 1241 4220 έμπης,

347 4247 412 4313 οὔτ’
434 4241 483 4312 οὖν
506 4245 719 4330 Τηλέμαχον,
743 4245 837 4321 μάλα
861 4269 917 4326 περ
942 4247 1114 4325 πολύμυθον
1138 4249 1245 4316 έθντα.

349 4354 419 4421 οὔτε
442 4355 619 4432 θεοπροπίης
644 4349 852 4431 ἐμπαζόμεθ’,
882 4350 915 4426 ῆν
939 4353 994 4429 σθ,
1021 4354 1143 4440 γεραιέ,

349 4461 458 4560 μυθέαι
483 4463 673 4544 άκράαντον,
700 4458 896 4540 ἀπεχθάνεαι
921 4459 947 4524 δ’
972 4457 1016 4526 έτι
1041 4465 1175 4544 μᾶλλον.
