3242 5140
856 303 921 376 396

291 497 454 580 ἐβούλετο,
487 503 678 587 quibuscum
704 501 890 568 conferenda
914 506 947 566 et
970 521 1050 586 quae
1073 519 1169 588 supra
1191 501 1230 570 ed
1254 525 1302 570 rs.
1327 499 1348 568 2
1372 523 1485 572 secun·

291 607 369 672 dnm
392 608 533 675 codicem
556 610 758 675 restituimus
773 608 862 695 (ὑπὲρ
883 611 937 672 τοῦ
958 607 1141 694 εὐφρᾶναι),
1162 615 1194 675 et
1214 631 1294 695 quae
1314 609 1486 698 velmagie

290 735 385 800 quarn
409 714 655 803 Hamburgense
677 715 819 782 scholion
844 714 1006 780 decurtate
1032 717 1063 780 in
1083 715 1174 796 DQV
1193 723 1352 802 prostant:
1375 722 1485 781 τοῦτο

289 820 562 902 ἁρμοζόμενος
600 823 649 903 τῷ
681 822 802 903 κοιιρῷ
836 820 935 898 λέγει.
969 821 1002 885 οὐ
1035 827 1089 888 τοῦ
1121 825 1235 896 παντὸς
1268 823 1301 888 δὲ
1332 823 1405 902 βίον
1428 825 1484 896 τὴν

290 927 392 1004 ἡδονὴν
417 929 504 1001 τέλος
528 929 659 1009 εἴρηκεν,
680 928 769 992 ἀλλὰ
794 927 965 1004 συμποσίου
989 927 1114 1006 τινός,
1135 930 1305 1014 inquibus
1324 929 1483 994 ultimum

289 1035 482 1100 vocabulum
512 1038 633 1102 mirum
664 1035 748 1100 mihi
778 1033 911 1110 accidit,
935 1054 1009 1098 cum
1035 1040 1264 1119 expectassem:
1289 1037 1378 1104 ἀλλὰ
1402 1060 1484 1114 τυμ-

290 1143 396 1207 τοτίον
431 1141 567 1220 μόνον,
605 1142 658 1208 sed
691 1144 725 1206 in
756 1143 856 1205 trium
889 1139 1035 1206 codicum
1069 1160 1219 1207 consensu
1250 1142 1334 1208 nihil
1357 1152 1493 1208 mutare

290 1250 400 1316 audeo.
447 1248 511 1316 Sed
542 1250 666 1315 minuta
697 1249 774 1314 haec
802 1253 878 1312 sunt
909 1267 984 1331 prae
1013 1249 1068 1324 iis,
1101 1269 1181 1333 quae
1203 1271 1288 1315 nunc
1311 1250 1347 1316 in
1369 1249 1482 1316 scholii

288 1353 350 1421 fine
378 1356 548 1444 leguntur,
579 1355 618 1420 de
650 1356 766 1440 quibus
795 1349 1072 1439 operaepretium
1096 1361 1143 1422 est
1167 1355 1346 1422 Prellerum
1370 1356 1483 1422 audire

289 1464 525 1548 disputantem:
548 1461 764 1550 „intelligitur
783 1459 951 1526 nonnullos
971 1465 1201 1547 grammaticos
1219 1463 1293 1527 hinc
1306 1462 1482 1529 mollitiem

289 1569 400 1657 Ulyssi
428 1573 613 1636 criminatos
637 1589 721 1646 esse,
747 1569 830 1654 quod
854 1571 975 1634 crimen
999 1568 1055 1635 alii
1079 1569 1171 1634 aliter
1194 1571 1293 1637 abeo
1317 1591 1483 1638 removere

289 1677 477 1755 studebant,
509 1675 534 1742 ci
558 1677 614 1755 μὲν
638 1678 700 1742 ἀπὸ
724 1680 777 1740 τοῦ
802 1680 920 1756 νοιροῦ,
945 1678 1020 1761 quia
1042 1678 1126 1742 inter
1149 1676 1345 1763 epulandum
1366 1681 1413 1744 sic
1436 1677 1480 1744 lo

288 1791 409 1869 quutus
442 1789 542 1863 eset,
577 1785 602 1849 cl
638 1785 670 1850 δὲ
705 1784 768 1848 ἀπὸ
804 1793 860 1860 τῆς
894 1780 1024 1860 λέξεως·
1058 1784 1111 1848 acl
1144 1783 1258 1848 τούτων
1288 1785 1314 1848 οἱ
1345 1787 1404 1864 μὲν
1434 1782 1479 1849 ὅτι

287 1891 455 1971 εὐφροσύνη
480 1897 533 1965 τοῖς
560 1891 663 1965 ἡδονῆς
688 1892 729 1970 τῷ
751 1895 871 1972 φρονεῖν
895 1888 1052 1974 διαφέρει,
1077 1891 1102 1954 οἱ
1127 1889 1159 1954 δὲ
1184 1886 1229 1954 ὅτι
1252 1889 1341 1962 τέλος
1367 1893 1427 1978 (vs.
1447 1891 1480 1978 5)

287 1997 338 2062 let
375 1997 480 2068 ciclus
515 1997 532 2072 si
564 1995 682 2073 τοίξεοις
714 1996 732 2073 ἢ
763 1996 1021 2088 σνμντιινρρώτειιιΙ
1044 1997 1086 2082 (ιι.
1111 2019 1141 2061 τ.
1167 1999 1212 2082 λ.)
1242 1997 1292 2062 Ex
1315 1997 1399 2076 illis,
1424 2001 1478 2084 qui

286 2105 474 2185 εὐφροσύνην
508 2104 681 2170 monebant
716 2102 811 2190 longe
846 2101 934 2168 aliud
962 2123 1029 2168 asse
1060 2122 1157 2188 quam
1189 2104 1291 2178 ilceto
1323 2106 1418 2170 stab
1443 2125 1479 2170 ea

286 2211 411 2277 differre
453 2211 495 2292 τῷ
540 2215 674 2292 φρονεῖν,
717 2215 802 2286 erat,
846 2208 930 2293 quod
970 2230 1009 2275 ex
1043 2214 1151 2275 nostro
1187 2211 1294 2276 codice
1329 2217 1476 2296 apparet,

284 2316 438 2384 Seleucus
478 2317 731 2392 Alexandrinus,
772 2316 825 2401 qai
869 2316 984 2381 dicebat
1017 2317 1072 2389 rire
1108 2317 1293 2396 εὐφροσύνην
1327 2319 1390 2382 deci
1426 2316 1475 2382 ὅτε

283 2421 317 2490 εὖ
350 2429 536 2505 φρονοῦμεν,
572 2431 601 2487 et
636 2421 825 2502 οιύτοὶριιειοιν
860 2423 1009 2507 mudum
1039 2445 1113 2506 proc
1147 2446 1179 2488 ac
1200 2425 1295 2508 ferre
1331 2423 1475 2510 upum,
1603 2463 1604 2472 ι

283 2534 314 2597 l.
350 2555 374 2596 c.
409 2555 441 2595 ce
475 2531 551 2595 tolca
585 2531 751 2614 volente
785 2529 875 2594 etiam
909 2529 985 2593 alui
1016 2541 1165 2613 expertum
1196 2553 1257 2594 cccc
1285 2530 1474 2612 ννρνίιῖοοτο,

283 2637 332 2705 iva
369 2641 414 2716 μὴ
452 2639 604 2717 pairarat
639 2633 769 2712 νόλοξ.”
815 2633 973 2702 Haeccine
1008 2638 1111 2723 igitur
1144 2641 1252 2702 omnia
1275 2639 1309 2702 in
1333 2659 1398 2704 nna
1420 2637 1477 2702 illa

283 2725 380 2812 voce·
393 2741 582 2823 curtraco?
609 2741 662 2808 Ὠ
695 2748 755 2808 Ζεῦ
786 2745 940 2822 βασιλεῦ,
966 2750 1021 2817 τῆς
1045 2742 1236 2817 λεπτότητος
1261 2750 1319 2808 τῶν
1341 2741 1473 2826 φρενῶνΙ

282 2873 340 2920 neo
371 2853 533 2936 scriptoris
562 2856 689 2916 tantum
722 2851 776 2916 sed
812 2857 845 2915 et
878 2849 1067 2934 interpretis.
1117 2849 1236 2916 Verum
1268 2853 1397 2916 etiamsi
1421 2853 1474 2924 cir

283 2957 471 3040 αὐτάρκειαν
498 2961 545 3023 ita
574 2957 683 3024 liceret
712 2957 890 3043 explicare,
915 2957 998 3042 quod
1021 2956 1111 3022 nullo
1135 2957 1229 3022 modo
1253 2956 1342 3034 licet,
1367 2960 1475 3024 nesio

283 3067 412 3151 quidem
447 3064 510 3130 alia
542 3085 638 3149 quem
671 3065 751 3131 falsa
781 3071 814 3129 et
846 3065 954 3148 inepta
977 3065 1078 3128 exiret
1101 3067 1268 3130 sententia.
1316 3063 1401 3130 Nam
1426 3065 1473 3130 fac

282 3171 411 3238 Ulixem
445 3173 588 3236 omnium
622 3172 826 3257 voluptatum
859 3191 927 3236 esse
958 3172 1234 3254 expertissimum,
1265 3191 1343 3236 eone
1366 3173 1474 3236 minua
1601 3169 1602 3176 '

282 3299 320 3344 ex
351 3275 612 3363 philosophorum
643 3275 837 3344 Graecorum
858 3276 1010 3344 ,doctrina
1040 3275 1200 3344 Phaeaces
1223 3275 1373 3342 adulatus
1396 3280 1473 3360 erit,

281 3385 308 3450 si
342 3384 505 3448 luxuriam
537 3383 587 3447 his
618 3383 801 3449 adamatam
824 3383 895 3460 βίον
919 3385 1009 3454 τέλος
1033 3377 1109 3446 εἶναι
1133 3380 1387 3467 praedicaverit?
1411 3380 1472 3447 Sed

281 3490 469 3578 longissime
488 3490 646 3554 aberravit
668 3489 828 3556 Prellerus
846 3492 1163 3577 agrammaticorum
1176 3488 1470 3574 philosophantium

281 3601 454 3674 sententia,
479 3596 562 3681 quod
586 3597 752 3681 apparebit
774 3596 831 3659 ubi
855 3597 948 3660 verba
969 3597 1198 3660 correxerimus
1214 3599 1352 3680 pessime
1362 3596 1471 3662 cohae-

281 3704 398 3780 tentia,
421 3702 575 3790 quidquid
596 3703 725 3767 taudem
746 3699 942 3788 significent,
969 3702 1118 3774 Σέλευκος
1139 3707 1193 3776 τὴν
1213 3703 1401 3784 εὐφροσύνην
1421 3701 1471 3766 ὅτε

280 3807 314 3878 οὗ
337 3815 505 3894 φρονοῦμεν
529 3809 581 3873 nal
605 3813 660 3884 τὴν
685 3808 882 3888 ινύτοὶριιειοιν.
924 3805 1015 3874 Unde
1037 3811 1123 3873 euim
1143 3811 1316 3874 accusativi
1336 3810 1469 3894 pendere

281 3917 427 3986 censendi
451 3913 546 3982 sunt?
569 3915 657 3981 Num
681 3917 720 3980 ab
741 3919 858 3982 omisso
878 3912 988 3993 slyer?
1008 3915 1079 3982 Non
1100 3915 1150 3981 est'
1167 3917 1227 3982 hoo
1246 3919 1279 3980 in
1291 3915 1470 3982 scholiastis

279 4025 473 4091 inauditum.
522 4022 568 4087 At
599 4025 670 4107 quis
699 4023 797 4087 ierat:
824 4021 899 4087 Σέλ.
932 4025 986 4098 τὴν
1011 4023 1195 4102 εὐφροσύνην
1224 4025 1338 4110 (λέγει)
1363 4021 1414 4087 ὅτε
1438 4019 1470 4088 εὖ

279 4137 447 4216 φρονοῦμεν
478 4129 530 4193 xci
563 4131 616 4203 riv
649 4128 854 4213 αὐτάρκειαν,
883 4129 979 4195 verbo
1010 4133 1055 4195 et
1072 4130 1272 4196 substantivo
1297 4130 1469 4196 admodum

279 4236 479 4304 incommode
503 4231 678 4320 copulatis?
702 4233 869 4300 Praeterea
893 4235 926 4300 in
950 4235 1057 4302 codice
1078 4257 1140 4302 non
1160 4243 1208 4302 est
1227 4241 1397 4317 φρονοῦμεν
1416 4237 1469 4302 sed

279 4353 452 4427 φρονῶμεν,
484 4362 585 4427 neque
615 4342 674 4407 hoc
704 4347 771 4408 erat
795 4341 1019 4429 corrigendum
1045 4343 1099 4409 sed
1124 4341 1192 4420 ὅτε,
1219 4349 1251 4408 et
1274 4342 1326 4408 hic
1349 4349 1383 4408 et
1406 4365 1470 4410 sae

279 4455 371 4540 pius,
407 4485 452 4502 -—
488 4448 540 4518 vel
575 4451 608 4513 in
643 4450 702 4514 hoc
734 4451 803 4534 ipso
833 4447 902 4514 loco
933 4448 1123 4527 Homerico,
1157 4451 1195 4516 de
1227 4452 1319 4516 cuius
1343 4451 1469 4516 scholiis
1598 4455 1599 4458 ’
