3220 5144
828 369 894 437 502

271 559 355 644 quod
389 567 458 625 onte
491 583 675 625 conscensum
708 583 808 626 ccccm
839 561 1012 650 augurium
1044 561 1153 628 lecerit
1185 559 1457 652 Theoclymanua3
1574 651 1575 662 ἵ

209 652 212 661 ’
269 686 345 731 nam
373 673 440 751 post
470 669 683 732 descensionem
711 670 817 754 potius
849 669 908 734 hoo
941 671 1048 736 evenit
1072 669 1098 756 (c
1122 668 1188 766 525
1213 671 1325 756 seqq.).
1355 669 1456 736 Veram

270 773 342 838 daec
371 773 466 857 ipsius
494 776 672 840 scholiastae
702 777 839 860 consocio
866 777 1062 862 relinquendo
1084 783 1128 841 cet
1151 774 1272 841 eidem.”
1319 778 1363 843 At
1386 795 1458 842 vero

272 879 402 947 Lehrsio
425 880 540 966 (Arist.
564 903 595 967 p.
623 880 700 968 100)
720 905 860 966 peruersa
882 883 1011 970 quidam
1035 903 1187 950 ramnum
1208 883 1455 948 damnandorum

271 1006 366 1052 cansa
385 986 487 1053 afferri
504 989 573 1054 risa
585 993 633 1054 est
644 1037 652 1066 ,
665 1009 767 1075 neque
779 994 885 1055 tamen
898 989 1025 1075 culpam
1039 990 1136 1054 huius
1148 991 1193 1054 rei
1206 989 1239 1054 in
1252 991 1357 1075 ipsum
1370 990 1459 1055 echo·

268 1091 397 1160 liastam
422 1095 643 1162 conferendam
667 1098 803 1182 putarit.
840 1095 953 1174 „Quod
973 1095 1207 1163 Buttmannus”
1228 1099 1394 1183 -inquit
1418 1134 1458 1144 ·-

271 1201 326 1276 „in
357 1200 477 1267 scholio
506 1202 540 1279 β’
569 1200 642 1268 rult
665 1223 721 1287 pro
746 1201 790 1279 νβ’
813 1209 845 1268 et
867 1205 919 1269 σθεν
943 1203 1028 1269 dalet
1051 1209 1124 1269 anta
1148 1203 1280 1283 νίκσίρως
1305 1203 1364 1269 hoc
1390 1223 1458 1288 pro-

268 1306 397 1373 bamus:
433 1308 517 1392 qaod
547 1309 692 1374 εἰσελθεῖν
715 1310 745 1384 ἐν
768 1319 806 1392 σῇ
832 1307 882 1385 cal
901 1312 1130 1396 interpretatur
1152 1330 1267 1376 navem
1292 1309 1458 1375 ascendere

267 1412 516 1500 scholiastaeque
548 1414 784 1494 „confusionem
816 1415 972 1502 reliquit’',
1003 1417 1233 1502 improbamus.
1262 1415 1367 1482 Verba
1392 1415 1459 1497 σρίν

268 1521 413 1586 εἰσελθεῖν
449 1522 480 1587 ἰν
510 1532 548 1606 τῇ
581 1523 630 1600 νεῖ
656 1522 772 1589 mutila
806 1530 896 1602 sunt,
929 1524 1060 1590 fortasse
1084 1525 1130 1589 sic
1153 1523 1367 1589 restituenda:
1392 1523 1460 1602 σρίν

269 1627 415 1693 εἰσελθεῖν
445 1629 502 1714 (sc.
535 1631 576 1702 εἰς
609 1627 786 1714 decoloria
819 1632 848 1695 ἐν
872 1640 910 1714 τῇ
936 1629 1012 1706 nal?
1058 1630 1221 1696 Persuasit
1245 1633 1459 1696 coniecturam

269 1732 420 1800 Lehrsius
449 1733 631 1812 Diodorllo,
657 1739 716 1802 etei
740 1739 912 1822 prudenter
934 1739 987 1804 hic
1011 1737 1184 1804 admodum
1209 1757 1280 1804 cam
1304 1739 1339 1802 in
1361 1721 1460 1801 adnoss

268 1841 387 1907 tatione
422 1843 532 1907 critica
566 1833 773 1910 abicondidit.
820 1843 1023 1932 Adroganter
1057 1843 1188 1910 sortasse
1222 1843 1321 1926 lucia,
1352 1845 1379 1908 si
1404 1843 1459 1908 ed-

268 1967 379 2013 rersus
414 1953 462 2014 tot
496 1951 582 2016 viros
613 1949 728 2015 studiis
752 1949 933 2016 Homericis
952 1952 1142 2034 clarissimos
1163 1970 1222 2038 ego
1245 1969 1330 2014 nunc
1352 1969 1459 2038 gram·

268 2056 379 2120 matici
414 2057 533 2142 nostri,
554 2094 610 2128 ,-
647 2056 718 2142 quis
753 2058 795 2123 eit
828 2077 903 2124 mox
938 2057 1140 2141 ridebimus,
1179 2093 1220 2103 -—
1257 2062 1289 2121 et
1312 2056 1410 2124 rerba
1430 2062 1461 2120 et

267 2163 457 2228 sententiam
483 2163 661 2230 defendam.
708 2163 864 2250 Equidem
889 2169 1014 2242 autem,
1039 2163 1102 2228 nisi
1125 2185 1178 2229 ma
1201 2165 1309 2229 omnia
1332 2161 1459 2238 lallnnt,

268 2289 370 2354 nequa
390 2271 423 2334 in
444 2271 549 2336 verbis
571 2271 662 2352 video
683 2271 766 2357 quod
778 2270 882 2337 adhuc
895 2271 1086 2337 correctione
1097 2269 1252 2358 indigeat,
1266 2289 1368 2354 neque
1380 2271 1414 2333 in
1426 2289 1459 2332 re

267 2379 423 2462 perspicio
446 2377 537 2444 illam
562 2378 797 2461 confusionem,
820 2399 915 2464 quam
936 2377 1155 2444 Buttmannus
1177 2377 1260 2461 „ipsi
1272 2374 1460 2440 scholiastae

266 2481 431 2549 relictam”
454 2484 591 2551 volebat.
639 2483 787 2550 Primum
813 2483 851 2548 de
874 2485 1045 2550 verborum
1071 2482 1266 2571 integritatev
1283 2482 1460 2548 videamus.

266 2588 344 2654 Post
367 2588 558 2655 Buttmanni
582 2590 713 2656 demum
737 2589 909 2655 editionem
935 2610 973 2656 ex
998 2587 1171 2658 Harleiano
1195 2587 1314 2674 prodiit
1334 2587 1461 2654 breuior

267 2694 345 2762 haec
384 2697 527 2763 ciusdem
558 2699 732 2764 sententiae
769 2701 862 2762 nota:
896 2696 947 2762 cal
980 2700 1041 2775 μὴν
1076 2695 1229 2762 οὐδέπω
1264 2694 1459 2760 εἰσελθὼν

269 2803 326 2876 εἰς
351 2804 419 2879 σὺν
444 2808 536 2869 cuia
561 2805 669 2868 θεσῖτσνν
694 2802 744 2866 uda
770 2803 876 2868 σίωνθν.
924 2805 974 2868 An
997 2803 1075 2869 haec
1099 2823 1238 2888 quoque,
1264 2803 1312 2866 ita
1336 2801 1460 2867 diversa

267 2915 304 2976 ut
332 2912 511 2976 communis
534 2915 640 2976 tamen
664 2911 753 2997 origo
777 2907 861 2975 clare
884 2909 1060 2994 pellacem,
1088 2909 1220 2975 eandem
1245 2928 1342 2994 quam
1363 2905 1459 2972 Lehr-

267 3019 334 3082 sius
375 3017 503 3084 volebat
546 3014 650 3082 labem
688 3024 720 3082 et
754 3015 992 3084 mutilationem
1028 3037 1119 3102 passa
1153 3011 1249 3080 sunt?
1295 3016 1346 3079 An
1381 3013 1457 3080 haec

266 3142 391 3208 quoque
437 3122 642 3188 Lelrrsianam
685 3126 895 3188 mutationem
942 3120 1169 3190 admitterent?
1213 3121 1328 3205 Itaque
1363 3121 1459 3188 rerba

266 3231 332 3295 iam
367 3229 406 3296 ab
442 3234 528 3296 omni
565 3229 712 3296 mutandi
747 3234 909 3318 conamine
940 3235 1012 3296 tuta
1042 3233 1076 3297 in
1108 3236 1269 3316 posterum
1295 3229 1361 3295 fore
1384 3249 1456 3294 con·

265 3333 337 3401 fido.
384 3335 427 3402 aa
461 3357 555 3422 quam
588 3337 795 3403 enarrationis
827 3341 1065 3422 perversitatem
1098 3340 1138 3402 iis
1174 3337 1276 3403 inesse
1311 3337 1456 3403 credebat

264 3443 498 3527 Buttmannus,
534 3465 571 3510 ea
602 3443 677 3510 cedo
710 3443 814 3528 qualis
845 3441 913 3530 est?
944 3443 1022 3509 Post
1055 3443 1307 3518 descensionem,
1331 3445 1454 3530 inquit,

177 3625 179 3631 k
264 3549 498 3638 Theoclymeno
530 3555 703 3640 augurium
735 3549 772 3614 de
797 3570 858 3636 quo
880 3549 1023 3637 loquitur
1047 3551 1171 3627 evenit,
1196 3571 1257 3616 non
1283 3557 1355 3616 ante
1378 3571 1453 3616 oon-

262 3677 404 3722 scansam
427 3678 552 3723 narem.
584 3656 687 3742 Atqui
711 3657 770 3722 hoc
795 3663 963 3724 eteorum
988 3664 1035 3722 est
1059 3662 1091 3723 et
1114 3679 1177 3723 non
1202 3679 1324 3724 verum.
1351 3655 1453 3722 Theo·

263 3763 430 3850 clymenus
462 3766 634 3851 augurium
660 3763 757 3842 vidit,
784 3769 816 3828 et
838 3783 918 3828 nare
942 3765 1008 3828 iam
1033 3763 1071 3829 ad
1096 3763 1242 3831 Ithacam
1266 3763 1399 3851 appulsa
1421 3770 1455 3826 et

264 3869 317 3936 vel
353 3873 398 3936 sio
433 3876 539 3936 tamen
574 3881 644 3934 unte
681 3892 864 3934 conscensum
906 3893 1017 3934 ocrem.
1065 3869 1151 3936 Mira
1188 3892 1314 3937 narrare
1350 3868 1455 3936 videor

264 3997 435 4063 secumque
465 3979 660 4065 pugnantia,
693 3977 732 4043 ad
763 3998 842 4062 quae
875 3977 1035 4062 probanda
1066 3960 1172 4044 tamen
1197 3980 1367 4065 adipsum
1389 3975 1455 4043 Ho-

264 4105 388 4148 merum
419 4103 570 4170 provooo‚
602 4083 642 4148 ad
675 4103 727 4149 eos
757 4087 840 4169 ipsos
872 4104 982 4150 versus
1005 4107 1018 4149 c
1044 4083 1108 4150 525
1132 4106 1227 4172 seqq„
1258 4106 1336 4171 quos
1361 4085 1453 4150 Butt-

263 4209 399 4254 manuus
428 4191 468 4256 ad
498 4190 692 4256 contrarium
723 4191 920 4275 probandum
953 4193 1119 4269 excitavit„
1165 4192 1244 4273 Quis
1276 4194 1362 4258 enim
1387 4189 1454 4256 illic

261 4298 454 4381 conspicitur
475 4295 663 4362 narrationis
687 4293 797 4362 tenor?
832 4297 933 4364 Navis
957 4307 1095 4384 quaeat
1117 4298 1347 4366 Telemachum
1373 4301 1451 4363 eius·

260 4422 322 4486 que
356 4406 488 4470 comites
519 4409 552 4469 et
580 4400 859 4496 Theonlymenum
889 4405 1026 4471 vehebat
1060 4406 1235 4494 appellitur
1265 4405 1303 4472 ad
1328 4406 1452 4472 Ithacae

261 4509 378 4573 inczrlcc
408 4529 495 4575 oram
519 4528 615 4598 propa
640 4528 712 4573 eam
737 4511 806 4596 agri
831 4525 974 4596 partem,
1000 4514 1052 4578 ubi
1076 4513 1238 4580 Eumaeus
1263 4513 1400 4601 degebat
1422 4517 1452 4576 et
