3318 5138
765 331 809 398 83

185 530 264 602 μιῶν
292 522 410 604 νρῶφει
443 524 539 597 αὐτὴν
571 521 655 598 μετοϊ
688 525 741 586 τοῦ
775 522 802 598 ι’,
835 523 873 589 ἵν’
905 522 922 604 ᾖ
956 523 1090 604 δευτέρον
1115 524 1271 602 προσώπου
1296 515 1380 584 κοιτῶ

185 631 374 708 συνοιϊοεπιν·
398 633 474 695 ἁλλ’
499 631 552 694 οὐκ
575 628 641 692 ἔστι
666 629 740 694 ποτὲ
769 633 855 710 aaut
883 633 925 712 τῷ
950 641 1058 712 ποιητῇ
1079 633 1184 709 γενικὴ
1206 629 1256 694 sai
1278 629 1379 701 δοτικὴ

186 739 318 824 (deicit
352 739 425 821 ins.)
462 739 506 812 μὴ
544 737 742 816 εἰιφιονοῦοοι·
778 739 820 801 τὸ
852 739 929 816 yda
962 739 1102 816 λέγειν
1139 737 1204 800 κοιϊ
1240 735 1380 812 ὤμοιϊν

186 845 255 909 xci
287 846 443 909 ποδοῖϊν
475 843 586 919 μετὰ
610 865 677 908 τον
701 837 849 920 {atyn
875 845 1157 922 διτνλλῶβωι·
1182 844 1323 939 ε’πῖτνδες
1349 844 1379 909 δὲ

186 954 394 1032 ’Λρῖοτοιρχος
431 951 635 1028 ἀθετουμένων
670 957 728 1014 τῶν
763 953 880 1030 στίχων
917 953 969 1015 exi
1002 951 1075 1016 οϊνεν
1103 957 1156 1016 ποῦ
1178 949 1295 1016 ιἐϊοοοε
1324 953 1378 1025 τὴν

187 1060 332 1138 γραφήν,
359 1057 408 1122 ϊνοι
432 1059 484 1121 νοοῖ
510 1062 598 1123 τοῦτο
622 1057 695 1136 πρὸς
720 1058 775 1130 τὴν
798 1059 941 1131 ὤῶἑτνπιν
965 1057 1128 1138 accedas.
1176 1059 1378 1124 Inserendum

187 1166 274 1230 mihi
308 1165 410 1230 videri
443 1165 528 1237 δυϊκϊι
559 1169 629 1249 post
663 1165 778 1248 γενικὴ,
803 1165 854 1228 nai
887 1165 987 1238 δοτική
1019 1168 1082 1230 iam
1106 1163 1299 1252 significavi,
1322 1187 1380 1232 nee

187 1291 246 1334 cur
277 1271 335 1336 hoo
365 1274 576 1336 necessarium
607 1273 790 1336 existimem
822 1291 1012 1356 quemquam
1036 1270 1135 1336 latere
1158 1279 1270 1357 potest.
1318 1271 1381 1338 Sed

186 1378 260 1443 leve
284 1379 343 1443 hoe
367 1384 414 1444 est
438 1399 512 1464 prae
535 1380 670 1442 immani
696 1380 794 1455 vitio,
820 1379 903 1462 quod
928 1381 1089 1462 sequentia
1112 1384 1254 1464 occupat.
1296 1379 1380 1444 Nam

186 1485 286 1568 quid,
317 1504 450 1569 quaese,
475 1490 538 1549 est:
564 1487 598 1549 πὸ
623 1486 687 1562 γὰρ
710 1483 852 1560 λέγειν
877 1483 929 1547 κιο)
955 1486 1056 1560 ὤμοιϊν
1081 1487 1132 1548 κοῶ
1154 1485 1271 1548 ποδοῖϊν
1295 1487 1379 1563 μεπῶ

187 1595 244 1654 τοῦ
269 1593 281 1655 ι’
308 1591 426 1666 λέγει
450 1591 674 1666 διονλλοῖβωςῖ
699 1589 744 1656 Ut
768 1597 889 1656 taceam
913 1594 1074 1656 neminem
1098 1592 1190 1657 facile
1218 1592 1380 1657 dicturum

188 1697 267 1782 quid
291 1701 333 1762 sit
356 1697 391 1761 τὸ
416 1699 520 1774 λέγειν
544 1721 573 1760 τι
599 1697 706 1775 λέγει,
732 1698 815 1762 unde
840 1697 967 1762 tandem
992 1705 1024 1762 et
1048 1719 1104 1763 eur
1127 1699 1226 1774 ὤμοιϊν
1251 1699 1303 1764 xci
1329 1723 1381 1763 πο-

187 1805 269 1868 δοῖϊν
293 1803 356 1870 huo
379 1804 491 1890 pedem
510 1801 706 1868 intulerunt?
725 1825 805 1887 qnae
827 1810 911 1869 uerte
934 1825 996 1870 non
1019 1811 1094 1870 sunt
1114 1806 1306 1883 δισύλλαβοι,
1325 1827 1382 1872 neo

187 1911 229 1975 de
260 1912 311 1976 his
341 1911 452 1976 formis
484 1932 568 1976 nune
603 1931 706 1975 sermo
733 1918 797 1987 est,
824 1911 878 1976 sed
902 1911 940 1976 de
965 1916 1051 1992 πολεῖν
1075 1913 1316 1990 μονοοολλῶβως
1341 1935 1380 1978 an

188 2020 294 2098 σφῶϊν
323 2017 520 2096 δισυλλάβως
544 2020 577 2081 in
602 2016 745 2081 Homero
769 2018 890 2102 positis.
941 2016 1002 2082 Sed
1028 2027 1064 2083 ut
1088 2021 1233 2084 cumbis
1256 2041 1382 2106 compo·

187 2135 308 2188 uantur
339 2123 436 2189 allata
470 2130 554 2189 sunt.
586 2125 708 2198 Audio,
742 2122 796 2187 sed
828 2128 873 2188 sic
905 2145 1005 2209 neque
1039 2126 1072 2189 id
1095 2147 1231 2210 quocum
1256 2147 1380 2212 comps·

187 2234 275 2296 ratio
305 2229 341 2294 fit
365 2239 396 2296 et
420 2233 511 2296 ouius
536 2251 630 2296 cause
652 2232 800 2293 instituta
824 2237 888 2312 est,
913 2237 996 2295 recte
1020 2231 1126 2296 abesse
1150 2239 1270 2318 potest,
1294 2255 1381 2317 prae-

188 2338 303 2401 sertim
334 2359 409 2401 oum
440 2339 473 2400 in
503 2338 543 2401 iis
567 2358 646 2422 quae
669 2339 813 2421 proxime
837 2337 1026 2402 antecedunt
1047 2359 1086 2402 ne
1109 2339 1228 2404 mentio
1251 2341 1381 2424 quidem

188 2447 263 2509 eins
297 2447 339 2508 eit
373 2444 472 2520 facta,
505 2465 562 2510 neo
597 2444 695 2508 dictio
730 2443 764 2507 τὸ
799 2444 861 2521 γὰρ
897 2441 1001 2519 λέγειν
1033 2449 1103 2508 tum
1135 2445 1212 2510 bene
1240 2447 1379 2511 haberet.

188 2549 300 2615 Huius
333 2554 418 2616 enim
451 2558 520 2615 tum
551 2571 627 2616 usus
659 2557 722 2626 est,
757 2569 830 2614 cum
857 2571 893 2614 ea
926 2570 1005 2634 quae
1028 2550 1087 2614 hoc
1113 2552 1204 2616 modo
1227 2554 1381 2638 incipiant

188 2657 232 2721 ad
257 2657 473 2722 antecedentia
496 2679 555 2721 ποιι
575 2661 748 2751 pertinere,
770 2661 826 2720 aut
846 2664 1049 2742 praeceptum
1069 2658 1101 2720 in
1123 2659 1381 2724 antecedentibus

188 2763 348 2828 traditum
379 2787 438 2827 noa
460 2765 623 2828 convellere
646 2763 883 2828 contendantur.
908 2763 956 2827 lta
980 2767 1010 2826 in
1035 2765 1123 2827 exitu
1148 2763 1237 2850 longi
1261 2764 1381 2831 Scholii

188 2871 405 2956 Porphyriaui
436 2872 476 2936 ad
500 2895 537 2948 οι,
563 2869 646 2946 284,
670 2869 708 2934 de
733 2890 794 2954 qno
818 2889 912 2954 supra
935 2868 1049 2934 multis
1073 2871 1216 2956 egimus,
1245 2870 1378 2937 dieitur:

187 2978 234 3042 τὸ
268 2977 347 3054 γὰρ
379 2977 530 3054 nerent
556 2975 620 3048 ἔτι,
646 2975 692 3040 ϊνοι
720 2976 835 3057 ἐντύχῃ
859 2977 901 3054 τῷ
926 2977 1021 3055 ποοτρῖ
1047 2977 1130 3039 κοιτῶ
1155 2977 1226 3047 τοὺς
1249 2977 1380 3062 ἀγρούς,

188 3085 244 3150 aa
277 3089 365 3148 τοῦτο
398 3083 490 3147 αὐτὸν
523 3088 539 3158 ἡ
574 3083 689 3157 'Adonai
720 3084 919 3158 ὤποδνμῆοοι
949 3083 1116 3166 πεποίηκε,
1145 3083 1266 3161 ψεῦδος.
1312 3085 1383 3172 Ego

189 3189 319 3256 nullam
356 3190 451 3255 aliam
488 3193 575 3255 viam
608 3193 654 3255 rei
687 3189 897 3275 expediendae
928 3189 1039 3272 video,
1072 3189 1133 3253 nisi
1157 3195 1194 3254 ut
1217 3190 1382 3256 audaciore

190 3299 374 3362 mutatione
409 3299 582 3362 scribatur:
620 3331 673 3346 --
696 3295 774 3361 ἀλλ’
811 3298 862 3361 οὐκ
895 3294 960 3360 ἔστι
991 3297 1064 3360 ποτὲ
1095 3297 1182 3374 ποιρῶ
1204 3301 1246 3376 τῷ
1272 3307 1382 3380 ποιητῇ

189 3407 302 3483 γενικὴ
335 3404 387 3467 καῖ
421 3404 523 3478 δοτικὴ
555 3405 696 3486 (δνϊκϊι)
720 3407 764 3480 μὴ
789 3405 985 3482 ἐκφωνοῡοοι·
1012 3405 1045 3466 τὸ
1071 3402 1133 3480 γὰρ
1158 3405 1286 3482 σφῶϊν
1311 3405 1383 3489 (ὤς)

191 3512 260 3575 καῖ
296 3512 397 3586 ὤμοιϊν
429 3512 480 3574 sai
512 3512 628 3576 ποδοῖϊν
665 3510 749 3585 μετῶ
780 3515 832 3574 τοῦ
865 3507 882 3573 ι’
907 3510 993 3585 λέγει
1025 3509 1234 3584 δισυλλάβως.
1283 3509 1385 3576 Locus

190 3617 356 3703 Apollonii
375 3618 406 3681 ἕν
427 3619 468 3698 τῷ
489 3619 555 3697 περϊ
577 3620 771 3691 coruscasse
793 3617 825 3702 ν’-
839 3617 928 3700 μϊοις)
950 3617 1063 3680 itidem
1085 3616 1154 3681 leve
1174 3619 1293 3681 vitium
1312 3636 1385 3682 eon·

191 3727 288 3810 oepit.
315 3725 373 3789 lost
395 3747 425 3811 p.
453 3723 518 3790 370
543 3723 655 3788 Besa:
679 3728 794 3787 ποιοῖντο
818 3724 844 3787 δ’
868 3717 901 3793 ἦν
922 3723 957 3786 τὸ
968 3723 1031 3812 1,οῶ
1053 3723 1116 3802 γὰρ
1136 3724 1222 3801 σφῷν
1241 3746 1280 3801 γε
1298 3721 1384 3799 γένος

191 3832 343 3898 ὤπῶλωλε
387 3831 532 3906 conduc?
568 3827 639 3908 ϊπεο
676 3830 771 3895 ἐδόκει
808 3829 1004 3906 ἐπίμεμπτον
1040 3825 1116 3893 εϊνοιι
1160 3831 1205 3901 ὤς
1248 3829 1383 3907 τρίτον

191 3939 474 4011 πληθυντικὸν
511 3937 610 4018 dizo
646 3930 1056 4021 τοῦῖγροιφῶμενον,
1087 3940 1141 3999 τοῦ
1172 3935 1266 4011 λόγον
1289 3939 1384 4000 ὤποιι-

191 4049 317 4118 τοῖινπος
343 4044 496 4122 δεύτερον·
522 4044 593 4122 πρὸς
619 4044 681 4121 γὰρ
706 4042 837 4114 αὐτούς,
861 4044 893 4106 οὐ
920 4041 986 4118 περὶ
1013 4042 1123 4105 οιῶπῶν.
1170 4041 1293 4106 Ultima
1312 4049 1385 4107 sunt

192 4177 233 4218 ex
275 4153 443 4216 verissima
478 4151 617 4216 Nauekii
655 4150 873 4215 emendatione
910 4149 1018 4232 (Arist.
1055 4147 1133 4234 Byz.
1167 4169 1196 4234 p.
1235 4147 1292 4228 23)
1329 4171 1385 4234 pro

192 4261 314 4326 codicis
347 4258 498 4324 lectione:
532 4257 602 4336 πρὸς
633 4258 696 4334 γὰρ
721 4257 831 4327 αὐτοὺς
857 4255 950 4334 ὑπὲρ
974 4256 1083 4319 αὐτῶν.
1131 4253 1193 4320 Sed
1216 4276 1278 4321 non
1300 4263 1386 4322 recte

195 4371 320 4433 dietum
348 4367 430 4430 mihi
454 4369 597 4430 videtur:
623 4363 716 4428 ἐδόκει
741 4365 938 4440 ἐπίμεμπτον
962 4358 1039 4425 εϊνοοι
1065 4363 1102 4430 ὤς
1131 4362 1228 4439 τρίτον
1253 4367 1384 4438 πληθυν-

193 4474 279 4538 τικὸν
314 4474 392 4554 dixu
416 4478 469 4536 τοῦ
494 4471 738 4554 ι’μροοφῶμενον,
763 4470 846 4554 quod
870 4467 951 4533 nihil
975 4465 1152 4554 significare
1174 4476 1277 4553 potest
1300 4471 1386 4536 aliud
